4287 6313
220 1423 536 1489 Exemplum.

308 2229 447 2293 Quid

247 2295 317 2347 sit
348 2298 536 2347 causa?

253 2789 511 2843 Institutio

275 2867 505 2920 praesens

341 2915 430 2966 dat

220 2997 329 3031 8880
354 2994 539 3030 0811888.

237 3473 527 3538 Responde-

340 3541 425 3587 tur

355 3601 419 3649 ad

228 3664 523 3717 instantiam

351 3731 415 3780 de

260 3791 515 3844 creatione

276 3855 462 3922 Angeli
475 3893 488 3906 .

348 4840 433 4892 82.

557 421 671 486 186
1756 423 1898 486 [ΑΒ.
1934 425 2035 486 lV.
2064 420 2658 489 SENTENTtARUM

564 584 749 653 verbi
791 585 1026 673 gratia,
1053 585 1406 654 ablutionis
1430 583 1835 674 baptismalis
1865 595 1928 652 et
1959 604 2110 671 pro-

563 701 826 770 lationis
874 700 1111 773 formae
1179 704 1535 791 producere
1601 703 1920 791 gratiam,'
1999 704 2110 770 sed

565 832 817 889 tantum
862 844 1003 889 eam
1039 841 1168 888 non
1211 821 1571 909 producere
1603 821 1728 888 nisi
1770 821 1902 888 illis
1940 843 2112 908 prae-

566 937 966 1027 sumsositiffi
1023 950 1087 1005 et
1152 939 1276 1004 hoc
1344 938 1532 1004 modo
1601 934 1930 1005 institutio
2003 937 2115 1004 illa

575 1055 786 1142 magis
846 1055 1105 1142 proprie
1145 1055 1460 1121 tribueret
1507 1057 1927 1121 Sacramento
1978 1076 2112 1119 esse

575 1170 965 1237 conditionis
998 1170 1140 1236 sine
1170 1190 1295 1257 qua
1331 1190 1482 1247 non,
1513 1190 1707 1258 quam
1750 1190 1927 1237 verae
1963 1190 2113 1234 cau-

572 1308 689 1353 sae.

659 1401 1045 1488 Exemplum
1086 1416 1185 1471 est
1217 1404 1280 1469 in
1330 1423 1653 1470 consensu
1705 1403 1905 1469 adulti
1940 1425 2115 1491 prae-

573 1519 890 1608 requisito
948 1520 1027 1586 ad
1080 1520 1514 1607 receptionem
1582 1520 1919 1606 Baptismi,
2003 1521 2114 1607 qui

571 1636 722 1701 licet
762 1656 1020 1722 semper
1080 1635 1545 1723 praeexigatur,
1604 1658 1730 1702 non
1775 1649 1873 1703 est
1920 1658 2115 1704 causa

573 1774 686 1840 per
723 1774 794 1818 se
824 1754 1081 1840 gratiae,
1119 1752 1230 1819 sed
1265 1753 1551 1819 conditio
1590 1754 1784 1820 etiam
1818 1776 1899 1820 ex
1929 1754 2114 1821 insti-

570 1868 821 1934 tutione
886 1867 1126 1935 divina.
1188 1871 1267 1933 Et
1334 1869 1497 1934 ratio
1555 1879 1676 1946 est,
1745 1870 1899 1956 quia
1966 1870 2117 1937 licet

572 1987 1101 2074 praerequiratur,
1131 2007 1261 2052 non
1292 1998 1509 2054 tamen
1534 1987 1729 2054 habet
1758 1986 2112 2054 efficaciam

573 2102 893 2170 inferendi
936 2103 1221 2172 effectus

660 2219 957 2286 Secundo
1038 2217 1229 2285 modo
1307 2219 1630 2286 institutio
1716 2222 2114 2287 Sacramenti

572 2346 763 2421 prout
793 2334 1115 2421 contingit
1162 2334 1240 2400 de
1273 2335 1460 2415 fact0,
1515 2348 1636 2414 est,
1677 2316 1741 2400 et
1769 2335 1964 2402 habet
2005 2358 2116 2402 vo-

574 2450 888 2518 luntatem
924 2449 1415 2517 determinatam
1479 2462 1542 2517 et
1582 2449 1909 2518 efficacem
1969 2475 2115 2540 pro·

573 2567 888 2635 ducendae
918 2569 1150 2655 gratiae
1181 2589 1527 2647 annexam,
1556 2582 1873 2655 quantum
1907 2581 2004 2637 est
2036 2592 2118 2637 ex

576 2698 804 2752 natura
886 2684 1343 2766 institutioniS,
1440 2696 1504 2750 et
1575 2685 2119 2753 determinatione

574 2825 792 2872 causae
840 2804 1257 2891 principalis3
1312 2815 1376 2870 et
1433 2804 1526 2870 sic
1566 2824 1694 2869 non
1753 2804 1964 2872 solum
2020 2817 2119 2871 est

575 2920 881 3000 conditi0,
930 2921 1040 2986 sed
1093 2920 1342 2987 ratione
1389 2920 1539 2986 talis
1589 2932 1651 2987 et
1687 2920 2115 2988 institutionis

573 3039 817 3105 virtute
855 3039 1143 3103 continet
1172 3037 1499 3116 effectum,
1546 3051 1858 3124 quantum
1899 3049 2110 3105 estex

574 3178 668 3237 se,
732 3168 795 3222 et
871 3154 1154 3242 positum
1244 3154 1307 3221 in
1397 3154 1611 3221 debita
1681 3154 2111 3243 applicatione

577 3271 758 3338 illum
794 3270 1012 3337 infert.

664 3391 757 3455 Ex
798 3409 925 3476 quo
967 3399 1140 3474 patet
1168 3386 1247 3453 ad
1299 3385 1672 3453 instantiam
1740 3388 1820 3454 de
1893 3387 2121 3458 creati-

575 3527 700 3573 one
730 3504 960 3592 Angeli
993 3503 1072 3569 ad
1113 3504 1498 3570 locationem
1532 3506 1727 3584 Petri,
1773 3506 1925 3593 quia
1976 3528 2117 3593 spe-

575 3623 847 3690 ctandus
897 3633 996 3688 est
1038 3620 1291 3699 modus,
1338 3642 1466 3709 quo
1510 3626 1679 3687 Deus
1721 3635 2119 3708 supponeret

575 3741 959 3807 locationem
996 3738 1165 3803 Petri
1208 3737 1286 3802 ad
1332 3737 1525 3804 talem
1566 3738 1988 3819 creationem,
2049 3752 2120 3807 ut

572 3878 762 3924 casus
794 3855 1157 3923 declaretur
1197 3855 1555 3921 secundum
1589 3854 1904 3943 principia
1937 3857 2116 3942 posi-

571 3988 658 4040 ta.
725 3972 1064 4040 Distinctio
1106 3972 1444 4059 praemissa
1486 3983 1803 4059 quantum
1872 3973 1949 4039 ad
2008 3995 2117 4040 se-

569 4090 855 4157 cundum
934 4089 1298 4155 membrum
1366 4101 1465 4156 est
1521 4088 1837 4167 DoctoriS,
1921 4092 1954 4175 ξ
2012 4090 2116 4155 Act

571 4209 994 4295 quaestionem
1022 4205 1400 4284 secundam,
1443 4203 1550 4270 ubi
1583 4203 1742 4270 dicit
1774 4205 2113 4288 veritatem

572 4323 971 4393 Sacramenti
1012 4344 1157 4390 esse
1196 4324 1536 4390 veritatem
1565 4323 1710 4410 ejus
1736 4323 2112 4408 practicam,

573 4464 688 4512 seu
747 4440 1269 4510 conformitatem
1326 4440 1402 4507 ad
1464 4439 1832 4528 signatum;
1897 4453 1960 4506 et
2020 4461 2115 4505 re-

575 4561 929 4648 sponsione
1022 4558 1102 4625 ad
1206 4558 1489 4646 primum
1580 4570 1644 4624 et
1729 4556 2111 4639 secundum,

578 4676 846 4743 ibidem.

669 4794 742 4884 (l)
828 4791 932 4859 Ad
1013 4793 1418 4859 intellectum
1489 4793 1709 4876 huju-3,
1778 4789 2120 4856 sciendum

580 4913 754 5000 quod
794 4912 1327 4989 instrumentum,
1405 4919 1526 4975 ete.
1583 4910 1696 4973 Hic
1737 4911 1969 4974 Doctor
2009 4927 2119 4972 va-

580 5028 708 5096 rias
794 5026 1201 5114 acceptiones
1304 5020 1722 5091 instrumenti
1797 5023 2117 5110 assignat,

578 5144 814 5213 deinde
845 5142 1188 5232 subjungit
1220 5140 1491 5209 dubium
1550 5141 1632 5207 de
1689 5140 2123 5207 instrumento

580 5265 764 5344 artiS,
817 5284 898 5329 an
952 5262 1035 5328 sit
1067 5259 1379 5326 activum.
1444 5259 1643 5346 Cujus
1684 5257 1977 5344 probatio
2021 5267 2124 5324 est

578 5381 749 5446 clara
780 5399 859 5445 ex
889 5377 1128 5454 littera,
1156 5374 1307 5462 quia
1340 5394 1552 5461 neque
1582 5371 1875 5451 duritieS,
1914 5392 2124 5459 neque

585 5509 815 5585 forma,
895 5514 1005 5569 aut
1066 5501 1275 5588 figura
1326 5499 1742 5567 instrumenti
1801 5495 2122 5565 artificiati

595 5644 746 5701 sunt
821 5629 1055 5699 activa.
1122 5625 1364 5695 Deinde
1436 5620 1981 5694 accommodando
2046 5618 2125 5687 ad

2232 584 2664 671 propositum,
2700 587 2980 675 explicat
3025 587 3350 676 quomodo
3390 588 3770 652 Sacramen-

2227 713 2366 767 tum
2426 703 2510 769 sit
2560 704 3070 773 instrumentum
3138 705 3262 771 hoc
3330 705 3544 785 mod0,
3623 703 3775 771 licet

2227 839 2357 883 non
2391 831 2542 906 agat
2594 812 2885 908 physice,
2936 823 3046 889 sed
3103 820 3639 909 praesupponitur
3694 819 3772 884 ad

2227 934 2505 1022 gratiam
2567 936 2629 1001 in
2692 958 2811 1003 suo
2868 959 3001 1004 esse
3066 936 3341 1025 physico
3403 947 3465 1002 et
3516 934 3765 1014 morali,

2228 1063 2537 1139 tanquam
2570 1052 2843 1119 effectus
2894 1054 3093 1139 prior,
3140 1066 3211 1120 ut
3250 1052 3555 1140 provenit
3584 1072 3619 1117 a
3658 1072 3772 1117 vo·

2226 1167 2473 1234 luntate
2528 1168 2752 1235 divina
2809 1168 3215 1250 instituente,
3270 1180 3334 1236 et
3384 1190 3417 1233 a
3472 1167 3773 1234 ministro

2227 1284 2629 1371 applicante;
2676 1306 2751 1352 ex
2810 1306 2938 1372 quo
3000 1296 3175 1371 patet
3233 1284 3311 1352 ad
3363 1284 3545 1365 illud,
3598 1283 3771 1372 quod

2228 1404 2464 1468 Suarez
2494 1401 2801 1489 deinceps
2830 1404 3102 1489 opponit
3132 1424 3211 1470 ex
3252 1415 3482 1470 natura
3535 1402 3772 1470 instru-

2228 1520 2456 1596 menti,
2491 1519 2661 1607 quod
2694 1520 2885 1587 debet
2914 1542 3063 1588 esse
3090 1521 3405 1603 activum,
3441 1521 3565 1589 hoc
3596 1521 3772 1588 enim

2230 1647 2528 1721 negatur,
2611 1636 2936 1724 loquendo
3012 1637 3092 1705 de
3158 1637 3413 1704 actione
3479 1635 3771 1724 physica.

2199 1751 2438 1819 ‘Minus
2505 1765 2698 1840 urget
2765 1755 2935 1842 quod
3010 1755 3228 1840 arguit
3317 1754 3488 1820 idem
3549 1760 3773 1822 auctor

2229 1868 2413 1955 quasi
2456 1869 2532 1936 ad
2586 1868 2919 1935 hominem
2973 1869 3163 1950 male,
3217 1872 3480 1936 Scotum
3530 1889 3773 1956 negare

2226 1986 2361 2053 dari
2399 2007 2595 2073 posse
2626 1986 3134 2053 instrumentum
3186 1997 3488 2073 respectu
3534 1985 3772 2053 creati-

2229 2102 2399 2183 onis,
2462 2113 2573 2169 aut
2613 2102 2875 2168 termini
2925 2104 3094 2189 ejuS,
3140 2101 3197 2169 si
3260 2103 3770 2168 instrumentum

2230 2240 2358 2286 non
2412 2230 2512 2286 est
2567 2218 2879 2286 activum.
2950 2219 3431 2306 Respondetur,
3503 2220 3767 2287 Scotum

2230 2352 2357 2398 non
2416 2352 2658 2417 negare
2714 2330 2851 2397 dari
2928 2330 3440 2398 instrumentum
3501 2332 3766 2412 morale,

2229 2448 2376 2537 quia
2421 2448 2483 2515 id
2544 2448 2843 2516 concedit
2898 2447 2980 2523 de
3018 2451 3461 2529 SacramentO,
3515 2449 3628 2515 sed
3662 2469 3769 2516 ne-

2228 2579 2342 2655 gat
2380 2567 2518 2634 dari
2572 2568 3082 2635 instrumentum
3124 2591 3204 2636 ex
3248 2580 3474 2636 natura
3506 2566 3597 2636 rei
3640 2570 3770 2638 dis-

2230 2686 2610 2773 positivum,
2702 2697 2812 2751 aut
2913 2686 3082 2772 quod
3170 2699 3342 2754 certe
3421 2688 3772 2775 attingeret

2233 2802 2445 2889 ipsum
2479 2801 2779 2867 effectum
2815 2803 3188 2870 creationis

2318 2917 2495 2983 Circa
2531 2917 2705 2984 illam
2741 2920 3249 3005 propositionem
3284 2922 3614 2989 Doctoris:
3650 2923 3772 2989 Ubi
3907 2947 3993 2999 83.

2231 3047 2322 3100 esc
2369 3037 2686 3121 formalis
2733 3039 3358 3125 incompossibilitas
3397 3042 3467 3106 in
3516 3052 3767 3106 creatu·

2229 3175 2332 3232 ra,
2379 3176 2583 3219 unum
2613 3154 2883 3221 illorum
2918 3178 3051 3222 non
3083 3158 3360 3243 empellit
3389 3158 3581 3224 aliud
3608 3161 3768 3226 acti-

2231 3290 2329 3348 ve,
2403 3270 2519 3335 sed
2578 3282 2834 3336 tantum
2863 3273 3269 3356 formaliter,
3311 3283 3440 3340 etc.
3503 3277 3769 3340 Contro-

2230 3384 2444 3451 versia
2477 3397 2575 3452 est
2625 3385 3104 3472 philosophica,
3155 3387 3416 3474 quidam
3470 3389 3644 3454 enim
3678 3389 3768 3453 di-

2228 3512 2385 3566 cunt
2424 3504 2634 3568 active
2681 3501 2919 3570 formas
2957 3503 3317 3569 contrarias
3348 3524 3418 3569 se
3447 3503 3770 3590 expellere

2229 3620 2612 3704 asubJecto,
2650 3618 2760 3684 sed
2794 3619 3028 3685 melius
3088 3623 3340 3700 Doctor,
3414 3620 3564 3706 quia
3641 3640 3763 3685 una
3857 3657 4060 3705 Formae

2231 3734 2437 3800 forma
2480 3755 2607 3799 non
2646 3735 2910 3820 expellit
2950 3735 3167 3814 aliam,
3205 3736 3328 3802 nisi
3378 3748 3640 3824 propter
3671 3738 3763 3802 in·
3819 3716 4101 3771 contrariae

2229 3849 2827 3934 compatibilitatem
2873 3850 2938 3914 in
2971 3850 3196 3916 eodem
3257 3852 3576 3939 subjecto,
3640 3872 3767 3940 qua
3812 3803 4108 3899 s0‘mffi‘1oe1·

2230 3964 2596 4052 subjectum
2673 3976 2793 4044 est,
2867 3965 3011 4031 ideo
3066 3967 3479 4052 specificatur
3543 3990 3766 4035 eorum
3807 3912 4100 3977 expellunt.

2230 4083 2556 4168 oppositio
2597 4083 2663 4149 in
2696 4081 2925 4149 ordine
2957 4082 3035 4148 ad
3077 4084 3443 4170 subjectum
3477 4107 3770 4152 commu-

2229 4220 2334 4265 ne.
2389 4199 2568 4265 Sicut
2616 4220 2775 4286 ergo
2827 4198 3079 4279 formae,
3135 4220 3261 4286 qua
3312 4200 3542 4268 formae
3589 4213 3766 4282 sunt,

2231 4327 2692 4404 comparantur
2758 4316 2835 4383 ad
2894 4318 3265 4406 subjectum
3327 4341 3442 4407 per
3509 4322 3772 4389 modum

2230 4445 2414 4499 actus
2445 4432 2523 4499 ad
2559 4432 2940 4519 potentiam,
2977 4432 3073 4498 sic
3121 4433 3293 4520 quod
3352 4434 3482 4500 illis
3512 4456 3774 4523 compe-

2229 4550 2307 4616 tit
2339 4550 2401 4615 in
2445 4548 2674 4615 ordine
2704 4548 2781 4614 ad
2823 4548 3213 4634 subjectum,
3258 4552 3569 4637 competit
3610 4551 3773 4638 ipsis

2233 4677 2555 4755 quatenus
2586 4676 2739 4731 sunt
2779 4664 3008 4731 formae
3047 4677 3109 4732 et
3149 4677 3332 4734 actus
3364 4667 3665 4754 subjecti,
3701 4689 3775 4735 ac

2235 4780 2505 4868 proinde
2562 4780 2942 4862 formaliter,
3026 4792 3089 4849 et
3151 4782 3244 4848 sic
3306 4783 3498 4850 etiam
3556 4784 3775 4853 omnis

2233 4898 2353 4964 alia
2431 4897 2757 4984 oppositio
2836 4897 3191 4964 attenditur
3259 4898 3639 4979 formaliter,
3706 4913 3776 4968 ut

2238 5013 2578 5102 privativa,
2624 5013 3144 5093 contradictoria,
3182 5028 3245 5082 et
3275 5014 3470 5082 etiam
3504 5016 3773 5088 relativa

2234 5152 2353 5197 suo
2384 5132 2598 5198 modo,

2324 5250 2511 5317 Aliud
2542 5269 2701 5336 ergo
2732 5259 2832 5315 cst
2865 5249 3280 5319 considerare
3323 5257 3493 5322 hanc
3515 5327 3529 5341 ,
3551 5257 3778 5343 expul-

2235 5380 2514 5459 sionem,
2564 5391 2633 5447 ut
2672 5378 3003 5446 reducitur
3057 5377 3137 5443 ad
3189 5398 3395 5464 agens
3454 5376 3780 5443 mediante

2236 5502 2464 5580 forma,
2513 5513 2583 5566 ut
2629 5520 2749 5567 suo
2778 5498 3032 5574 effectu,
3077 5517 3202 5583 qua
3243 5494 3340 5562 sic
3376 5497 3457 5563 ab
3498 5496 3638 5582 ipso
3676 5507 3776 5562 est

2242 5618 2565 5687 mediante
2596 5617 2850 5684 actione
2887 5627 2952 5685 et
2983 5614 3263 5699 termino
3302 5614 3471 5702 ejus,
3515 5633 3590 5680 ac
3628 5633 3772 5701 pro-
