4287 6313
205 1448 519 1502 Ambrosius.

314 5059 400 5111 86.

220 5120 502 5189 Augustin.

550 348 662 416 190

552 513 1105 596 Sacramentum;
1140 536 1284 582 rem
1317 536 1470 582 vero
1502 514 1923 581 Sat-rumenti
1956 513 2107 601 Spi-

547 634 723 698 ritus
759 643 1028 698 sanctus
1084 633 1338 716 format
1392 643 1453 697 et
1491 632 1725 716 efficit,
1777 640 1837 695 et
1892 651 2114 695 conse·

545 746 957 813 erationibus
1023 747 1417 825 visibilibus,
1470 746 1907 812 invisibiliter
1972 765 2110 809 ma-

546 885 707 929 num
767 865 964 930 totius
1024 875 1255 930 auctor
1311 864 1627 929 bonitatis
1679 864 1985 949 apponit,
2052 873 2113 927 et

550 980 1042 1066 plenitudinem
1123 982 1364 1067 qratice
1438 980 1775 1045 unctionis
1857 979 2110 1045 divince

542 1094 883 1180 pinquedo
965 1094 1607 1177 sanctificationibus
1701 1094 2111 1179 officialibus

554 1210 889 1296 infundit,
937 1221 999 1276 et
1038 1232 1180 1277 rem
1219 1213 1641 1277 Sacramenti
1691 1221 2110 1293 ,consummat

552 1336 613 1390 et
700 1326 990 1411 perlicit,
1068 1337 1191 1393 etc.
1274 1412 1278 1416 Α

643 1442 1029 1509 Ambrosius
1110 1444 1223 1509 lib.
1320 1449 1377 1508 1.
1462 1443 1544 1508 de
1623 1445 2098 1521 Sacramentis,

558 1578 704 1644 cap.
741 1562 805 1625 3.
851 1558 1234 1624 discernens
1282 1559 1452 1627 inter
1490 1580 1561 1624 ea
1603 1581 1751 1646 quae
1792 1559 2106 1625 videntur

554 1673 618 1737 in
664 1695 848 1740 sacro
899 1675 1215 1760 mysterio
1251 1675 1691 1760 Baptismatis‚
1737 1687 1801 1741 et
1840 1696 1915 1741 ea
1956 1695 2106 1764 quae

551 1809 680 1855 non
724 1790 1436 1878 videntur:ln9ressus
1474 1813 1559 1869 οε,
1604 1791 1839 1878 inquit,
1869 1790 2108 1856 vidisti

547 1928 814 1992 aquam,
852 1907 1086 1972 vidisti
1134 1908 1577 1986 Sacerdotem,
1628 1908 1860 1972 vidisti
1915 1906 2106 1972 Levi-

549 2032 728 2099 tam,·
753 2022 1000 2087 etinl'ra
1037 2046 1050 2090 :
1095 2022 1355 2103 Vidisti,
1395 2045 1539 2109 quce
1571 2022 1798 2088 videre
1824 2021 2107 2108 potuisti

547 2141 754 2205 oculis
786 2143 885 2206 tui
915 2143 1234 2226 corporis,
1288 2153 1347 2207 ct
1387 2142 1700 2207 humanis
1742 2140 2100 2226 conspecti-

547 2257 685 2335 bus,
723 2278 858 2322 non
888 2258 1124 2322 vidisti
1156 2259 1276 2323 iila
1321 2279 1464 2345 quae
1508 2269 1895 2343 operantur,
1943 2258 2104 2345 quia

547 2396 682 2440 non
748 2376 1085 2454 videntur,
1168 2377 1292 2442 illa
1348 2378 1556 2442 mullo
1623 2380 1885 2464 majora
1949 2386 2104 2442 sunt

549 2512 691 2576 quw
744 2514 873 2557 non
925 2493 1236 2558 videntur
1287 2515 1485 2581 quam
1541 2515 1685 2581 quoe
1758 2492 2094 2569 videntur,

550 2610 890 2694 quoniam,
938 2632 1081 2696 quae
1115 2609 1423 2675 videntur
1465 2610 1862 2696 temporalia
1918 2619 2096 2689 sunt,

551 2743 695 2810 quce
762 2746 891 2790 non
973 2726 1287 2791 videntur
1353 2736 1623 2806 aeterna,
1689 2738 1812 2792 ete.
1864 2727 1982 2790 Per
2027 2743 2101 2790 ea

552 2854 768 2909 autem
859 2842 1098 2929 quibus
1181 2843 1415 2909 tribuit
1494 2842 1960 2930 operationem,
2037 2852 2103 2908 et

553 2979 685 3024 non
762 2958 1092 3039 videntur,
1179 2958 1484 3046 intelligit
1547 2959 1860 3046 Spiritum
1945 2979 2099 3025 san-

554 3091 729 3145 ctum
772 3080 876 3145 cui
945 3077 1174 3144 tribuit
1238 3079 1682 3168 operationem
1734 3079 1967 3166 gratiae
2036 3078 2101 3143 in

550 3195 792 3278 anima,
830 3208 897 3262 ut
933 3207 1106 3283 patet
1145 3219 1289 3282 cap.
1338 3202 1399 3264 5.
1448 3197 1556 3262 ubi
1593 3195 1850 3262 adducit
1887 3217 2101 3262 exem-

553 3311 730 3398 plum
795 3314 1082 3378 Naaman
1140 3307 1331 3400 Syri,
1367 3314 1641 3400 ejusque
1693 3311 2102 3399 purgationis

552 3427 622 3492 in
661 3427 961 3506 Iordane,
1011 3427 1307 3495 alludens
1365 3428 1442 3494 ad
1493 3449 1564 3493 ea
1615 3449 1765 3515 quae
1814 3426 2100 3494 visibilia

550 3554 704 3610 sunt
757 3542 822 3608 in
873 3545 1316 3623 SacramentO,
1355 3555 1416 3610 et
1464 3543 1588 3610 alia
1634 3564 1782 3631 quae
1823 3563 1951 3608 non
2002 3542 2098 3608 vi-

551 3659 809 3741 dentur,
847 3660 1015 3727 sicut
1065 3683 1229 3750 aqua
1268 3662 1570 3729 Iordanis
1618 3661 1737 3728 fuit
1785 3659 2094 3740 visibilis,

551 3787 615 3842 et
652 3779 963 3857 Naaman,
1018 3777 1128 3844 sed
1173 3798 1298 3843 non
1344 3779 1554 3845 virtus
1603 3779 1924 3860 sanativa,
1972 3800 2100 3866 qua

554 3892 906 3960 mundatus
967 3905 1066 3961 est
1142 3915 1177 3960 a
1236 3895 1463 3981 lepra:
1531 3895 1794 3975 Vidisti,
1860 3893 2093 3981 inquit,

558 4030 821 4096 aquam,
868 4011 984 4075 sed
1038 4032 1171 4076 non
1231 4013 1448 4076 omnis
1494 4032 1668 4098 aqua
1706 4021 1925 4090 sanat,
1986 4009 2102 4076 sed

555 4149 731 4213 aqua
760 4140 977 4205 sanat,
1015 4150 1159 4215 quce
1207 4128 1397 4193 habet
1434 4130 1725 4214 qratiam.
1797 4128 2052 4193 Christi
2074 4153 2099 4208 ,-

550 4244 744 4310 aliud
790 4255 883 4309 est
944 4245 1356 4324 elementum,
1425 4245 1617 4310 aliud
1664 4246 2092 4323 consecraIiO,

550 4359 743 4424 aliud
803 4343 987 4445 opus,
1048 4360 1240 4425 aliud
1309 4361 1651 4447 operatio;
1700 4381 1875 4446 aqua
1935 4381 2100 4446 opus

550 4484 667 4552 est,
719 4478 1021 4562 operatio
1064 4478 1364 4563 Spiritus
1413 4478 1628 4543 sancti
1674 4487 1790 4556 est,
1845 4489 1966 4543 ete.
2022 4478 2100 4542 Et

555 4591 667 4657 lib.
702 4597 765 4657 3.
820 4613 966 4679 cap.
1015 4595 1077 4657 2.
1136 4592 1292 4659 dicit
1332 4592 1405 4658 ad
1463 4592 1940 4658 invocationem
1991 4596 2101 4659 Sa-

553 4706 833 4773 cerdotis
874 4707 1128 4774 infundi
1178 4708 1492 4794 Spiritum
1539 4719 1833 4775 sanctum
1887 4709 2100 4794 bapti-

553 4836 715 4904 zat0,
752 4846 900 4912 quae
931 4825 1262 4893 invocatio
1295 4825 1373 4892 ad
1405 4847 1616 4913 genus
1637 4846 1854 4893 causae
1887 4846 2100 4892 mora-

556 4940 635 5006 lis
674 4941 1028 5010 reducitur.

645 5059 801 5122 Item
844 5056 1254 5145 Augustinus
1285 5057 1567 5143 epistola
1616 5059 1722 5124 23.
1777 5055 1867 5121 ad
1898 5056 2099 5121 Boni-

552 5175 830 5258 facium,
892 5174 1133 5240 docens
1175 5184 1507 5260 peccatum
1580 5155 1921 5260 parentum
1971 5192 2099 5236 non

555 5311 747 5370 posse
814 5312 1049 5358 nocere
1112 5289 1343 5356 infanti
1401 5289 1814 5356 offerentium
1881 5288 2099 5374 ipsum

558 5407 764 5485 idolo;
812 5429 941 5473 non
1012 5427 1268 5486 nocere,
1325 5406 1616 5493 inquam,
1662 5415 1977 5493 quantum
2020 5405 2096 5472 ad

553 5522 834 5614 culpam,
873 5535 942 5591 ut
971 5525 1081 5613 qui
1131 5523 1496 5610 baptizatus
1538 5534 1637 5592 est
1671 5534 1734 5590 et
1778 5534 2099 5609 purgatus

1728 338 1872 413 tie.
1920 351 2019 413 iv.
2069 334 2666 416 summanum

2225 512 2305 577 ab
2353 512 2683 601 originali,
2735 512 2906 600 quod
2955 513 3276 580 contraxit
3321 512 3401 579 ab
3453 508 3701 578 Adamo
3748 532 3761 576 :

2229 629 2382 695 Nisi
2426 631 2594 716 quis,
2650 630 2885 717 inquit,
2919 640 3191 696 renatus
3219 631 3431 714 fuerit
3478 649 3562 693 ex
3592 648 3766 714 aqua

2221 756 2283 810 et
2330 747 2597 832 Spiritu
2622 757 2873 825 sancto,
2930 759 3051 813 ete.
3098 749 3286 835 Aqua
3329 747 3542 834 iyitur
3572 743 3768 809 exhi-

2222 859 2374 927 bens
2410 864 2787 947 forinsecus
2835 865 3343 930 Sacramentum
3391 861 3651 951 praeite,
3706 870 3767 925 et

2217 975 2518 1062 Spiritus
2575 999 2864 1065 operans
2923 980 3323 1045 intrinsecus
3381 978 3765 1061 beneficium

2216 1096 2476 1180 matisc,
2528 1097 2788 1163 soluens
2821 1099 3156 1164 vinculum
3187 1098 3428 1183 culpae,
3469 1096 3760 1162 reconci-

2224 1211 2400 1277 lians
2430 1212 2669 1279 bonum
2691 1226 2975 1295 naturoe,
3012 1236 3411 1302 reqenerans
3432 1216 3766 1281 hominem

2224 1329 2510 1405 ChristO,
2547 1341 2670 1397 etc.
2709 1333 3214 1397 Sacramentum
3241 1333 3502 1418 qratiae,
3542 1330 3606 1396 id
3637 1341 3759 1408 est,

2216 1444 2481 1531 signum
2524 1447 2817 1529 exhibet,
2862 1469 3035 1534 aqua
3075 1446 3472 1534 forinsecus,
3517 1445 3763 1512 benefi-

2215 1560 2388 1626 cium
2427 1562 2658 1647 gratiae
2698 1574 3004 1648 operatur
3046 1563 3442 1630 intrinsecus
3474 1562 3760 1649 Spiritus

2215 1689 2504 1758 sanetuS,
2569 1690 2630 1743 et
2681 1679 2794 1745 lib.
2864 1684 2967 1745 15.
3031 1678 3114 1744 de
3160 1679 3405 1745 Trinit.
3452 1699 3600 1765 cap.
3645 1679 3755 1743 26.

2163 1817 2178 1826 ·
2223 1803 2416 1880 negat
2478 1793 2704 1862 eadem
2774 1795 3022 1861 ratione
3089 1794 3444 1884 discipulos
3521 1794 3764 1861 Christi

2217 1910 2479 1977 dedisse
2519 1912 2835 1998 Spiritum
2887 1922 3238 1979 sanctum:
3290 1913 3612 1991 Orabam,
3659 1911 3763 1977 in-

2216 2026 2386 2114 quit,
2422 2038 2493 2093 ut
2526 2030 2784 2094 veniret
2823 2030 2896 2095 in
2930 2050 3058 2109 eos,
3097 2027 3329 2115 quibus
3363 2050 3596 2094 manus
3634 2030 3766 2094 im-

2214 2143 2568 2230 ponebant.
2650 2146 2832 2223 Item,
2913 2146 3375 2230 HieronymuS,
3442 2143 3630 2209 Isaiae
3691 2147 3755 2210 4.

2214 2271 2498 2327 tractans
2538 2261 2697 2328 illud
2757 2264 2983 2329 Matth.
3030 2267 3096 2328 3.
3163 2264 3302 2348 qu
3343 2283 3454 2327 vos
3492 2261 3765 2349 baptizo

2212 2378 2289 2442 in
2352 2398 2549 2464 aqua,
2622 2390 2743 2445 ete.
2818 2380 2926 2443 Ea·
2971 2380 3111 2457 hoc,
3169 2377 3408 2464 inquit,
3469 2378 3760 2444 dicimus

2211 2492 2386 2580 quod
2432 2495 2624 2559 homo
2666 2505 2923 2562 tantum
2971 2517 3212 2583 aquam
3254 2496 3525 2578 tribuat,
3593 2498 3765 2562 Deus

2211 2621 2431 2677 autem
2468 2611 2804 2697 Spiritum
2841 2623 3166 2689 sanctum,
3217 2623 3338 2678 ete.

2299 2726 2632 2792 Accedunt
2695 2737 2760 2792 et
2809 2729 3030 2793 Patres
3084 2727 3316 2805 Graeei,
3353 2727 3761 2814 explicantes

2215 2840 2373 2907 illud
2405 2844 2672 2910 loannis
2722 2847 2785 2911 3.
2834 2845 2981 2910 Nisi
3040 2846 3186 2930 quis
3242 2856 3515 2910 renatus
3552 2848 3765 2929 fuerit

2212 2980 2296 3024 ex
2343 2981 2518 3046 aqua
2565 2971 2624 3026 et
2667 2962 2934 3047 Spiritu
2975 2972 3223 3040 sancto,
3273 2976 3396 3028 etc.
3467 2961 3762 3049 purgati-

2211 3094 2403 3140 onem
2435 3094 2470 3139 a
2503 3074 2691 3162 culpa
2716 3074 3017 3143 tribuunt
3039 3077 3341 3165 Spiritui3
3370 3092 3440 3144 et*
3462 3078 3614 3168 quia
3644 3079 3759 3144 ho-

2214 3211 2319 3255 mo
2351 3192 2754 3279 compositus
2802 3206 2901 3260 est
2940 3215 3020 3260 ex
3085 3193 3301 3260 anima
3341 3204 3406 3261 et
3461 3215 3756 3282 corpore,

2213 3327 2445 3393 aquam
2488 3307 2740 3394 corpori
2786 3309 3102 3388 sanand0‚
3159 3308 3470 3395 Spiritum
3523 3309 3762 3377 animae

2212 3424 2723 3490 accommodant.
2760 3427 3098 3510 Nyssenus
3142 3427 3214 3490 in
3248 3425 3360 3493 lib.
3404 3426 3486 3490 de
3526 3426 3764 3512 Bapti-

2209 3559 2347 3605 smo
2404 3538 2574 3605 eirca
2635 3540 2892 3607 initium
2942 3562 2956 3606 ε
3029 3543 3158 3606 Hoc
3198 3552 3440 3620 autem,
3477 3541 3754 3628 ·inquit,

2212 3655 2600 3737 beneficium
2639 3678 2770 3723 non
2803 3679 2986 3743 aqua
3028 3658 3319 3745 laryitur
3349 3656 3554 3745 (esset
3583 3659 3760 3724 enim

2213 3774 2399 3838 omni
2437 3785 2747 3839 creatura
2775 3775 3191 3861 sublimior),
3222 3774 3336 3839 sed
3369 3776 3492 3840 Dei
3516 3796 3760 3861 proece-

2207 3898 2417 3973 ptum,
2456 3899 2517 3954 et
2550 3890 2871 3976 Spiritus,
2904 3891 3017 3977 qui
3049 3891 3321 3975 mystice
3350 3891 3440 3955 ad
3463 3901 3760 3956 nostram

2215 4004 2581 4070 libertatem
2614 4007 2791 4071 venit
2822 4027 3114 4071 accessus
3129 4030 3154 4084 ,·
3202 4027 3375 4092 aqua
3410 4026 3563 4071 vero
3609 4007 3758 4071 sub-

2209 4123 2415 4186 servit
2476 4122 2566 4186 ad
2614 4122 3089 4188 ostendendam
3126 4125 3638 4210 purqationem;
3697 4135 3761 4189 et

2213 4235 2379 4302 infra
2419 4261 2432 4304 :
2472 4238 2624 4303 Nisi
2652 4240 2797 4324 quis
2829 4251 3101 4305 renatus
3130 4237 3343 4323 fuerit
3373 4260 3458 4304 ea:
3494 4261 3669 4326 aqua
3700 4250 3761 4304 et

2210 4357 2476 4441 Spiritu
2531 4370 2785 4437 sanem,
2849 4369 2971 4424 etc.
3023 4360 3243 4434 Quare
3298 4359 3454 4425 bina
3515 4359 3660 4437 illa,
3699 4368 3761 4424 et

2210 4493 2346 4538 non
2395 4473 2572 4538 solus
2619 4474 2917 4558 Sg‘1iritus
2954 4476 3298 4559 sufficiens
3339 4478 3759 4541 eaeae'stimatus

2210 4598 2304 4652 cst
2377 4588 2467 4654 ad
2533 4590 3032 4675 completionem
3110 4591 3578 4676 baptismalis?
3625 4595 3755 4658 Re-

2211 4704 2521 4792 spondet:
2555 4707 2969 4792 Compositus
2999 4718 3091 4774 est
3113 4709 3325 4787 homo,
3354 4720 3415 4773 et
3443 4730 3580 4775 non
3598 4712 3756 4776 sim·

2205 4823 2369 4907 pleat
2397 4832 2468 4887 ut
2496 4834 2672 4888 certo
2709 4825 2972 4902 scimus,
3011 4834 3204 4911 atque
3238 4824 3492 4891 idcirco
3525 4826 3756 4913 dupli-

2210 4938 2273 5003 ci
2328 4941 2801 5026 conjunctoque
2857 4949 3138 5025 coqnata
3202 4942 3585 5029 similiaque
3632 4944 3756 5009 eie·

2211 5063 2432 5118 menta
2491 5054 2582 5119 ad
2646 5056 3054 5120 curationem
3122 5054 3480 5133 destinata,
3564 5069 3760 5145 atque

2211 5167 2533 5234 attributa
2561 5179 2716 5234 sunt
2735 5193 2759 5248 ,·
2801 5170 3067 5255 corpori
3104 5169 3367 5255 quidem
3409 5171 3583 5257 quod
3631 5196 3753 5260 ap-

2206 5296 2422 5373 paret,
2460 5306 2634 5371 aqua
2665 5306 2806 5371 quoe
2834 5284 2949 5350 sub
2979 5306 3235 5351 sensum
3271 5285 3473 5367 cadit,
3510 5290 3756 5355 animoe

2210 5423 2365 5468 vero
2398 5401 2572 5489 quod
2602 5402 2811 5467 visum
2844 5401 3101 5488 effuqit,
3139 5403 3439 5488 Spiritus
3477 5405 3593 5490 qui
3620 5426 3755 5470 non

2209 5529 2508 5605 apparet,
2546 5519 2660 5604 qui
2695 5517 2831 5600 side
2869 5529 3163 5598 vocatur,
3203 5520 3319 5604 qui
3357 5521 3750 5606 infallibili·

3840 2140 4037 2192 Hieron
4049 2181 4061 2192 .
