4287 6313
1585 422 1790 486 Dls'r.
1824 423 1951 484 Vll.
2002 422 2368 500 QUAEsTlo
2417 424 2465 486 1.

400 600 506 656 tur
541 611 555 668 ;
611 610 737 655 non
789 589 1135 665 utebantur
1173 599 1389 655 autem
1429 585 1721 674 Apostoli
1754 584 1944 651 modo

397 704 719 772 contrario
805 703 1198 770 institutioni
1251 701 1516 783 Christi,
1598 701 1949 768 utebantur

398 833 616 889 tamen
649 819 839 887 modo
888 819 1327 908 deprecatiVO,
1372 818 1603 886 saltem
1656 818 1950 905 aequiva—

398 936 606 1003 lenter
669 948 956 1016 orantes,
1029 947 1101 1002 ut
1170 937 1546 1022 acciperent
1615 937 1950 1022 Spiritum

400 1064 700 1121 sanctum
732 1053 1182 1119 Samaritani.

492 1170 674 1237 Unde
718 1168 1129 1256 Augustinus
1178 1168 1291 1235 lib.
1348 1172 1449 1238 15.
1499 1167 1580 1234 de
1635 1167 1952 1234 Trinitate

400 1304 541 1371 cap.
579 1287 688 1349 20.
733 1284 954 1369 Neque
979 1285 1156 1349 enim
1188 1284 1435 1370 aliquis
1465 1283 1948 1369 discipulorum

401 1404 539 1488 ejus
597 1400 782 1466 dedit
847 1400 1181 1485 Spiritum
1245 1411 1593 1479 sanctum,·
1671 1400 1953 1464 orabant

398 1519 639 1606 quippe
680 1530 753 1582 ut
810 1518 1064 1584 veniret
1110 1518 1184 1582 in
1243 1537 1369 1595 eos,
1435 1516 1669 1602 quibus
1714 1536 1952 1581 manus

401 1634 841 1722 imponebant,
880 1654 1015 1700 non
1065 1635 1200 1720 ipsi
1251 1653 1397 1698 eum
1439 1633 1711 1711 dabant,
1767 1653 1952 1718 quem

397 1770 644 1816 morem
675 1751 751 1814 in
786 1750 924 1814 suis
959 1749 1344 1835 proepositis
1385 1750 1587 1814 etiam
1616 1768 1796 1841 nunc
1823 1768 1954 1812 ser-

398 1876 510 1932 vat
586 1866 905 1944 Ecclesia,
977 1874 1098 1931 etc.
1170 1867 1310 1930 Non
1382 1863 1744 1951 incongrue
1793 1883 1954 1950 ergo

398 1983 553 2049 hinc
592 1982 1001 2069 interpretari
1063 1980 1214 2047 licet
1257 1980 1524 2048 modum
1584 1979 1951 2067 deprecati-

402 2119 563 2164 vum
600 2117 743 2163 esse
775 2095 1248 2175 sufficientem3
1293 2117 1444 2163 eum
1488 2109 1705 2163 autem
1746 2096 1953 2163 fuisse

403 2214 471 2280 in
525 2235 647 2281 usu
714 2214 1055 2301 colligitur
1109 2234 1188 2279 ex
1230 2212 1460 2292 forma,
1500 2232 1626 2300 qua
1668 2233 1827 2278 usus
1856 2225 1957 2279 est

397 2332 775 2418 Sylvester;
811 2342 875 2397 et
905 2330 1167 2398 videtur
1208 2330 1618 2417 Augustinus
1671 2330 1955 2396 similem

398 2448 664 2515 modum
708 2447 774 2513 in
815 2467 937 2514 suo
984 2459 1299 2535 tempore,
1335 2460 1645 2535 tanquam
1716 2468 1957 2513 consu-

396 2575 573 2632 etum
615 2564 939 2631 indicare.'
986 2566 1209 2650 Neque
1234 2563 1599 2651 incongrue
1644 2562 1953 2650 intelligi-

397 2692 503 2747 tur
570 2680 679 2747 ille
722 2680 903 2761 locus
983 2682 1047 2746 S.
1129 2678 1455 2746 Ambrosii
1538 2680 1656 2746 lib.
1731 2683 1798 2745 2.
1879 2680 1961 2745 de

397 2801 868 2878 Sam-amentis,
959 2819 1106 2884 cap.
1171 2803 1229 2868 7.
1284 2798 1362 2864 ad
1447 2797 1622 2864 hunc
1684 2795 1949 2863 modum

397 2913 821 2981 confirmandi
880 2913 1204 3000 alludere:
1281 2914 1530 2980 Venisti
1583 2914 1674 2979 ad
1708 2916 1956 2980 Sacer-

397 3034 636 3110 dotem,
668 3031 832 3119 quid
863 3029 984 3095 tibi
1016 3028 1245 3095 dimit?
1276 3031 1449 3095 Deus
1484 3030 1683 3095 Pater
1721 3031 1950 3095 Omni·

388 3161 641 3237 potens,
689 3147 806 3235 qui
835 3156 896 3213 te
928 3146 1351 3233 reqencravit
1381 3165 1465 3211 ex
1496 3167 1671 3233 aqua
1704 3158 1765 3212 et
1798 3147 1955 3233 Spi-

392 3269 531 3332 ritu
562 3276 808 3344 sanctO,
850 3265 1289 3349 concessitque
1338 3263 1459 3329 tibi
1482 3275 1757 3349 peccata
1806 3275 1945 3343 tua,

396 3386 535 3471 ipse
574 3394 634 3449 te
666 3391 871 3468 unyat
928 3381 1003 3446 in
1064 3381 1269 3446 vitam
1310 3391 1650 3461 (eternam,
1710 3392 1837 3448 etc.
1875 3386 1952 3448 Et

396 3499 697 3588 quamvis
737 3498 880 3563 haec
945 3517 1089 3563 esse
1146 3496 1346 3563 verba
1408 3497 1776 3564 Sacerdotis
1828 3518 1949 3564 un-

395 3615 612 3704 gentis
644 3615 707 3680 in
739 3613 983 3680 vertice
1013 3611 1184 3678 dicat
1213 3612 1580 3678 Amalarius
1613 3612 1730 3678 lib.
1771 3617 1833 3680 1.
1868 3613 1950 3678 de

395 3733 664 3817 officiis,
720 3752 867 3817 cap.
911 3730 1020 3796 27.
1085 3742 1304 3795 tamen
1353 3728 1553 3794 verba
1608 3728 1938 3816 Episcopi,

396 3869 543 3935 quae
608 3844 975 3934 subjungit,
1020 3844 1214 3912 etiam
1266 3843 1708 3932 deprecatoria
1758 3854 1938 3921 sunt,

391 3974 454 4029 et
493 3983 621 4029 non
653 3962 1003 4028 indicativa
1042 3961 1408 4048 potestatis,
1455 3962 1626 4028 unde
1676 3961 1819 4048 ipse
1848 3960 1943 4027 di-

387 4079 511 4145 cit:
561 4079 809 4143 Emitte
847 4078 919 4142 in
959 4097 1105 4141 eum
1145 4076 1169 4165 (
1202 4080 1399 4145 verba
1422 4089 1575 4142 sunt
1605 4075 1939 4165 Episcopi)

384 4195 841 4281 septiformem
873 4193 1202 4277 Spiritum
1241 4204 1547 4259 sanctum
1600 4202 1785 4258 tuum
1818 4214 1943 4279 pa-

384 4312 706 4377 racletum
736 4309 818 4375 de
882 4308 1081 4387 coelis,
1129 4309 1465 4394 Spiritum
1501 4309 1853 4394 sapientia?
1881 4319 1943 4373 et

387 4429 779 4508 intellectus,
829 4428 1160 4514 Spiritum
1193 4428 1465 4491 consilii
1495 4438 1554 4490 et
1582 4426 1940 4511 fortitudi-

386 4548 513 4624 nis,
543 4543 878 4632 Spiritum
904 4545 1202 4610 scientiae
1232 4554 1293 4609 et
1316 4545 1610 4631 pietatis,
1641 4543 1941 4628 adimple

390 4683 535 4728 cum
564 4661 839 4748 Spiritu
878 4661 1139 4726 timoris
1168 4659 1462 4738 Domini,
1504 4671 1563 4724 et
1621 4661 1936 4746 consiyna

393 4801 540 4844 cum
579 4780 771 4865 siquo
814 4777 1048 4843 Crucis
1104 4778 1176 4841 in
1244 4776 1449 4841 vitam
1523 4777 1940 4862 propitiatus

395 4907 736 4974 aeternam,
792 4905 915 4961 ete.
969 4891 1062 4959 Ad
1112 4892 1255 4958 haec
1295 4902 1511 4958 autem
1545 4891 1741 4958 verba
1779 4897 1936 4959 Am-

395 5010 593 5077 brosii
637 5021 812 5076 recte
842 5019 1117 5094 possunt
1146 5007 1457 5088 alludere,
1506 5008 1616 5095 qui
1665 5008 1728 5075 in
1770 5008 1937 5075 clau-

394 5126 534 5193 sula
566 5123 866 5213 sequenti
912 5123 1194 5190 declarat
1250 5124 1551 5190 effectum
1584 5124 1938 5191 Confirma-

394 5243 635 5309 tionis:
705 5241 884 5321 Vide,
942 5240 1174 5327 inquit,
1247 5241 1359 5307 ubi
1416 5253 1645 5307 unctus
1703 5262 1789 5308 es.
1852 5242 1934 5311 In

391 5362 619 5439 vitam,
668 5358 900 5446 inquit,
938 5368 1275 5423 aeternam.
1321 5358 1480 5423 Noli
1526 5358 1698 5424 lianc
1727 5361 1931 5424 vitam

391 5478 500 5543 illi
530 5478 683 5542 vitoe
709 5478 1069 5560 anteferre,
1118 5474 1301 5541 verbi
1352 5476 1563 5562 gratia
1592 5497 1606 5540 ε
1643 5475 1708 5540 Si
1742 5496 1930 5542 exur-

3530 416 3648 479 697

2061 596 2239 652 tuam
2273 586 2553 665 auferre,
2591 587 2646 652 si
2681 586 2967 653 minatur
2997 595 3296 664 mortem,
3345 592 3413 649 ut
3456 600 3621 669 proe-

2064 702 2392 770 varicetur
2433 703 2808 791 quisquam,
2844 702 2997 770 vide
3028 701 3181 790 quid
3227 701 3456 788 eligas.
3495 700 3620 764 No-

2060 819 2104 885 li
2140 819 2386 907 eligere
2436 819 2616 899 illud,
2657 820 2722 885 in
2754 841 2882 908 quo
2925 840 3054 886 non
3092 840 3163 886 es
3199 828 3458 894 unctUS,
3500 812 3615 881 sed

2059 934 2231 1021 elige
2275 935 2338 1001 in
2372 956 2500 1023 quo
2534 947 2768 1003 unctus
2809 958 2902 1016 es,
2938 946 3010 1003 ut
3049 936 3252 1003 vitam
3302 917 3612 1000 aeternam

2062 1052 2224 1118 vitae
2255 1052 2565 1140 praeferas
2598 1053 2961 1140 temporali,
2999 1064 3122 1120 etc.
3169 1063 3230 1117 et
3261 1052 3373 1117 lib.
3419 1055 3484 1117 3.
3519 1071 3614 1115 se·

2063 1170 2293 1253 quenti
2325 1180 2668 1255 postquam
2699 1190 2844 1255 cap.
2876 1174 2938 1235 1.
2967 1166 3614 1254 explicuit'effectum

2066 1283 2401 1369 Baptismi,
2436 1303 2577 1371 cap.
2613 1287 2678 1351 2.
2713 1285 3052 1370 Sequitur,
3109 1282 3344 1369 inquit,
3396 1282 3605 1368 spiri-

2064 1400 2195 1468 tale
2283 1402 2724 1488 siqnaculum,
2797 1400 2972 1488 quod
3037 1399 3324 1466 audistis
3419 1397 3620 1463 hodie

2068 1518 2222 1604 le9i‚
2270 1519 2427 1604 quia
2472 1529 2620 1605 post
2668 1517 2922 1602 fontem
2959 1526 3273 1603 superest,
3317 1494 3405 1579 *ut
3468 1535 3619 1600 per-

2065 1635 2272 1717 fectio
2301 1635 2450 1717 fiat,
2505 1634 2769 1721 quando
2818 1634 3233 1701 invocatione
3291 1631 3616 1698 Sacerdo-

2068 1751 2153 1814 tis
2190 1751 2488 1835 Spiritus
2525 1760 2791 1816 sanctus
2845 1749 3263 1834 infimditur,
3324 1747 3622 1834 Spiritus

2064 1868 2417 1953 sapientise
2448 1879 2508 1933 et
2558 1867 2946 1942 intellectus,
3029 1867 3320 1952 Spiritus
3350 1866 3622 1931 consilii

2067 1995 2127 2049 et
2165 1985 2458 2068 virtutis,
2496 1994 2618 2051 etc.
2658 1984 2768 2049 ubi
2801 1983 2938 2070 agit
2969 1981 3048 2048 de
3078 1981 3609 2063 Confirmatione,

2069 2120 2217 2187 quae
2258 2100 2587 2186 Baptismo
2627 2098 2895 2179 accedit,
2927 2109 3235 2185 tanquam
3279 2097 3612 2184 perfectio.

2070 2219 2207 2282 Huc
2236 2236 2393 2303 ergo
2434 2216 2631 2282 verba
2662 2215 2855 2281 etiam
2881 2214 3088 2281 ultimi
3121 2213 3354 2301 capitis
3388 2215 3500 2280 lib.
3548 2217 3613 2281 Ξ.

2069 2334 2255 2421 quasi
2298 2333 2592 2420 ejusdem
2651 2332 2939 2399 materiae
3015 2331 3414 2398 continuatio
3486 2351 3615 2397 non

2072 2448 2470 2529 intermissa,
2518 2447 2854 2515 referenda
2895 2458 3074 2515 sunt.

2160 2566 2252 2654 (b)
2295 2568 2378 2631 Et
2417 2568 2477 2632 si
2505 2567 2861 2653 oinciatur
2887 2567 3108 2652 primo
3139 2574 3371 2630 contra
3411 2576 3613 2631 mate-

2068 2686 2245 2750 riam
2287 2696 2345 2750 et
2393 2685 2680 2767 formam
2723 2658 2944 2759 simul,
2992 2692 3115 2748 eto.
3189 2684 3304 2747 Hic
3361 2680 3605 2767 objicit,

2069 2800 2241 2889 quod
2282 2800 2579 2867 Christus
2620 2799 2878 2887 quando
2909 2798 3277 2866 insufflavit
3317 2798 3381 2864 in
3420 2797 3612 2865 disci-

2069 2917 2280 3003 pulos,
2356 2917 2623 2984 dicens:
2707 2917 2997 3003 Accipite
3066 2916 3401 3002 Spiritum
3462 2936 3613 2980 san-

2066 3045 2261 3113 ctum,
2307 3033 2573 3100 Joannis
2614 3036 2721 3098 20.
2787 3044 2850 3099 et
2907 3044 3221 3119 praeterea
3271 3032 3489 3098 Actor.
3543 3034 3607 3098 Ξ.

2067 3149 2326 3240 quando
2357 3150 2537 3217 venit
2569 3171 2767 3237 super
2801 3170 2913 3216 eos
2974 3147 3257 3237 Spiritus
3323 3160 3608 3231 sanctuS,

2067 3289 2196 3336 non
2239 3289 2397 3335 usus
2440 3268 2524 3335 sit
2554 3266 2846 3345 materia,
2883 3277 2993 3332 aut
3032 3267 3239 3332 forma
3286 3268 3390 3335 hic
3448 3288 3610 3353 prae-

2064 3386 2346 3474 scripta3
2383 3407 2541 3473 ergo
2583 3405 2711 3451 non
2743 3396 2843 3451 est
2875 3384 3266 3450 neccssaria.
3312 3384 3613 3452 Secundo

2061 3504 2157 3569 eis
2198 3524 2326 3569 nou
2357 3514 2508 3569 sunt
2542 3501 2641 3568 usi
2683 3501 2808 3587 ipsi
2841 3500 3154 3587 Apostoli,
3203 3521 3386 3587 erg0‚
3422 3512 3552 3568 etc.

3712 2628 3910 2755 Duglex

3687 2753 3921 2818 objectio,

2151 3619 2563 3706 paragrapho
2628 3617 2733 3683 Ad
2774 3619 3074 3704 primum
3120 3617 3473 3703 respondet
3531 3616 3608 3685 ad
3658 3650 3934 3715 Responsio

2060 3744 2406 3820 utramque
2436 3730 2913 3809 difficultatem,
2942 3741 3004 3796 et
3036 3730 3247 3817 primo
3277 3730 3607 3798 Christum

2059 3849 2349 3937 potuisse
2379 3847 2531 3915 (lare
2583 3846 2900 3934 Spiritum
2968 3855 3290 3928 sanctum,
3372 3846 3609 3912 sivein

2057 3976 2229 4032 terra
2278 3964 2591 4044 existenS,
2673 3962 2914 4029 sivein
2990 3960 3179 4041 coe10,
3250 3961 3603 4048 ApostoliS‚

2054 4082 2232 4169 ipsos
2293 4078 2740 4147 confirmando
2789 4078 2931 4144 sine
2981 4076 3249 4143 materia
3299 4078 3600 4164 praescri·

2055 4208 2162 4284 pta
2209 4207 2322 4263 aut
2359 4196 2589 4274 forma,
2637 4194 2789 4280 quia
2841 4213 2970 4259 non
3029 4192 3326 4277 alligavit
3379 4206 3607 4280 poten-

2054 4312 2210 4378 tiam
2259 4332 2443 4378 suam
2512 4301 2982 4376 Sacramentis.
3048 4307 3283 4375 Tribus
3349 4309 3605 4376 vicibus

2052 4423 2605 4492 communicatum
2668 4424 2869 4490 fuisse
2929 4422 3244 4510 Spiritum
3304 4435 3601 4490 sanctum

2054 4541 2404 4628 ApostoliS,
2441 4541 2628 4607 docet
2666 4541 3049 4610 Nazianzen.
3094 4550 3265 4607 orat.
3312 4545 3420 4607 44.
3477 4540 3604 4626 pri-

3770 3713 3835 3762 ad

3676 3773 3894 3842 primam
3906 3813 3921 3828 .

3656 4616 3756 4666 Ter
3784 4617 3934 4666 datus

2054 4679 2186 4737 mo,
2222 4657 2479 4744 quando
2523 4657 2707 4724 missi
2781 4657 3043 4724 fuerunt
3105 4656 3184 4722 ad
3245 4656 3604 4742 praedican-
3636 4678 3951 4744 estspnritus

3687 4748 3892 4791 sanctus

2052 4775 2243 4855 dum3
2309 4773 2974 4842 secundoloannis.
3019 4775 3104 4838 20
3210 4772 3468 4859 quando
3538 4773 3602 4838 in
3665 4802 3943 4869 Apostolis.

2056 4892 2236 4980 ipsos
2287 4889 2694 4969 insufflavit3
2756 4890 2947 4956 tertio
3018 4891 3162 4955 Act.
3236 4891 3306 4954 2.
3362 4889 3426 4953 in
3499 4888 3603 4955 die

2054 5010 2508 5074 pentecostes:
2556 5004 2812 5086 Verum,
2853 5004 3088 5091 inquit,
3134 5005 3471 5070 obscurius
3528 5005 3597 5068 in

2045 5124 2141 5187 cis
2181 5125 2431 5207 eflicaoe
2467 5132 2635 5201 erat,
2680 5120 2965 5187 secundo
2997 5121 3394 5206 expressius,
3422 5141 3597 5185 nttnc

2047 5260 2196 5304 vcro
2241 5239 2529 5325 plenius,
2577 5247 2701 5304 etc.
2757 5249 2821 5302 et
2869 5236 3037 5302 hanc
3070 5234 3360 5301 ultimam
3393 5235 3594 5301 fuisse

2049 5374 2162 5441 per
2204 5353 2463 5419 modum
2513 5351 3063 5432 confirmationiS,
3145 5350 3605 5417 consummati·

2044 5470 2191 5536 onis
2259 5470 2603 5549 donorum,
2686 5489 2834 5555 quae
2909 5469 3244 5535 inchoavit
3301 5479 3365 5534 ct
3428 5465 3606 5532 dedit

390 5603 502 5680 gat
545 5590 849 5658 inimicus
915 5589 1177 5678 aliquiS,
1245 5589 1301 5656 si
1339 5588 1497 5655 velit
1553 5588 1671 5655 tibi
1729 5589 1930 5657 vitam
2045 5583 2368 5664 Christus,
2415 5583 2648 5651 asserit
2707 5583 3115 5669 Augustinus
3173 5602 3367 5649 serm.
3427 5583 3587 5647 185·
3654 5605 3927 5670 Augu-tin.
