4287 6313
1692 410 1866 474 ous‘r
1911 413 2012 474 lv,
2061 412 2422 489 QUAEs'rlo
2454 408 2525 476 ιι.

463 571 836 651 antiquitas,
923 576 1037 636 aut
1119 574 1474 654 Scriptura,
1558 578 1673 637 aut
1757 574 2014 638 traditio

461 689 958 762 Ecclesiastica3
1013 693 1410 754 contrarium
1459 699 1682 755 autem
1720 692 1785 753 in
1815 695 2019 752 mate-

462 806 557 866 ria
616 804 699 867 de
758 790 1019 884 legibus
1084 812 1151 868 et
1215 812 1364 871 voto
1423 808 1554 870 late
1612 807 1928 884 probatur
1982 823 2020 866 a

373 906 376 909 ⁴
465 920 841 999 'l‘heologls,
886 937 1107 1000 neque
1141 937 1243 997 ea,
1288 938 1431 1001 quae
1482 922 1720 984 Paulus
1762 921 2023 983 disserit

258 1428 312 1481 4.

166 2567 380 2615 Floreat
391 2601 404 2615 .

175 2629 411 2681 Trident.

173 3039 427 3103 carthag.

169 4079 447 4144 Martialis]

227 4146 366 4206 Papa
377 4181 389 4193 .

179 4681 410 4750 cyprian
421 4720 434 4734 .

189 5391 440 5441 Lactant.

470 1035 555 1097 de
588 1036 891 1098 libertate
921 1044 1298 1100 renatorum
1345 1040 1409 1099 in
1459 1038 1733 1110 Christ0,
1790 1039 1883 1099 sic
1930 1037 2022 1098 in-

474 1151 877 1230 telliguntur,
911 1153 1028 1214 sed
1074 1152 1179 1213 de·
1212 1152 1514 1216 libertate
1565 1171 1600 1214 a
1644 1156 1807 1233 jugo
1854 1153 2023 1232 legis

469 1267 792 1339 Mosaicae,
841 1273 908 1328 et
937 1267 1020 1328 de
1052 1268 1352 1330 libertate
1399 1284 1434 1329 a
1481 1274 1821 1350 peccato..

556 1384 964 1463 Impugnatio
1044 1391 1264 1447 autem
1362 1383 1596 1445 harum
1693 1386 2025 1449 haeresum

475 1505 670 1577 prout
725 1500 808 1562 ad
851 1506 1246 1577 praesentem
1316 1503 1653 1563 materiam
1722 1506 2027 1580 spectant

474 1619 721 1695 petitur
763 1633 844 1678 ex
873 1616 971 1692 iis,
1009 1633 1153 1696 quae
1201 1619 1611 1694 praecedenti
1671 1619 2025 1696 quaestione

472 1733 1097 1810 praesupposuimuS,
1131 1748 1276 1811 quae
1317 1748 1452 1794 non
1495 1734 1707 1797 solum
1751 1735 2027 1811 probant

471 1849 932 1909 necessitatem
1009 1848 1339 1924 Baptismi,
1417 1848 1537 1909 sed
1626 1850 1821 1909 etlam
1884 1848 2028 1929 ejus

475 1960 835 2023 efficaciam
884 1962 1104 2041 quoad
1143 1963 1600 2025 remissionem
1647 1963 1922 2039 peccati,
1964 1969 2030 2024 et

478 2080 899 2143 collationem
927 2082 1173 2160 gratiae,
1220 2084 1286 2142 in
1318 2099 1447 2160 qua
1480 2085 1840 2144 necessitas
1883 2085 2030 2164 ejus

476 2194 812 2259 fundatur.
856 2196 1142 2259 Effectus
1185 2214 1345 2278 ergo
1390 2201 1700 2276 Baptismi
1737 2204 1861 2275 est,
1895 2216 2029 2262 non

480 2310 688 2372 solum
772 2311 1001 2373 tollere
1082 2293 1424 2389 peccatum
1502 2314 1851 2393 originale,
1910 2313 2030 2375 sed

484 2429 671 2490 etiam
705 2429 1009 2501 actualia,
1045 2431 1269 2509 quoad
1318 2433 1576 2510 culpam
1611 2437 1678 2495 et
1734 2447 2024 2511 poenam.

483 2544 593 2604 Est
640 2542 723 2603 de
770 2542 922 2606 fide.
978 2543 1225 2607 Concil.
1276 2546 1624 2608 Florentin.
1664 2551 1731 2609 in
1776 2549 2025 2609 decreto

485 2661 743 2722 unionis
786 2664 1236 2736 Armenorum,
1298 2664 1753 2727 Tridentinum
1787 2684 1935 2728 sess.
1965 2666 2029 2729 6.

486 2794 629 2852 cap.
674 2779 735 2840 7.
790 2793 935 2840 sess.
998 2780 1058 2841 7.
1112 2797 1254 2843 can.
1300 2783 1360 2844 9.
1410 2798 1562 2843 sess.
1618 2783 1712 2843 14.
1766 2799 1908 2858 cap.
1975 2786 2029 2844 l.

481 2909 629 2954 sess.
676 2894 736 2954 5.
770 2895 848 2954 dc
871 2900 1123 2968 peccato
1164 2897 1331 2972 oriy.
1381 2913 1523 2956 can.
1570 2898 1631 2957 5.
1694 2894 2028 2976 Carthagi-

487 3021 695 3067 nense
754 3008 853 3067 lV.
928 3024 1070 3084 cap.
1136 3009 1188 3068 l.
1254 3010 1426 3071 inter
1487 3009 1796 3091 dogmata
1854 3010 2032 3086 fidei,

487 3137 632 3200 quae
698 3120 983 3201 profiteri
1046 3122 1250 3187 debet
1304 3127 1689 3205 EpiscopuS,
1769 3126 2034 3206 quando

488 3243 940 3312 consecratur,
988 3241 1295 3318 proponit
1345 3241 1650 3303 eamdem
1696 3244 2035 3306 veritatem

489 3352 919 3432 profitendam
981 3374 997 3414 ε
1088 3359 1535 3429 Quaerendum,
1629 3358 1860 3437 inquit,
1957 3360 2036 3420 ab

489 3470 650 3530 cosi
688 3472 753 3531 in
803 3473 1130 3547 Baptismo
1190 3474 1409 3535 omnia
1452 3481 1743 3550 peccata,
1802 3477 1875 3536 id
1927 3482 2037 3549 est,

486 3590 622 3647 tam
664 3588 835 3650 illud
863 3591 1184 3667 oriqinale
1230 3596 1648 3664 contractum,
1699 3608 1892 3668 quam
1918 3592 2041 3654 illa

494 3720 637 3780 quae
663 3704 1029 3766 voluntarie
1087 3708 1374 3768 admissa
1403 3714 1570 3783 sunt,
1604 3710 2036 3771 dimittantur.

497 3823 812 3894 Admissa,
857 3822 1093 3900 inquit,
1168 3828 1234 3884 et
1289 3839 1423 3884 non
1496 3827 1913 3898 admittenda,
1973 3831 2045 3888 ut

498 3938 722 4013 inepte
780 3938 1085 4001 haeretici.
1147 3938 1448 4000 Martialis
1499 3938 1670 4016 Papa
1719 3940 1913 4016 epist.
1959 3939 2044 4001 ad

501 4055 881 4130 Tolosanos,
918 4072 1059 4133 cap.
1102 4057 1152 4117 l.
1200 4059 1310 4117 Vos
1339 4060 1509 4119 enim
1558 4056 1705 4118 estis
1752 4058 2045 4119 membra

505 4170 763 4245 Christi,
811 4177 868 4234 el
918 4188 1155 4248 corpus
1196 4173 1714 4244 immaculatum,
1759 4189 1873 4234 nec
1924 4174 2044 4235 ali·

500 4303 632 4363 qua
688 4291 753 4348 in
808 4304 881 4350 re
922 4289 1426 4363 coinquinatum,
1489 4306 1691 4365 neque
1753 4290 2047 4352 sordibus

501 4402 892 4474 obvolutum,
972 4409 1096 4464 etc.
1156 4402 1387 4466 Subdit
1451 4405 1768 4465 rationem
1831 4423 1845 4466 ε
1895 4408 2043 4484 jam

501 4522 672 4581 enim
724 4519 1129 4595 sanctificati,
1194 4526 1250 4581 et
1308 4524 1608 4584 mundati
1673 4526 1816 4585 estis
1875 4541 2047 4601 aqua

500 4638 1029 4713 reqenerationis‚
1089 4641 1215 4697 etc.
1266 4636 1630 4717 Cyprianus
1675 4637 1759 4700 de
1806 4641 2048 4702 abluti-

502 4767 629 4814 one
682 4749 931 4829 pedum
993 4768 1007 4809 ε
1069 4754 1160 4811 De
1220 4751 1436 4814 abdito
1515 4758 1572 4812 et
1626 4758 2049 4817 secretissimo

503 4869 792 4944 Spiritus
859 4868 1069 4928 sancti
1114 4882 1401 4942 munere,
1449 4869 1643 4945 kuJ'us
1701 4875 1923 4947 qratia
1965 4870 2044 4931 li-

506 4998 671 5060 quor
726 4989 1010 5058 emanat,
1052 4984 1145 5042 sic
1200 4983 1426 5045 lavans
1488 5001 1644 5061 quos
1693 4989 2051 5062 parentalis

506 5099 683 5161 labes
702 5100 1034 5174 infecerat,
1084 5104 1149 5157 ut
1197 5116 1309 5160 nec
1351 5101 1643 5173 actualis,
1694 5119 1807 5162 nec
1848 5105 2049 5180 oripi·

506 5216 679 5277 natis
733 5217 999 5277 macula
1070 5218 1176 5276 sui
1210 5222 1357 5293 post
1414 5217 1809 5278 ablutionem
1864 5220 2051 5281 illam

506 5336 776 5410 vcstiqia
804 5333 1233 5409 derelinquat,
1267 5338 1392 5395 etc.
1443 5308 1811 5397 Lactantius
1843 5337 1951 5399 lib.
1986 5340 2045 5400 7.

510 5465 653 5527 cap.
701 5451 761 5511 5.
801 5453 962 5513 Cum
1003 5450 1194 5510 nomo
1243 5449 1482 5511 coelesti
1524 5450 1784 5512 lavacro
1822 5455 2050 5530 purili-

510 5576 690 5661 catus
739 5568 1003 5644 exponit
1061 5568 1409 5643 infantiam
1470 5586 1614 5629 cum
1680 5572 1862 5631 omni
1904 5570 2049 5633 labe

3556 409 3669 471 393

2130 576 2275 638 vitae
2313 577 2583 651 prioris,
2635 579 2693 636 et
2751 577 3142 638 incremento
3200 576 3406 637 divini
3445 574 3687 650 viqoris

2130 696 2415 768 accepta,
2487 692 2558 767 slt
2621 692 2812 753 homo
2880 692 3217 767 perfectus
3290 698 3346 753 et
3426 689 3680 766 plenus.

2132 806 2468 869 Rheticius
2557 806 3181 885 Augustodunensis
3239 805 3413 886 apud
3458 808 3679 885 Augua

2133 923 2378 984 stinum
2436 923 2544 984 lib.
2612 924 2665 983 1.
2716 927 2943 984 contra
2999 920 3351 994 Julianum,
3417 936 3562 997 cap.
3617 921 3676 981 3.

2136 1044 2313 1102 Hanc
2355 1058 2484 1104 esse
2533 1043 2968 1119 principalem
3023 1044 3091 1103 in
3141 1042 3424 1105 Ecclesia
3467 1041 3685 1103 indul-

2132 1161 2420 1236 9entiam
2463 1160 2781 1220 neminem
2819 1163 3132 1234 praeterit‚
3166 1161 3232 1219 in
3265 1175 3388 1234 quo
3433 1159 3691 1234 antiqui

2136 1275 2428 1336 criminis
2456 1289 2641 1334 omne
2681 1276 2937 1350 pondus
2980 1275 3386 1349 exponimus,
3421 1277 3477 1334 et
3506 1273 3685 1349 iyno-

2135 1390 2368 1451 rantiae
2423 1396 2653 1450 nostrae
2716 1392 2941 1465 prisca
3008 1390 3315 1464 facinora
3371 1388 3679 1458 delemus,

2139 1511 2267 1567 etc.
2324 1507 2435 1567 ubi
2494 1507 2779 1586 loquitur
2837 1504 2920 1566 de
2979 1507 3329 1582 Baptismo.
3407 1504 3683 1565 Ambro-

2138 1622 2275 1684 sius
2306 1623 2381 1683 de
2408 1621 2488 1681 iis
2531 1623 2648 1698 qui
2670 1622 2990 1696 mysteriis
3016 1620 3378 1692 initiantur,
3430 1635 3573 1695 cap.
3622 1619 3682 1680 3.

2138 1742 2324 1813 Aqua
2394 1743 2507 1809 est,
2571 1754 2700 1814 qua
2755 1753 2912 1799 caro
2968 1737 3311 1813 merqitur,
3356 1740 3428 1797 ut
3496 1750 3685 1798 omne

2140 1853 2454 1914 abluatur
2509 1857 2869 1928 peccatum,
2934 1852 3242 1928 sepelitur
3307 1852 3448 1912 ill-ic
3501 1868 3692 1913 omne

2137 1973 2390 2034 vitium.
2440 1969 2872 2050 Hieronymus
2919 1970 3079 2031 libro
3139 1969 3455 2033 adversus
3498 1967 3693 2033 Ruffi·

2141 2103 2325 2159 num,
2385 2104 2528 2163 cap.
2591 2089 2680 2148 7.,
2720 2091 2788 2148 et
2844 2086 3118 2164 epistola
3173 2088 3271 2149 83.
3336 2085 3420 2146 ad
3481 2084 3692 2149 Ocea-

2142 2221 2327 2274 num,
2390 2220 2534 2281 cap.
2594 2205 2652 2266 2.
2720 2205 2949 2266 Omnia
3015 2209 3251 2278 scorta,
3312 2209 3367 2265 et
3418 2204 3697 2279 publicae

2145 2319 2525 2380 colluvionis
2565 2321 2804 2388 sorde-3,
2852 2320 3148 2395 impietas
3179 2319 3244 2379 in
3281 2322 3506 2389 Deum,
3533 2332 3690 2393 par-

2142 2434 2453 2494 ricidium
2509 2439 2570 2524 et
2607 2437 2881 2495 incestus
2921 2434 2989 2493 in
3022 2437 3349 2509 parenteS,
3399 2439 3590 2508 atque
3631 2433 3699 2492 in

2147 2552 2718 2613 extraordinarias
2764 2550 3119 2626 voluptates
3148 2555 3484 2626 utriusque
3505 2564 3701 2610 sexus

2147 2673 2402 2729 mutata
2442 2672 2708 2744 natura,
2778 2667 3022 2728 Christi
3071 2667 3248 2741 fonte
3296 2672 3692 2743 puryantur,

2149 2790 2273 2848 etc.
2328 2787 2561 2847 Omnia
2603 2786 2672 2844 in
2717 2785 3113 2861 Baptismate
3156 2785 3520 2845 condonata
3548 2788 3696 2843 sunt

2148 2885 2449 2972 crimina,
2498 2918 2611 2963 nec
2646 2907 2787 2977 post
2829 2900 3296 2978 indulqentiam
3334 2902 3584 2977 judicis
3612 2905 3699 2961 est

2147 3015 2490 3074 metuenda
2543 3015 2872 3086 severitas,
2931 3014 3175 3074 dicente
3215 3005 3521 3087 Apostolo
3559 3033 3579 3072 .-
3619 3016 3692 3074 Et

2147 3132 2279 3193 kaec
2324 3131 2582 3208 quidem
2621 3130 2864 3206 fuistis,
2920 3131 3034 3192 sed
3089 3127 3301 3191 abluti
3353 3128 3517 3202 estis,
3591 3133 3704 3193 sed

2149 3249 2538 3323 sanctificati
2605 3249 2769 3320 estis,
2848 3252 2960 3310 sed
3017 3247 3364 3324 justificati
3432 3250 3579 3308 estis
3634 3248 3701 3309 in

2150 3365 2406 3424 nomine
2452 3365 2717 3425 Domini
2765 3365 2970 3424 nostri
3005 3366 3157 3424 Jesu
3205 3363 3463 3435 Christi,
3528 3368 3584 3423 et
3634 3365 3702 3425 in

2152 3482 2409 3561 Spiritu
2457 3482 2578 3543 Dei
2626 3483 2851 3554 nostri,
2901 3482 3118 3544 omnia
3155 3486 3420 3557 peccata
3462 3483 3703 3544 donata

2151 3603 2319 3671 sunt,
2368 3601 2496 3658 etc.

2236 3716 2315 3776 Ut
2344 3719 2578 3776 caetera
2622 3730 2782 3790 ergo
2816 3716 3107 3777 omittam
3138 3716 3358 3778 omnia
3407 3716 3514 3777 hic
3557 3715 3698 3793 ipse

2154 3832 2338 3893 locus
2414 3831 2590 3893 Pauli
2669 3834 3008 3897 veritatem
3076 3834 3245 3895 hanc
3333 3834 3704 3895 luculenter

2157 3949 2353 4011 docet
2387 3951 2435 4010 l.
2472 3948 2556 4011 ad
2589 3949 2875 4012 Corinth.
2910 3967 3055 4029 cap.
3090 3951 3149 4012 9.
3195 3951 3426 4024 Nolite,
3467 3951 3696 4029 inquit,

2157 4083 2407 4139 errare,
2452 4084 2656 4143 neque
2698 4068 3067 4143 fornicarii,
3114 4085 3316 4144 neque
3344 4069 3537 4130 idolis
3577 4086 3702 4130 ser·-

2154 4185 2413 4255 vientes,
2443 4199 2645 4259 neque
2694 4183 3003 4255 adulteri,
3054 4201 3259 4261 neque
3311 4185 3558 4261 molles,
3591 4204 3700 4247 ne-

2160 4319 2281 4377 que
2309 4303 2748 4362 masculorum
2779 4303 3233 4377 concubitores,
3267 4319 3467 4380 neque
3508 4304 3701 4379 furiS,

2157 4436 2360 4495 neque
2407 4420 2616 4485 avari,
2681 4434 2883 4494 neque
2932 4419 3190 4490 ebriosi,
3251 4435 3454 4494 neque
3508 4420 3703 4480 male·

2160 4535 2311 4607 dici,
2362 4550 2562 4609 neque
2618 4549 2916 4609 rapaces,
2962 4550 3236 4609 reynum
3270 4538 3388 4595 Dei
3420 4534 3704 4610 posside-

2161 4649 2358 4721 bunt;
2401 4654 2456 4708 et
2512 4647 2644 4709 haec
2704 4649 2960 4725 quidem
3019 4648 3261 4723 fuistis,
3333 4653 3459 4709 etc.
3535 4649 3707 4710 Sub-

2153 4765 2376 4844 jungit
2406 4761 2759 4827 efficaciam
2794 4763 3125 4842 Baptismi,
3161 4764 3275 4843 qui
3304 4764 3439 4826 haec
3488 4766 3708 4827 omnia

2163 4880 2452 4944 delevit:
2486 4883 2621 4943 Sed
2673 4880 2901 4953 abluti,
2955 4880 3185 4960 inquit,
3243 4885 3410 4955 estis,
3443 4888 3569 4945 etc.
3619 4884 3711 4944 Ex

2162 4997 2401 5077 quibus
2465 4996 2793 5077 colligitur
2851 5000 3092 5060 veritas
3150 4997 3305 5059 fidei
3360 4995 3626 5060 definita
3673 5016 3711 5060 a

2163 5114 2465 5186 concilis,
2529 5128 2770 5192 nempe
2828 5119 3123 5192 peccata,
3187 5119 3320 5176 tam
3391 5115 3708 5195 originale

2163 5247 2359 5308 quam
2427 5229 2727 5298 actualia,
2803 5246 2956 5309 quae
3032 5230 3411 5308 praecedunt
3487 5232 3705 5309 Bapti-

2162 5363 2377 5408 smum
2405 5345 2517 5427 (de
2562 5348 2660 5409 his
2696 5351 2874 5411 enim
2904 5350 3042 5428 agit
3070 5348 3307 5410 Paulus
3351 5348 3709 5426 dumtaxat)

2161 5482 2283 5544 per
2323 5465 2725 5541 Baptismum
2768 5466 2995 5529 deleri.
3050 5467 3244 5543 Quod
3293 5483 3448 5529 vero
3491 5467 3710 5529 futura

2162 5586 2437 5661 peccata
2497 5581 2842 5645 commissa
2893 5588 3046 5661 post
3100 5585 3525 5664 Baptismum,
3569 5598 3704 5646 non

3737 866 4024 921 Rbelieius.

3716 1706 4035 1761 Ambrosius.

3775 1773 3981 1822 Hieron.
