4287 6313
1819 408 2266 474 Dls'nNcwo
2313 409 2416 472 Ν.

510 590 659 662 per
703 591 999 663 aquam
1061 576 1140 647 et
1201 573 1605 666 Spiritum
1670 574 2068 650 sanctum,

507 707 669 759 non
712 671 1195 771 salvabitur,
1255 690 1396 762 illa
1429 694 1699 762 autem
1739 707 2074 778 regene-

512 804 728 877 ratio
772 805 861 877 fit
921 825 1082 877 non
1171 810 1488 879 tantum
1553 825 1700 898 per
1758 804 2066 897 Baptis-

512 942 756 1002 mum,
805 922 936 991 sed
996 920 1241 994 etiam
1298 942 1443 1016 per
1502 921 2063 1015 poenitentiam

156 1048 298 1099 G1oe·
329 1041 589 1113 superet
660 1036 1401 1127 sanguinemUnde
1444 1038 1907 1112 auctoritas
1965 1037 2079 1108 di-

183 1116 454 1236 ²332?
511 1151 648 1233 cit,
731 1152 902 1224 ideo
969 1153 1455 1245 Apostolum
1530 1185 1557 1218 «
1639 1153 2080 1249 pluraliter

508 1269 811 1342 dixisse
859 1268 1474 1344 fundamentum
1556 1278 2073 1361 Baptismaeum,

513 1387 706 1478 quia
774 1389 903 1460 est
984 1388 1455 1480 Baptismus
1542 1388 1621 1460 in
1688 1409 1920 1480 aqua,
1995 1389 2077 1462 in

513 1507 937 1596 sanguine,
979 1505 1059 1577 in
1102 1506 1576 1598 poenitentia
1623 1536 1681 1578 ».
1735 1509 1904 1580 Hoc
1943 1529 2077 1579 au-

513 1625 681 1693 tem
723 1642 883 1693 non
950 1622 1122 1696 ideo
1164 1622 1386 1702 dicit,
1433 1624 1635 1714 quod
1680 1623 2079 1715 Baptismi

515 1742 1135 1826 Sacramentum
1177 1740 1319 1814 fiat
1352 1740 1511 1812 nisi
1550 1740 1629 1811 in
1664 1760 1896 1832 aqua,
1947 1742 2078 1812 sed

527 1856 716 1948 quia
778 1855 1032 1945 ipsius
1093 1856 1359 1929 virtus
1398 1863 1479 1932 et
1541 1858 2080 1931 sanctificatio

519 1972 764 2046 datur
828 1993 990 2044 non
1060 1974 1291 2046 modo
1360 1995 1500 2067 per
1560 1994 1878 2066 aquam,
1947 1975 2080 2047 sed

526 2108 673 2180 per
740 2089 1245 2180 sanguinem,
1308 2090 1434 2163 vel
1515 2090 2078 2182 poenitentiam

525 2205 902 2280 interius.
949 2207 1194 2279 Ratio
1245 2207 1493 2279 etiam
1543 2208 1612 2279 id
1657 2209 1959 2281 suadet.
2002 2208 2083 2283 Si

519 2323 739 2395 enim
795 2323 1164 2416 parvulis
1216 2344 1374 2396 non
1418 2324 1875 2397 valentibus
1907 2345 2080 2397 cre-

525 2438 715 2512 dere
749 2439 1051 2514 sufficit
1083 2440 1580 2532 Baptismus,
1631 2440 1886 2515 multo
1923 2461 2084 2512 ma·

528 2555 653 2646 gis
688 2554 988 2629 sufficit
1023 2556 1210 2627 fides
1245 2556 1542 2629 adultis
1594 2556 2080 2640 volentibuS,

527 2672 659 2743 sed
689 2690 850 2743 non
883 2670 1341 2744 valentibus
1374 2670 1807 2762 baptizari.
1864 2674 2085 2744 Unde

171 2861 258 2908 Au
334 2863 380 2905 St
432 2788 1031 2904 deAugustinus
1110 2809 1126 2852 ε
1205 2818 1232 2851 α
1313 2787 1626 2870 Quaeris
1707 2787 1890 2879 quid
1979 2789 2085 2861 sit

170 2873 794 2995 qufft'sstptmajim
839 2930 853 2974 ε
898 2906 1066 2990 sides
1126 2924 1227 2975 an
1293 2928 1516 2993 aqua,·
1589 2925 1751 2975 non
1810 2904 2083 2978 dubito

205 2983 473 3094 esth-uffo
530 3020 716 3111 quin
808 3020 1340 3112 respondeam
1406 3047 1420 3088 :
1479 3023 1669 3106 fides.
1745 3019 1825 3094 Si
1885 3040 2083 3112 ergo

220 3106 447 3234 Ξέῗζῗξ
532 3139 734 3228 quod
813 3137 1079 3211 minus
1150 3143 1273 3211 est
1342 3137 1858 3211 sanctificare
1943 3159 2082 3231 po-

193 3235 347 3345 '‘Z“
379 3232 462 3283 ¹¹·
531 3256 714 3334 test,
753 3274 1016 3325 nonne
1052 3254 1256 3345 quod
1299 3253 1564 3345 majus
1610 3259 1761 3336 est,
1819 3256 1891 3328 id
1932 3260 2080 3338 est,

525 3373 751 3456 sides?
784 3370 875 3442 de
911 3389 1069 3462 qua
1119 3369 1499 3444 Christus
1535 3370 1653 3444 ait
1698 3399 1711 3442 :
1759 3376 1889 3450 Qui
1941 3396 2087 3442 cre-

526 3489 782 3555 diderit
833 3492 909 3555 in
958 3511 1082 3570 me,
1138 3492 1337 3555 etiam
1387 3492 1449 3555 si
1505 3502 1802 3556 mortuus
1839 3492 2075 3576 fuerit,

526 3608 702 3672 vivet
766 3632 824 3672 n.
884 3604 1030 3678 Sed
1090 3603 1363 3677 dicunt
1425 3604 1704 3698 aliqui,
1766 3605 2086 3680 nullum

529 3719 889 3792 adultum
952 3719 1034 3791 in
1093 3719 1509 3794 Christum
1573 3721 1903 3793 credere
1958 3723 2082 3794 vel

529 3834 1020 3909 charitatem
1074 3835 1373 3908 habere
1417 3836 1588 3908 sine
1631 3838 2082 3929 Baptismo,

530 3951 689 4023 nisi
732 3951 1211 4042 sanguinem
1272 3949 1553 4026 fundat
1616 3972 1764 4044 pro
1805 3954 2087 4026 Domi-

532 4090 660 4149 no,
707 4068 1022 4141 subdita
1065 4068 1671 4141 introducentes
1719 4069 2087 4142 testimo-

176 4213 295 4264 nib.
326 4210 388 4258 ue
410 4209 505 4258 fide
534 4186 694 4257 nia.
741 4185 1244 4275 Augustinus
1280 4185 1444 4258 ait:
1487 4215 1514 4248 α
1554 4188 1674 4257 Ex
1708 4185 1867 4257 illo
1903 4190 2067 4259 tem

176 4274 409 4388 peu-{³2¹2
443 4334 500 4386 3,
540 4322 761 4394 pore,
819 4322 975 4392 quo
1021 4300 1402 4374 Salvator
1440 4301 1694 4375 dixit:
1749 4306 1902 4368 Nisi
1942 4306 2090 4391 quis

177 4399 810 4513 ³22323212’wnalns
876 4421 1107 4502 suerit,
1182 4421 1332 4490 etc.
1408 4416 1706 4507 absque
1802 4420 2089 4489 Sacra-

178 4523 509 4651 ἀξὲἓῗῗῗξζ
546 4537 813 4605 mento
848 4532 1278 4624 Baptismi,
1317 4535 1621 4625 praeter
1660 4552 1797 4603 eos
1833 4533 1967 4623 qui
2009 4532 2091 4603 in

181 4647 478 4763 Dufflss3
546 4649 907 4722 Ecclesia
977 4649 1449 4739 sanguinem
1526 4648 1887 4728 fundunt,
1951 4647 2091 4719 ali-

426 4758 435 4775 '
489 4749 504 4763 ’
545 4768 723 4858 quis
762 4767 1013 4839 vitam
1068 4772 1459 4840 aeternam
1518 4765 1887 4856 accipere
1933 4786 2092 4837 non

546 4887 814 4977 potest
865 4911 922 4951 ».
972 4885 1175 4956 Item
1214 4909 1227 4951 ε
1271 4911 1299 4945 «
1339 4881 1671 4953 Nullum
1706 4880 2091 4956 Catechu-

546 5020 891 5079 menum,
967 4997 1336 5089 quamvis
1399 4997 1478 5068 in
1539 4996 1771 5068 bonis
1834 4997 2092 5088 operi·

541 5117 686 5187 bus
782 5114 1271 5196 defunctum,
1351 5114 1604 5186 vitam
1697 5118 2093 5185 aeternam

544 5233 838 5303 habere
889 5231 1318 5311 credimus,
1382 5232 1721 5320 excepto
1786 5234 2093 5320 marty-

547 5351 688 5428 rio,
743 5348 873 5419 ubi
915 5346 1316 5438 Baptismi
1354 5347 1527 5417 tota
1562 5347 2094 5418 Sacramenta

543 5466 1057 5558 complentur
1121 5492 1177 5533 2».
1247 5467 1508 5536 Item:
1563 5492 1589 5525 α
1643 5461 2093 5556 Baptizatis

546 5587 861 5658 tantum
951 5582 1111 5656 iter
1203 5579 1492 5654 salutis
1577 5600 1754 5653 esse
1841 5578 2092 5654 credi-

3617 403 3738 467 379

2194 589 2372 641 mus
2422 598 2479 638 ».
2528 569 2673 643 Sed
2732 569 2937 661 quod
2982 568 3062 641 in
3116 567 3240 640 his
3305 567 3569 641 minus
3629 568 3741 639 di-

2191 687 2336 767 xit,
2384 686 2465 758 in
2518 685 2702 757 aliis
2745 685 3125 777 capitulis
3169 705 3417 778 supra
3449 682 3744 776 positis

2194 802 2643 894 supplevit;
2709 805 2787 873 et
2842 801 3014 874 ideo
3078 801 3244 874 haec
3296 802 3412 873 sic
3454 798 3745 872 intelli-

2192 918 2447 1008 genda
2488 918 2697 996 sunt,
2767 919 2852 987 ut
2915 916 3068 988 soli
3113 916 3497 990 habentes
3552 920 3747 989 tem-

2193 1053 2342 1124 pus
2402 1032 2946 1125 excipiantur.
3023 1032 3104 1106 Si
3163 1032 3378 1104 enim
3449 1031 3745 1123 aliquis

2192 1149 2493 1221 habens
2536 1149 2768 1220 fidem
2837 1153 2917 1222 et
2976 1148 3467 1223 charitatem
3527 1147 3748 1220 volu-

2191 1265 2351 1337 erit
2396 1264 2794 1357 baptizari
2842 1271 2922 1339 et
2954 1286 3113 1337 non
3164 1267 3432 1359 potest
3482 1284 3748 1338 neces-

2195 1382 2442 1456 sitate
2522 1386 3010 1473 praeventus‚
3075 1382 3398 1476 supplet
3475 1379 3750 1457 Omni-

2195 1498 2552 1592 potentis
2623 1497 3081 1589 benignitas
3170 1499 3376 1591 quod
3469 1501 3747 1570 Sacra·

2197 1618 2467 1688 mento
2500 1616 2890 1689 defuerat.
2936 1617 3145 1689 Dum
3179 1614 3391 1686 enim
3428 1614 3746 1686 solvere

2200 1738 2494 1826 potest,
2577 1733 2733 1805 nisi
2806 1733 3102 1814 solvat,
3175 1735 3539 1814 tenetur3
3613 1732 3747 1804 sed

2194 1873 2377 1924 cum
2449 1851 2621 1943 jam
2700 1872 2859 1923 non
2948 1852 3242 1942 potest,
3307 1852 3388 1923 et
3472 1852 3747 1921 tamen

2192 1968 2395 2049 vult,
2450 1987 2608 2037 non
2643 1967 2991 2060 imputat
3026 1966 3101 2038 ei
3134 1967 3375 2048 Deus,
3431 1966 3565 2057 qui
3625 1987 3749 2038 su-

2195 2105 2328 2157 am
2411 2084 2858 2176 potentiam
2949 2083 3504 2157 Sacramentis
3590 2102 3751 2153 non

2196 2201 2595 2293 alligavit.
2698 2202 2918 2284 Quod
3014 2222 3210 2274 vero
3318 2197 3751 2272 invisibilis

2198 2316 2741 2391 sanctificatio
2832 2316 3004 2388 sine
3070 2314 3374 2387 visibili
3466 2317 3754 2386 Sacra-

2200 2449 2470 2517 mento
2515 2443 2989 2535 quibusdam
3024 2441 3247 2520 insit,
3285 2443 3569 2533 aperte
3601 2441 3752 2511 Au·
3785 2460 3920 2525 Aug.
3944 2477 3988 2511 0.
4018 2460 4099 2512 84.

2198 2560 2574 2651 gustinus
2626 2559 2877 2631 tradit
2977 2577 3224 2650 super
3298 2554 3749 2629 Leviticum

2196 2678 2492 2758 dicenS,
2562 2707 2589 2740 «
2668 2675 3157 2748 invisibilem
3237 2671 3816 2758 sanctificati-,2

2202 2813 2438 2866 onem
2500 2793 2972 2885 quibusdam
3031 2792 3360 2864 affuisse
3420 2796 3499 2864 et
3569 2810 3753 2885 pro·

2199 2909 2453 2982 fuisse
2515 2908 2686 2982 sine
2756 2908 3209 2981 visibilibus
3281 2912 3751 2982 Sacramen-

2200 3026 2352 3106 tis;
2443 3025 2845 3098 visibilem
2948 3045 3144 3098 vero
3234 3023 3752 3098 sanctificati-

2205 3165 2463 3225 onem,
2513 3165 2683 3236 quae
2726 3143 2814 3218 fit
2858 3146 3387 3218 Sacramento
3420 3140 3748 3223 visibili,

2202 3262 2374 3333 sine
2451 3259 2866 3341 invisibili,
2940 3280 3177 3353 posse
3261 3260 3510 3339 adesse,
3592 3277 3755 3330 non

2207 3398 2443 3470 posse
2506 3380 2834 3466 prodesse.
2901 3378 3064 3449 Nec
3112 3377 3385 3448 tamen
3440 3372 3760 3447 visibile

2204 3494 2824 3568 Sacramentum
2875 3491 3046 3564 ideo
3083 3491 3755 3564 contemnendum

2203 3614 2351 3689 est,
2392 3608 2579 3702 quia
2619 3611 3142 3700 contemptor
3228 3608 3404 3700 ejus
3483 3606 3755 3679 invisi-

2202 3725 2481 3799 biliter
2605 3722 3102 3796 sanctificari
3191 3742 3348 3793 non
3457 3724 3750 3815 potest.

2203 3842 2408 3914 Hinc
2496 3839 2923 3915 Cornelius
3011 3842 3091 3910 et
3169 3837 3303 3931 qui
3389 3857 3574 3910 cum
3659 3856 3753 3909 eo

2198 3962 2462 4039 erant,
2523 3957 2727 4048 'Jam
2806 3954 3117 4050 Spiritu
3239 3953 3755 4037 sanctificati,

2201 4074 2598 4168 baptizati
2642 4077 2852 4147 sunt.
2917 4074 3083 4145 Nec
3144 4071 3499 4165 superfla
3553 4072 4090 4162 judi-Act.1o.34⁴

2201 4188 2454 4261 canda
2528 4192 2652 4261 est
2740 4185 3281 4261 sanctificatio
3377 4184 3750 4267 visibilis,

2204 4304 2392 4396 quia
2448 4302 2878 4376 invisibilis
2915 4302 3360 4395 praecessit.
3412 4302 3595 4377 Sine
3644 4302 3756 4374 vi-

2205 4421 2419 4497 sibili
2479 4440 2679 4513 ergo
2737 4420 3171 4494 invisibilis
3205 4418 3748 4493 sanctificatio

2201 4558 2380 4611 esse
2441 4543 2705 4631 potest
2764 4543 2846 4611 et
2920 4537 3341 4629 prodesse;
3409 4535 3757 4608 visibilis

2207 4660 2477 4727 autem
2514 4675 2689 4746 quae
2739 4655 2830 4730 fit
2900 4655 3431 4729 Sacramento
3493 4659 3754 4736 tenus,

2206 4766 2378 4839 sine
2421 4766 2806 4840 invisibili
2845 4766 3225 4859 prodesse
3266 4786 3424 4839 non
3459 4769 3755 4857 potest,

2206 4901 2389 4954 cum
2442 4881 2601 4955 ista
2644 4882 2750 4954 sit
2812 4881 3075 4953 omnis
3128 4880 3347 4953 illius
3408 4881 3751 4955 utilitas

2209 4997 2520 5071 Simoni
2581 4999 2822 5089 Mago
2880 4996 3228 5069 visibilis
3286 4997 3757 5091 Baptismus
3788 5003 3993 5055 Act-8·
4029 5004 4103 5059 13-

2206 5133 2363 5187 non
2436 5113 2770 5208 profuit,
2843 5114 3030 5206 quia
3090 5113 3521 5187 invisibilis
3596 5134 3758 5187 non
3894 5081 4010 5132 ‘m'

2208 5231 2481 5313 affuit;
2529 5231 2659 5304 sed
2695 5231 2979 5323 quibus
3013 5230 3444 5304 invisibilis
3496 5231 3753 5315 affuit,

2213 5347 2522 5441 profuit
2587 5377 2643 5418 ».
2706 5350 2874 5423 Nec
2942 5351 3265 5424 tantum
3304 5350 3524 5423 valet
3563 5349 3755 5422 fides

2208 5465 2471 5536 aliena
2533 5465 2900 5558 parvulo,
2974 5469 3361 5559 quantum
3421 5466 3761 5559 propria

2211 5580 2511 5654 adulto.
2565 5581 2942 5655 Par-vulis
2983 5581 3200 5656 enim
3248 5602 3409 5655 non
3460 5581 3760 5657 sufficit
