4287 6313
599 363 717 425 300

323 550 503 623 pm
599 525 948 607 disparato,
1005 533 1217 611 potuit
1258 535 1473 594 autem
1515 531 1603 593 ita
1661 532 2044 613 contingere
2077 548 2161 594 ex

283 612 546 730 megco-
602 644 845 708 malitia
874 649 1171 711 ministri.
1219 648 1406 712 Unde
1457 648 1746 712 Gnostici
1792 648 1969 727 apud
2023 651 2159 711 Ire-

290 738 536 793 Irenaeus.
603 775 814 823 naeum
857 761 968 825 lib.
1021 765 1073 826 1.
1129 780 1274 842 cap.
1332 764 1426 826 18.
1477 765 1543 827 in
1591 766 1847 825 nomine
1894 762 2043 845 (seu
2090 767 2160 827 in

604 891 854 946 nomen,
886 880 960 938 ut
989 876 1168 956 apud
1198 877 1360 940 alios
1389 875 1655 959 legitur)
1690 881 1905 942 Patris
1934 879 2155 955 ignoti,

605 997 661 1053 et
709 996 996 1055 veritatis
1053 997 1287 1056 matris
1346 999 1658 1064 omnium.
1724 996 2161 1058 descendentis

600 1111 772 1183 lesu,
847 1114 971 1173 etc.
1036 1111 1477 1189 baptizabant.
1548 1111 1703 1186 Quae
1766 1110 1975 1173 forma
2028 1115 2159 1173 tam

604 1225 929 1304 disparata
983 1227 1266 1300 videtur,
1320 1244 1518 1307 quam
1571 1229 1767 1306 prior,
1805 1229 2060 1290 etiamsi
2091 1229 2157 1288 in

602 1359 806 1405 sensu
859 1343 1342 1424 intelligeretur
1383 1343 1643 1407 diverso
1689 1345 1772 1406 ab
1815 1362 1893 1406 eo
1956 1359 2159 1424 quem

596 1459 724 1537 Jam
756 1459 1247 1538 explicavimus,

367 1584 447 1634 33.
685 1578 923 1654 Quinta
954 1579 1183 1658 regula
1214 1599 1228 1639 :
1264 1582 1573 1640 E'amdem
1605 1594 1735 1639 esse
1773 1578 2069 1653 formam
2099 1583 2157 1637 et

318 1646 514 1774 32¹3?
603 1696 958 1756 materiam
995 1700 1577 1757 sacramentorum
1610 1709 1738 1771 per
1784 1694 2157 1753 universam

255 1773 550 1883 ωξὲζῑζῖ.-
603 1810 1281 1883 .Ecclesiam,eamdem
1309 1814 1451 1874 dieo
1483 1812 1702 1889 quoad
1731 1809 2152 1871 substantiam

231 1953 238 1956 ·
345 1910 485 1947 ''¹¹¹¹''
607 1932 664 1988 et
711 1930 1074 1990 essentiam.
1127 1929 1268 1990 Haec
1317 1929 1418 1988 est
1473 1925 1558 1989 de
1604 1924 1761 1998 fide,
1819 1929 2154 1987 etcontra

605 2041 930 2122 quosdam
973 2044 1358 2107 canonistas
1405 2045 1472 2106 in
1522 2060 1667 2122 cap.
1725 2044 1778 2105 l.
1823 2044 1899 2105 de
1939 2044 2155 2119 Bapti-

602 2175 764 2231 smo,
800 2161 910 2241 qui
955 2166 1186 2241 putant
1215 2162 1282 2223 in
1311 2161 1596 2224 Ecclesia
1628 2161 1844 2222 Graeca
1888 2157 2155 2222 suffice-

604 2293 677 2342 re
710 2280 1157 2356 praescriptam
1199 2276 1478 2341 formam
1530 2279 1908 2354 baptizetur,
1940 2281 2066 2338 etc.
2099 2274 2154 2335 si

604 2392 750 2472 quis
808 2396 1031 2455 tamen
1090 2394 1157 2455 in
1214 2373 1434 2455 Latina
1498 2409 1576 2454 ea
1629 2398 1947 2464 uteretur,
1991 2393 2154 2455 nihil

254 2494 876 2572 1‘'¹¹¹¹‘¹²¹¹¹s¹‘-’¹[²·faceret..
937 2509 1121 2573 Ratio
1185 2509 1478 2572 veritatis
1533 2513 1656 2581 est,
1715 2509 1866 2587 quia
1919 2509 2153 2570 Sacra-

270 2565 552 2686 nggffisae
605 2634 822 2690 menta
875 2627 1096 2708 quoad
1167 2628 1603 2690 substantiam
1674 2642 1803 2688 non
1871 2626 2153 2690 subsunt

305 2684 516 2748 regulae.
600 2747 926 2824 Ecclesiae,
983 2747 1104 2808 sed
1169 2746 1389 2825 quoad
1463 2745 2024 2823 dispensationem
2085 2750 2154 2807 et

600 2868 798 2928 ritum
840 2862 1318 2926 accidentalem
1380 2879 1502 2925 seu
1560 2866 2024 2937 extrinsecum,
2081 2865 2153 2923 ut

603 2981 913 3061 supponit
939 2979 1389 3044 Tridentinum
1413 2997 1561 3043 sess.
1594 2982 1693 3043 21.
1730 2998 1875 3056 cap.
1906 2983 1966 3043 2.

373 3174 382 3184 ,
684 3099 972 3160 Fuerunt
1015 3099 1082 3159 et
1132 3095 1239 3158 alii
1300 3110 1556 3159 errores
1621 3095 1787 3158 circa
1848 3096 2148 3159 substan-

293 3172 533 3287 Τῖἶὲῗῖἶι·
607 3217 757 3277 tiam
803 3213 1024 3277 formae
1077 3213 1506 3292 baptismalis
1563 3216 1637 3274 ut
1692 3213 1952 3274 illorum
2040 3217 2149 3292 qui

249 3306 570 3427 0222?ssss
603 3335 667 3394 in
712 3331 978 3393 nomine
1038 3332 1230 3393 trium
1284 3329 1546 3390 Patrum
1616 3330 1717 3390 vel
1776 3328 1970 3391 trium
2027 3330 2147 3390 Pa-

578 3446 1018 3512 ·racletorum.
1083 3451 1380 3524 tempore
1421 3448 1887 3525 Apostolorum
1935 3449 2151 3524 bapti-

602 3565 868 3632 zabant,
944 3563 1029 3625 de
1100 3564 1340 3642 quibus
1401 3580 1608 3624 canon
1687 3565 1790 3626 48.
1870 3564 1975 3626 vel
2043 3564 2146 3627 49.

598 3680 1082 3759 Apostolorum.
1161 3680 1571 3752 Marcionitae,
1641 3681 1752 3759 qui
1836 3685 1901 3743 et
1971 3682 2146 3744 Gno-

599 3798 769 3871 stici,
865 3797 1203 3876 negabant
1282 3797 1493 3857 Deum
1584 3797 1867 3869 Patrem,
1951 3814 2150 3877 quem

600 3915 1075 3976 annuntiarunt
1107 3912 1451 3989 Scripturae
1500 3918 1565 3976 et
1612 3914 1948 3993 Prophetae
1999 3931 2149 3977 esse

600 4035 853 4109 patrem
900 4029 1158 4091 Domini
1192 4031 1420 4102 nostri,
1455 4031 1605 4109 quia
1636 4029 1746 4092 hic
1793 4035 1990 4092 notus
2022 4037 2146 4103 est,

600 4145 708 4207 ille
751 4160 909 4206 vero
968 4145 1263 4222 ignotuS,
1320 4141 1472 4206 ideo
1530 4143 1887 4206 utebantur
1941 4143 2149 4207 forma

600 4264 930 4340 praemissa
984 4279 1000 4321 t
1053 4264 1123 4321 ln
1167 4264 1422 4323 nomine
1465 4263 1683 4323 Patris
1728 4263 1955 4338 iqnotr',
2016 4266 2142 4324 etc.

599 4376 1003 4438 Paulianistae
1063 4375 1263 4437 etiam
1319 4391 1450 4436 non
1521 4376 1875 4438 servabant
1925 4394 2146 4441 veram

598 4490 896 4563 formam,
972 4494 1140 4554 sicut
1196 4496 1263 4552 et
1317 4491 1768 4573 cataphryges
1830 4496 1883 4555 l.
1951 4512 2010 4570 q.
2092 4497 2145 4557 l.

598 4610 812 4673 Nicen.
849 4625 988 4671 can.
1029 4606 1122 4671 19.
1156 4608 1373 4670 Ariani
1407 4609 1606 4669 etiam
1639 4610 2150 4688 corrumpebant

596 4724 896 4797 formam,
942 4726 1322 4788 Arelatense
1356 4728 1402 4787 I.
1437 4743 1578 4789 can.
1636 4728 1693 4788 8.
1744 4727 2150 4805 Nicephorus

599 4842 710 4902 lib.
765 4843 860 4904 13.
920 4859 1062 4917 cap.
1127 4844 1228 4904 35.
1290 4816 1671 4906 Eunomiani
1745 4843 2149 4923 quandoque

601 4974 731 5020 non
787 4958 1207 5036 baptizabant
1253 4958 1321 5021 in
1373 4960 1641 5021 nomine
1688 4961 1881 5021 trium
1925 4978 2149 5039 perso-

601 5090 852 5145 narum,
925 5073 1047 5137 sed
1098 5077 1167 5138 in
1225 5063 1500 5138 Domini'
1551 5082 1789 5150 morte,
1849 5079 2151 5144 Socrates

600 5190 713 5252 tio.
763 5189 821 5251 5.
857 5208 910 5251 e.
955 5189 1058 5253 23.
1108 5194 1261 5253 Can.
1295 5190 1394 5252 50.
1429 5190 1897 5267 Apostolorum.

681 5304 776 5386 (g)
806 5309 895 5368 De
923 5307 1291 5369 nominibus
1317 5308 1840 5384 siqnificantibus
1852 5314 2152 5389 proprie-

603 5428 789 5497 tates,
840 5429 964 5485 etc.
1011 5423 1354 5500 Proposuit
1393 5425 1688 5503 quinque
1719 5427 1975 5504 modos,
2012 5430 2151 5508 qui-

607 5539 730 5602 bus
759 5539 1032 5603 mutatio
1061 5539 1202 5604 fieri
1232 5546 1453 5618 potest
1493 5542 1556 5603 in
1601 5542 1725 5606 hac
1756 5542 1985 5617 forma,
2032 5561 2155 5624 per

378 5365 455 5415 34.

1747 368 1893 430 1218.
1925 369 2024 430 Ν.
2071 367 2664 431 SENTENTIARUM

2272 532 2704 594 variationem
2756 532 3078 595 dictionis
3128 533 3337 596 Primo
3380 530 3607 605 modo,
3637 538 3712 594 ut
3739 531 3819 592 sit

2269 650 2539 711 variatio
2612 649 2983 712 secundum
3038 667 3277 714 sonum
3334 648 3693 720 dumtaxat,
3755 653 3821 710 et

2273 778 2405 825 non
2456 762 2676 841 quoad
2739 763 3307 844 significationem,
3378 767 3490 825 aut
3546 759 3819 823 modum

2272 877 2708 959 significandi,
2770 883 2837 942 et
2891 880 3037 942 haec
3092 880 3360 944 variatio
3417 895 3550 942 non
3595 876 3811 941 officit.

2270 995 2412 1057 Alio
2457 994 2655 1058 modo
2700 1001 2772 1058 ut
2811 996 3078 1058 variatio
3109 996 3193 1057 sit
3236 994 3458 1075 quoad
3489 991 3818 1076 significa-

2274 1117 2516 1176 tionem
2560 1114 2765 1187 vociS,
2812 1120 2878 1176 et
2913 1110 3375 1194 significatum,
3415 1112 3522 1174 vel
3550 1112 3817 1174 omnino

2275 1230 2705 1308 disparatum,
2766 1235 2830 1292 et
2885 1231 2975 1291 sic
3034 1229 3193 1292 nihil
3233 1227 3370 1300 fiet,
3421 1228 3525 1290 vel
3574 1243 3813 1292 conve-

2272 1349 2462 1410 niens
2501 1347 2570 1409 in
2598 1363 2695 1421 re,
2741 1346 2859 1409 sed
2907 1347 3095 1409 aliter
3135 1344 3535 1428 significanS‚
3584 1350 3648 1407 et
3693 1345 3815 1407 sub

2272 1463 2392 1525 alia
2463 1464 2721 1525 ratione
2793 1478 2993 1541 quam
3059 1459 3336 1523 formam
3418 1462 3817 1539 praemissam

2273 1578 2679 1657 exprimitur,
2737 1579 2920 1642 verbi
2985 1580 3219 1658 gratia,
3292 1579 3347 1639 si
3404 1578 3818 1656 explicentur

2272 1700 2402 1756 tres
2459 1710 2755 1774 personae
2827 1710 2950 1773 per
3006 1694 3361 1757 dictionem
3405 1694 3813 1757 collectivam

2274 1812 2626 1886 Trinitatis,
2657 1811 2763 1872 vel
2793 1827 2912 1890 per
2942 1811 3379 1889 proprietates
3420 1812 3811 1884 notionaleS,

2268 1932 2341 1990 ut
2393 1929 2720 2006 qenitoris,
2764 1930 2967 2005 yeniti
3005 1936 3063 1989 et
3108 1929 3552 2004 procedentt's3
3595 1927 3701 1989 vel
3748 1926 3853 1986 in.

2268 2045 2485 2124 aliquo
2518 2062 2638 2123 per
2666 2044 2933 2106 modum
2985 2045 3260 2107 effectus
3310 2044 3631 2106 denotans
3680 2051 3812 2106 tres

2268 2177 2608 2241 personas,
2659 2162 2829 2225 sicut
2890 2165 3177 2225 Christus
3232 2162 3504 2225 denotat
3556 2178 3812 2243 ungen-
3923 2246 3931 2254 ·

2269 2286 2426 2353 tem,
2472 2279 2582 2357 qui
2633 2281 2735 2339 est
2776 2283 2987 2356 pater,
3037 2281 3332 2351 unctum,
3361 2280 3473 2358 qui
3503 2283 3603 2340 est
3643 2277 3810 2356 ipse,

2267 2401 2333 2459 et
2415 2395 2814 2467 unctionem,
2904 2412 3044 2475 quae
3112 2394 3436 2476 significat
3503 2394 3811 2472 Spiritum

2264 2517 2589 2577 sanctum.
2660 2513 2752 2572 Ac
2827 2510 3098 2574 tandem
3167 2512 3436 2574 resolvit
3506 2511 3663 2591 quid
3733 2512 3815 2574 sit

2263 2628 2628 2692 tenendum
2658 2629 2825 2692 circa
2858 2628 3033 2690 illam
3063 2626 3342 2691 formam
3386 2644 3403 2687 t
3452 2627 3714 2703 Baptizo
3753 2633 3813 2688 te

2263 2750 2330 2809 in
2387 2750 2643 2809 nomine
2682 2747 2994 2824 qenitoris
3033 2751 3091 2806 et
3128 2746 3353 2822 yeniti,
3386 2750 3442 2805 et
3465 2745 3811 2823 proceden-

2262 2867 2366 2938 tis,
2401 2869 2528 2926 etc.

2345 2981 2511 3043 Dicit
2533 2997 2692 3060 ergo
2724 2977 3002 3042 formam
3047 2977 3225 3039 illam
3254 2993 3388 3038 non
3434 2992 3583 3037 esse
3625 2974 3808 3039 suffi·
3957 3020 4041 3066 35·

2265 3097 2573 3170 cientem,
2634 3112 2778 3177 quae
2828 3101 2928 3158 est
2997 3093 3385 3158 communis
3455 3091 3811 3154 Altisiodo-
3866 3081 4145 3132 C⁰⁰C¹⁰⁸³0

2261 3215 2473 3278 rensis
2530 3214 2641 3277 lib.
2700 3216 2760 3275 3.
2823 3217 3110 3274 Summae
3163 3217 3353 3273 tract.
3407 3212 3467 3273 3.
3543 3227 3685 3287 cap.
3744 3211 3803 3272 4.
3837 3151 4149 3320 Ᾰῖἶῖῆῗὲἓέἶ.

2260 3333 2516 3395 Alensis
2559 3338 2621 3391 4.
2673 3335 2849 3406 part.
2911 3333 3128 3406 quaest.
3189 3328 3248 3391 8.
3309 3343 3395 3387 m.
3455 3328 3515 3389 3.
3569 3331 3696 3389 art.
3746 3329 3802 3389 3.
3838 3271 4142 3385 Dffl‘f'k'ss'm.

2265 3450 2339 3510 D.
2385 3449 2643 3512 Thomae
2674 3448 2732 3509 3.
2766 3451 2940 3523 part.
2974 3449 3195 3522 quaest.
3240 3446 3340 3508 66.
3376 3449 3503 3507 art.
3535 3445 3594 3506 5.
3631 3445 3721 3505 ad
3744 3446 3802 3505 7.
3840 3397 4166 3509 usgffisv.

2263 3569 2336 3628 D.
2385 3568 2853 3628 Bonaventurae
2883 3577 3030 3623 cum
3058 3561 3328 3640 reliquis
3358 3560 3812 3622 Sententiariis
3883 3523 4102 3573 summ·

2262 3685 2328 3745 in
2369 3684 2492 3744 hac
2532 3683 2676 3744 dist.
2737 3681 2929 3741 Sotus
2986 3684 3201 3741 autem
3252 3684 3455 3759 negat
3509 3680 3576 3740 in
3627 3678 3810 3755 praxi

2264 3814 2411 3861 esse
2454 3796 2869 3875 sequendam
2902 3796 3332 3867 contrariam;
3369 3793 3692 3873 quidquid
3732 3795 3815 3856 sit

2263 3915 2346 3977 de
2389 3914 2658 3977 veritate
2705 3912 2850 3990 ejus
2894 3910 3319 3988 speculativa,
3408 3925 3608 3989 quam
3658 3926 3808 3989 pro-

2260 4031 2549 4093 babilem
2606 4028 2803 4089 etiam
2870 4030 3101 4088 censet
3164 4027 3404 4088 Suarez
3473 4028 3635 4101 disp.
3707 4027 3807 4089 21.

2258 4154 2405 4208 sect.
2438 4147 2497 4206 4.
2534 4158 2666 4206 non
2698 4145 2762 4202 in
2791 4156 2917 4203 usu
2937 4140 3374 4220 sequendam.
3409 4140 3813 4204 contrariam

2260 4265 2678 4343 amplectitur
2730 4260 3082 4342 cajetanus
3152 4274 3355 4337 super
3415 4264 3542 4320 art.
3600 4261 3662 4320 5.
3732 4260 3807 4320 D.

2259 4384 2525 4444 Thomae
2582 4382 2726 4442 loco
2774 4379 2990 4452 citato,
3027 4380 3094 4439 et
3135 4376 3413 4438 Victoria
3460 4378 3536 4438 de
3593 4379 3809 4453 Bapti-
3889 4436 4154 4487 Probauo

2260 4515 2396 4559 smo
2430 4498 2470 4578 S
2516 4499 2609 4561 14.
2658 4495 2974 4557 Probatur
3020 4494 3275 4554 ratione
3324 4493 3620 4555 Doctoris
3651 4508 3803 4553 sen·
3869 4502 4136 4549 conclusi-

2263 4615 2463 4681 ῑθῐὶῑῐᾶ
2498 4610 2887 4685 communis,
2948 4610 3099 4689 quia
3128 4610 3299 4670 sicut
3325 4607 3560 4670 Judaeis
3585 4605 3809 4669 datum
3935 4581 4072 4614 ⁰¹³¹*

2264 4736 2365 4793 est
2393 4744 2638 4792 nomen
2666 4728 2931 4801 Jehova,
2961 4728 3589 4807 Tetragrammaton.
3628 4721 3807 4804 quod

2261 4838 2587 4920 significat
2628 4839 2839 4900 Deum
2881 4838 3003 4900 sub
3033 4839 3289 4900 ratione
3321 4835 3614 4897 essentiae
3656 4852 3807 4913 pro·
3840 4887 4157 4947 congr-uen-

2262 4961 2439 5040 priae,
2473 4964 2540 5021 et
2570 4960 2756 5039 cujus
2789 4961 2964 5020 esset
2984 4973 3144 5019 usus
3174 4954 3539 5018 invocando
3573 4955 3806 5028 Deum,
3866 4953 4142 5078 apptjossita.

2265 5081 2330 5139 et
2375 5074 2803 5154 protestando
2832 5072 3031 5137 fidem
3062 5072 3257 5135 unius
3305 5071 3450 5143 Dei,
3500 5086 3647 5149 quae
3689 5067 3810 5133 fuit

2265 5193 2564 5271 explicita
2636 5194 2703 5255 in
2786 5192 3091 5254 omnibus
3162 5194 3229 5251 et
3295 5187 3572 5269 singulis
3638 5186 3810 5249 illius

2264 5311 2456 5392 legiS‚
2506 5311 2588 5373 ita
2636 5311 2857 5375 etiam.
2926 5324 3075 5370 cum
3131 5305 3296 5368 fides
3350 5306 3676 5367 Trinitatis
3729 5304 3811 5366 sit

2265 5429 2563 5506 explicita
2610 5430 2677 5490 in
2734 5425 2977 5504 populo
3031 5424 3412 5497 Christiano,
3471 5421 3555 5484 ad
3614 5439 3811 5502 quam

2265 5556 2498 5604 omnes
2555 5546 2884 5615 tenentur,
2956 5541 3124 5601 sicut
3181 5536 3281 5600 ad·
3331 5536 3805 5600 invocationem
