4287 6313
46 852 363 903 Charactex·

98 929 215 963 non
240 921 321 965 est

56 977 356 1041 dispositio

55 1040 132 1089 ad
173 1040 355 1103 fldem,

161 1102 262 1151 sed

24 1166 103 1213 ad
127 1164 385 1228 gratiam.

132 5282 363 5335 Definitio

126 5344 380 5413 Baptismi.

1494 455 1693 521 Dls'r.
1723 456 1827 520 vl.
1874 454 2234 531 QUAEs'rlo
2277 453 2393 517 Xl.
3352 478 3355 481 ¹
3524 450 3637 515 651

408 617 772 707 quaedam
824 618 1057 710 signa
1116 614 1727 691 manifestantia
1769 615 1964 688 illud

2030 617 2405 729 &abluentffi
2459 628 2520 683 et
2558 618 2756 684 verba
2802 629 3004 698 certa,
3062 630 3281 684 actum
3319 628 3380 683 et
3427 615 3634 683 susci-

1965 676 2016 755 εἴ

406 753 584 805 esse
624 732 973 804 firmum.
1966 742 2011 813 ρ’*
2071 735 2384 820 piantem,
2432 756 2574 799 cum
2605 736 3028 801 invocatione
3076 735 3434 801 Trinitatis
3464 731 3638 797 desi-

500 846 614 918 Ad
674 851 1247 938 argumentum
1317 847 1398 918 in
1468 810 1993 939 oppositum}
2073 853 2355 935 qnantia
2375 852 2782 936 proferente,
2813 861 2948 916 tam
2979 852 3052 916 in
3082 849 3412 916 abluendo
3443 868 3640 935 quam

415 966 635 1053 patet
706 964 909 1054 quod
969 962 1404 1036 character
1456 982 1617 1034 non
1673 965 1800 1036 est
1857 932 1991 1073 (li-³5

414 1078 759 1170 spositio
796 1079 1174 1171 proxima
1206 1080 1299 1152 ad
1338 1078 1597 1160 fidem,
1645 1081 1730 1149 ut
1771 1077 1962 1149 fides
2008 1066 2013 1071 ’

410 1198 558 1277 est,
608 1194 741 1267 sed
772 1199 895 1269 est
927 1194 1356 1288 dispositio
1391 1194 1485 1267 ad
1522 1194 1746 1266 illam
1793 1182 1984 1287 per-'

410 1307 873 1399 sectionem,
928 1333 1103 1405 quae
1147 1312 1717 1405 principaliter
1782 1332 1963 1384 con·

406 1411 1017 1501 format⁸totam
1052 1427 1407 1501 animam
1440 1430 1647 1512 Deo;
1683 1433 1762 1501 et
1796 1427 1965 1500 haec

405 1548 530 1618 est
605 1545 879 1636 gratia
995 1566 1169 1636 quae
1234 1548 1360 1618 est
1437 1544 1712 1617 eadem
1781 1564 1964 1617 011111

409 1660 845 1746 charitate,
881 1666 960 1733 et
1029 1659 1109 1732 in
1175 1660 1624 1742 voluntate,
1697 1665 1786 1733 ut
1852 1660 1966 1732 di-

407 1782 628 1852 ctum
716 1781 865 1850 est.
953 1777 1069 1848 Ad
1139 1776 1544 1848 rationem
1622 1775 1966 1850 alterius

409 1891 869 1985 positioniS,
905 1892 1079 1964 dico
1115 1891 1318 1983 quod
1356 1892 1722 1983 quamvis
1761 1893 1967 1965 male

414 2010 832 2103 probetur,
918 2010 1124 2102 quod
1201 2010 1635 2083 character
1712 2010 1819 2085 sit
1890 2012 1967 2084 in

415 2128 782 2222 potentia
858 2127 1178 2211 animae,
1269 2129 1543 2199 tamen
1618 2129 1966 2201 concedo

417 2246 566 2317 hoc
598 2248 941 2337 propter
974 2241 1187 2314 aliud
1221 2244 1723 2325 antecedens,
1762 2248 1968 2336 quod

419 2358 742 2451 accipit,
827 2357 1165 2440 scilicet,
1252 2359 1453 2451 quod
1532 2358 1801 2431 forma
1876 2362 1964 2440 ad

419 2496 661 2567 quam
694 2474 1046 2568 disponit
1081 2477 1203 2546 est
1248 2475 1637 2567 potentia,
1676 2481 1755 2551 et
1791 2497 1969 2549 con-

415 2593 630 2676 ced0,
693 2592 899 2683 quod
955 2592 1034 2663 in
1095 2611 1275 2672 una,
1311 2597 1394 2666 et
1444 2591 1525 2664 in
1574 2591 1740 2675 illa,
1795 2614 1970 2685 quae

417 2711 543 2782 est
624 2708 1167 2801 principalior
1259 2708 1340 2780 in
1425 2708 1804 2800 imagine,
1888 2708 1968 2781 in

422 2823 651 2916 cujus
707 2824 1196 2916 figuratione
1249 2825 1629 2899 consistit
1676 2825 1972 2918 princi-

427 2939 724 3032 paliter
781 2942 959 3013 tota
1018 2938 1405 3029 figuratio
1466 2940 1781 3024 anirnae,
1845 2940 1971 3012 vel

425 3055 809 3148 imaginis
847 3056 942 3129 ad
972 3056 1487 3130 Trinitatem.

996 3299 1391 3357 SCHOLIUM.

500 3468 904 3540 Epilogando,
954 3484 1029 3523 ex
1068 3467 1251 3526 dictis
1289 3469 1389 3525 his
1426 3469 1631 3526 tribus
1660 3469 1977 3528 distincti-

427 3565 650 3623 onibus
679 3564 924 3634 colligit
953 3564 1180 3620 claram
1227 3569 1288 3620 et
1334 3566 1705 3636 completam
1755 3566 1976 3624 defini-

430 3666 656 3722 tionem
689 3663 1008 3735 Baptismi,
1043 3666 1102 3720 et
1131 3663 1402 3733 explicat
1449 3664 1735 3734 singulas
1780 3667 1978 3736 parti·-

428 3763 603 3820 culas
634 3764 772 3834 ejus
802 3761 1213 3819 exactissime.

524 3986 640 4054 Ex
698 3982 931 4055 dictis
993 4002 1040 4054 a
1102 3982 1498 4075 principio
1550 3987 1844 4053 distinct.
1908 3988 1972 4057 3.

435 4119 685 4191 usque
714 4097 895 4181 huc,
930 4104 1196 4191 potest
1227 4099 1504 4189 colligi
1556 4119 1715 4171 una
1763 4102 1977 4173 ratio

430 4214 830 4307 Baptismi
907 4214 1369 4306 exprimens
1434 4217 1730 4297 omnia,
1806 4239 1978 4309 quae

429 4337 616 4406 sunt
665 4330 1158 4424 simpliciter
1199 4333 1664 4404 necessaria
1711 4335 1806 4406 ad
1856 4355 1979 4406 ra·

426 4449 733 4523 tionem
767 4448 1193 4540 Baptismi,
1233 4448 1419 4540 quia
1473 4450 1540 4521 si
1587 4471 1978 4541 ponamus

424 4567 913 4641 relationem
965 4566 1190 4637 illam
1246 4565 1479 4657 signi,
1551 4587 1795 4658 quam
1835 4570 1982 4642 irn-

426 4687 702 4778 portat
744 4681 1239 4776 Baptismus,
1313 4682 1633 4755 fundari
1686 4685 1766 4755 in
1832 4687 1977 4759 illa

424 4801 860 4881 ablutione,
898 4800 983 4871 ut
1018 4798 1099 4871 in
1141 4798 1660 4872 fundamento
1713 4803 1979 4875 totali,

423 4918 766 4990 habente
871 4919 1143 4990 tamen
1237 4915 1791 4990 habitudinem
1889 4922 1985 4993 ad

426 5033 697 5115 verba,
771 5035 851 5105 et
911 5031 1073 5103 alia
1132 5032 1792 5116 concomitantia,
1847 5056 1983 5129 po-

430 5152 590 5223 test
684 5149 873 5224 talis
953 5149 1166 5223 ratio
1244 5151 1653 5243 assignari
1730 5151 1983 5244 ipsius

434 5265 834 5361 Baptismi
871 5271 893 5335 ε’
936 5270 1317 5356 Baptismus
1354 5279 1447 5334 est
1485 5270 1737 5336 ablutio
1776 5273 1985 5336 homi-

432 5389 540 5453 nis
569 5388 851 5453 viatoris
896 5386 1290 5471 aliqualiter
1340 5389 1832 5465 consentientis,
1884 5389 1988 5453 vel

438 5505 641 5568 libero
706 5503 990 5567 arbitrio
1049 5522 1392 5586 nunqnam
1460 5504 1587 5581 usi,
1649 5503 1836 5586 facta
1914 5505 1988 5569 in

436 5642 607 5707 aqna
668 5620 1055 5684 elementari
1118 5619 1360 5702 fictitia,
1440 5619 1521 5684 ab
1577 5619 1715 5683 alio
1779 5619 1988 5684 simul

2077 970 2148 1032 in
2219 966 2631 1052 proferendo
2709 966 3098 1033 intendente
3172 968 3399 1050 facere
3468 964 3645 1052 quod

2082 1084 2389 1149 Christus
2465 1084 2759 1148 institnit
2826 1082 3246 1167 faciendum,
3308 1081 3412 1147 vel
3467 1079 3644 1167 quod

2078 1199 2371 1266 intendit
2399 1201 2630 1284 facere
2663 1200 2964 1264 Ecclesia
3019 1199 3437 1277 Christiana,
3477 1197 3639 1280 effi-

2078 1318 2322 1381 caciter
2385 1316 2664 1401 siyrians
2747 1336 2830 1379 ea>
2897 1315 3322 1379 institutione
3400 1311 3642 1378 divina

2078 1434 2486 1500 ablutionem
2525 1435 2773 1497 animoe
2819 1455 2859 1497 a
2898 1442 3190 1518 peccata.

2169 1542 2606 1615 Particulae
2650 1539 2887 1633 hujus
2951 1539 3300 1613 rationis
3359 1542 3639 1631 patent
3667 1559 3964 1625 Expucatm·

2083 1659 2200 1732 sic
2260 1686 2274 1730 z
2359 1662 2647 1741 Ablucio,
2715 1662 3015 1727 distinct.
3088 1660 3152 1728 3.
3229 1659 3499 1747 quoescio
3563 1658 3630 1729 3.
3722 1624 3970 1753 1ςῖῗὲΐῖ

2081 1795 2244 1846 11011
2294 1774 2466 1848 (1100
2533 1773 2985 1868 persuasio,
3041 1794 3185 1846 nec
3237 1772 3636 1865 aspersio,
3697 1751 3963 1880 B‚p{{}m3‚

2082 1911 2229 1963 nec
2264 1890 2712 1974 immersio,
2749 1895 2829 1963 et
2876 1888 3028 1962 hoc
3069 1888 3199 1961 vel
3251 1888 3472 1962 trina
3514 1890 3643 1962 vel

2088 2007 2347 2089 unica,
2421 2007 2609 2098 quia
2680 2005 3087 2100 quodlibet
3169 2002 3470 2079 sufficit
3549 2006 3646 2079 ad

2084 2123 2520 2198 veritatem
2599 2124 3134 2200 sacramenti.
3204 2125 3350 2200 Sed
3419 2122 3648 2196 mini-

2085 2243 2258 2314 ster
2290 2241 2616 2312 tenetur
2650 2257 2985 2311 servare
3020 2240 3341 2312 modum
3377 2240 3643 2314 Eccle-

2087 2356 2253 2439 siae,
2319 2356 2399 2428 in
2458 2374 2609 2447 qua
2668 2353 3052 2447 baptizat.
3139 2358 3466 2443 Hominis,
3530 2376 3645 2428 se-

2085 2471 2431 2545 cundum
2465 2472 2732 2544 totum
2767 2490 3093 2563 corpus,
3147 2473 3273 2545 vel
3325 2475 3643 2565 partem

2088 2584 2648 2679 principalem,
2711 2585 2836 2657 vel
2913 2606 3500 2681 quamcumque
3571 2587 3650 2659 in

2087 2722 2281 2776 casu
2325 2703 2868 2788 necessitatiS,
2936 2709 3021 2778 ut
3082 2707 3307 2797 patet
3367 2703 3646 2778 distin-

2089 2820 2359 2895 ctione
2399 2823 2462 2892 lt.
2510 2824 2790 2912 quaest.
2836 2824 2903 2893 2.
2940 2825 3351 2911 Aliqualiter
3379 2846 3648 2891 consen-

2088 2941 2338 3019 tientiS,
2400 2938 2617 3029 patet
2659 2962 2741 3006 esc
2791 2940 3022 3006 eadem
3060 2940 3356 3006 distinct.
3416 2952 3644 3029 quoest.

2088 3054 2152 3124 4.
2213 3053 2309 3123 Et
2363 3051 2579 3126 forte
2636 3072 2795 3124 non
2857 3051 3159 3126 sufficit
3214 3054 3646 3126 secundum

2090 3190 2601 3243 communem
2682 3169 3144 3263 opinionem
3219 3169 3648 3245 habituali-

2092 3291 2221 3359 ter
2273 3286 2762 3368 consentire,
2830 3286 3003 3359 sine
3060 3285 3403 3360 virtuali
3462 3307 3644 3360 con-

2094 3422 2378 3483 sensu;
2467 3406 2744 3475 tamen
2810 3402 3003 3476 illud
3090 3405 3211 3476 est
3287 3402 3639 3484 dubium,

2094 3520 2284 3611 quia
2349 3519 2616 3590 minor
2673 3541 3116 3593 consensus
3179 3520 3480 3593 sufficit
3547 3520 3641 3591 ad

2093 3636 2687 3728 susceptionem
2734 3637 3244 3711 Sacramenti
3278 3657 3516 3729 quam
3549 3638 3642 3709 ad

2095 3753 2506 3836 meritum,
2572 3754 2704 3826 sed
2755 3755 2849 3827 ad
2898 3756 3282 3829 meritum
3345 3753 3645 3828 sufficit

2091 3868 2475 3944 virtualis
2507 3891 2974 3943 consensus.
3011 3871 3409 3944 Similiter
3443 3873 3647 3964 quod

2093 4007 2254 4058 non
2313 3990 2547 4059 utens
2608 3987 2930 4060 ratione
2999 3987 3105 4061 sit
3165 3975 3652 4080 simpliciter

2095 4123 2352 4198 capax
2457 4104 2994 4184 sacramenti,
3093 4124 3254 4176 non
3349 4103 3651 4175 habens

2095 4220 2454 4312 aliquam
2507 4219 3178 4312 dispositionem;
3242 4225 3322 4294 et
3385 4224 3656 4294 tamen

2097 4341 2331 4412 utens
2403 4335 2723 4407 ratione
2791 4356 2952 4408 non
3029 4336 3330 4409 habens
3402 4336 3654 4418 illam,

2097 4456 2320 4527 nullo
2365 4452 2598 4525 modo
2646 4452 2753 4526 sit
2796 4472 3080 4545 capax,
3127 4473 3285 4524 non
3339 4454 3660 4526 videtur

2099 4568 2541 4663 probabile,
2578 4566 2766 4660 quia
2808 4566 3031 4639 nulla
3071 4567 3501 4660 dispositio
3544 4568 3656 4640 vi-

2098 4685 2336 4758 detur
2367 4681 2853 4774 simpliciter
2886 4682 3352 4754 necessario
3392 4683 3659 4775 requi—

2101 4801 2286 4882 sita,
2375 4800 2500 4872 vel
2570 4820 2730 4872 non
2807 4801 3232 4892 requisita,
3314 4805 3658 4894 propter·

2100 4938 2335 4990 usum
2380 4916 2753 5000 rationis,
2791 4919 2918 4990 vel
2950 4938 3109 4989 non
3152 4915 3414 4990 usum.
3451 4922 3655 4990 Facta

2099 5037 2176 5102 in
2212 5058 2406 5124 aqua,
2474 5038 2626 5109 etc.
2690 5039 2915 5128 patet
2964 5038 3259 5103 distinct.
3312 5037 3377 5105 3.
3421 5049 3646 5125 quoest.

2097 5152 2163 5221 3.
2219 5151 2373 5220 Per
2422 5148 2574 5222 hoo
2615 5152 2887 5221 autem
2939 5150 3140 5242 quod
3185 5149 3485 5224 dicitur
3524 5154 3649 5219 ele-

2099 5268 2411 5344 mentari,
2475 5263 2933 5337 excluditur
2969 5266 3451 5357 quicumque
3511 5264 3649 5339 hu-

2103 5401 2286 5452 mor
2330 5381 2653 5463 mixtus‚
2702 5381 2835 5474 qui
2891 5380 3194 5455 dicitur
3240 5382 3651 5474 aequivoce

2102 5518 2335 5592 aqua,
2400 5501 2486 5572 ut
2555 5519 2762 5591 aqua
2824 5518 3188 5572 rosacea.
3253 5501 3408 5572 Per
3467 5498 3643 5582 hoc,

2102 5616 2306 5707 quod
2345 5615 2641 5690 dicitur
2681 5616 2920 5704 fluida,
2957 5617 3414 5690 excluditur
3443 5636 3650 5708 aqua
