4287 6313
203 1187 393 1236 Forma

165 1249 222 1298 in
230 1248 399 1298 valida
411 1286 425 1301 .

167 1552 429 1621 Quaeuam

170 1628 226 1661 m
235 1619 434 1662 vocatio

139 1674 452 1741 requiritur.

255 2587 340 2640 10.

169 4803 432 4868 Quamdiu

229 4868 398 4941 viguit

161 4938 441 5044 imitrssgsaio.

1547 442 1744 504 DlST.
1795 440 1897 504 111.
1926 439 2288 516 QUAESTlO
2334 437 2429 501 111.

486 604 626 673 sius
674 628 894 694 supra,
959 608 1234 696 requirit
1271 608 1602 676 Christum
1652 605 2021 672 subsisten-

484 734 641 804 tem,
697 721 904 789 forma
964 734 1182 790 autem
1252 722 1563 812 Baptismi
1632 721 1842 808 exigit
1913 740 2026 785 ex·

485 837 886 922 pressionem
992 860 1209 907 causae
1298 837 1700 926 principaliS‚
1783 847 1853 903 ut
1940 835 2026 904 sit

486 952 701 1020 valida
740 975 822 1021 ex
862 954 1263 1037 Florentino,
1305 967 1370 1022 et
1425 965 1732 1022 connotat
1780 953 2025 1041 princi-

488 1069 691 1156 pium,
735 1091 770 1136 a
804 1092 931 1159 quo
960 1084 1060 1140 est
1096 1071 1562 1151 sanctificatio;
1617 1070 1788 1137 unde
1829 1069 1883 1136 si
1928 1068 2027 1134 di-

487 1198 673 1253 catur
722 1210 737 1254 :
795 1189 1076 1275 Baptizo
1126 1200 1186 1254 ce
1231 1191 1305 1255 in
1362 1190 1730 1254 oeternitate
1799 1187 2027 1252 Patris

489 1311 547 1366 et
612 1300 785 1366 Filii
849 1312 910 1367 ec
978 1303 1274 1388 Spiritus
1336 1302 1572 1381 sancti,
1646 1320 1774 1366 non
1853 1310 2027 1367 esset

488 1416 780 1504 legitima
849 1417 1080 1496 forma,
1160 1417 1313 1505 quia
1380 1437 1509 1484 non
1595 1438 2028 1506 quaecumque

492 1535 816 1601 invocatio
846 1556 1160 1622 expressa
1199 1536 1397 1602 trium
1433 1555 1857 1622 personarum
1891 1535 2028 1603 exi-

489 1651 689 1738 gitur,
743 1663 801 1718 et
849 1648 1090 1720 sufficit
1156 1652 1236 1719 ad
1303 1655 1839 1729 Sacramentum;
1914 1650 2026 1717 sed

491 1766 622 1848 illa,
656 1788 783 1853 qua
833 1769 1224 1836 denotantur
1254 1789 1395 1835 esse
1424 1789 1616 1835 causa
1650 1767 2028 1854 principalis

489 1879 1048 1962 sanctificationis,
1103 1895 1172 1949 ut
1212 1883 1524 1971 supponit
1581 1882 2027 1950 Florentinum

490 1996 556 2060 in
602 1996 857 2064 ratione
905 1998 1235 2086 praedicta,
1293 2020 1418 2086 qua
1462 1998 1747 2066 declarat
1790 2019 1905 2085 per
1958 2019 2030 2065 se

489 2113 848 2199 spectantia
904 2114 982 2180 ad
1035 2116 1311 2181 formam
1364 2115 1904 2196 substantialiter,
1960 2128 2031 2183 ut

491 2228 655 2294 bene
692 2231 983 2316 vasquez
1022 2228 1272 2316 colligit
1313 2229 1488 2316 disp.
1555 2233 1704 2298 140.
1767 2252 1914 2318 cap.
1961 2237 2025 2299 4.

491 2344 613 2411 sub
682 2343 902 2425 finem,
961 2346 1087 2412 hoc
1152 2366 1281 2412 non
1346 2346 1611 2413 denotat
1668 2347 2025 2426 aeternitaS,

496 2482 706 2549 neque
738 2462 1144 2529 immensitas
1174 2463 1372 2530 trium
1406 2484 1858 2551 personarum.

579 2578 675 2644 Ad
734 2579 1137 2667 propositum
1205 2600 1363 2666 ergo
1413 2579 1798 2668 applicando
1867 2603 2032 2668 prae-

489 2694 725 2762 dictam
794 2695 1182 2776 doctrinam,
1229 2697 1371 2763 haec
1431 2698 1693 2764 forma:
1750 2699 2032 2785 Baptizo

493 2823 552 2876 ce
602 2794 676 2876 in}
723 2823 999 2877 mortem
1079 2812 1355 2892 Christi,
1430 2811 1533 2878 vel
1574 2814 1649 2878 in
1691 2813 2032 2879 Christum

489 2939 820 2994 mortuum
879 2928 1382 3014 reduplicative,
1457 2949 1606 3016 quae
1670 2940 1769 2995 est
1824 2931 2032 3017 aequi-

490 3043 739 3124 valenS,
788 3064 917 3110 non
960 3043 1223 3110 denotat
1258 3064 1521 3110 causam
1563 3045 2028 3113 subsistentem

488 3173 553 3227 et
584 3160 1034 3250 principalem,
1088 3161 1232 3227 sive
1264 3161 1696 3243 meritoriam,
1742 3185 1891 3252 quae
1934 3176 2033 3232 est

489 3277 787 3344 Christus
844 3277 1213 3344 subsistens
1269 3290 1333 3344 et
1400 3276 1752 3345 instituens
1806 3282 2033 3348 Sacra·

494 3405 808 3472 mentum,
906 3391 1047 3458 sive
1132 3392 1560 3481 principalem
1658 3394 2025 3482 physicam,

494 3529 640 3597 quoe
679 3521 779 3576 est
827 3508 1135 3587 Trinitas,
1189 3522 1258 3575 ut
1306 3509 1692 3596 importatur
1743 3533 1859 3599 per
1919 3534 2031 3580 no-

495 3647 643 3693 men
688 3627 943 3692 Christi
992 3626 1184 3692 modo
1239 3626 1584 3712 explicam,
1650 3648 1722 3695 ac
1761 3631 2034 3715 proinde

495 3743 701 3810 defuit
757 3741 1369 3831 sufficiens'jforma,
1416 3765 1531 3829 per
1588 3766 1782 3833 quam
1823 3747 2033 3814 deter-

495 3859 855 3926 minaretur
886 3858 994 3925 illa
1024 3859 1290 3940 abluti0,
1347 3872 1418 3929 ut
1458 3860 1641 3929 fleret
1672 3862 2029 3950 baptisma-

492 3977 595 4044 lis.

580 4097 766 4160 Hunc
793 4093 1096 4161 eumdem
1123 4115 1410 4163 errorem
1446 4116 1595 4164 esse
1624 4118 1801 4182 eum,
1838 4119 2031 4186 quem

489 4210 796 4276 damnant
840 4209 1158 4297 Apostoli,
1214 4222 1467 4279 constat
1515 4234 1595 4278 ex
1635 4225 1862 4281 tenore
1921 4218 2032 4282 Ca·

494 4324 711 4408 noni8‚
753 4345 948 4413 quem
998 4326 1361 4393 Eunomius
1393 4338 1618 4413 postea
1651 4331 2033 4417 assumpsit,

494 4454 724 4529 estque
787 4452 1077 4509 secutus,
1168 4442 1332 4510 Hinc
1390 4445 1687 4531 sequitur
1732 4445 1853 4512 hos
1911 4449 2032 4513 Ca-

499 4579 701 4625 nones
789 4578 918 4624 non
1002 4559 1432 4646 praejudicare
1504 4561 1793 4646 opinioni
1858 4582 2036 4628 com-

502 4677 707 4757 muni,
753 4696 945 4765 quam
1006 4697 1205 4764 supra
1253 4676 1691 4745 defendimus,
1730 4680 2039 4767 Sequitur

501 4795 772 4881 perinde
814 4816 895 4861 ex
944 4794 1275 4882 proedictis
1322 4815 1451 4861 non
1518 4795 1743 4863 haberi
1798 4797 2035 4865 trinam

505 4911 991 4978 immersionem
1076 4924 1370 4998 spectare
1434 4912 1512 4979 ad
1581 4913 2034 4981 necessitatem

501 5026 923 5104 Sacramenti,
994 5027 1107 5093 sed
1170 5026 1375 5094 fuisse
1433 5027 1865 5095 introductam
1927 5052 2042 5118 per

501 5144 764 5210 modum
806 5144 997 5223 ritus,
1035 5142 1101 5208 in
1146 5163 1273 5230 quo
1321 5144 1532 5231 magis
1581 5144 1882 5231 explicite
1932 5145 2040 5213 de·

497 5259 852 5326 clararetur
902 5258 1289 5346 mysterium
1323 5260 1684 5339 Trinitatis„
1721 5261 1825 5327 vel
1867 5274 2041 5330 certe

498 5374 855 5443 similitudo
895 5376 1331 5462 Baptismatis,
1388 5376 1465 5441 ad
1509 5375 1876 5443 triduanam
1940 5400 2039 5445 se-

501 5491 823 5579 pulturam
891 5491 1174 5572 Christi3
1235 5503 1300 5559 et
1355 5492 1567 5580 viguit
1627 5492 1692 5558 in
1752 5494 2037 5562 Ecclesia

498 5608 806 5677 Orientali
847 5621 910 5678 et
945 5608 1364 5691 occidentali,
1416 5630 1625 5697 usque
1673 5608 1752 5676 ad
1793 5614 2037 5699 Grego-

3546 428 3663 493 327

2132 602 2304 669 rium
2362 604 2697 689 Magnum,
2746 622 2893 688 quae
2950 594 3353 666 consuetudo
3406 605 3562 660 tunc
3611 592 3676 657 in

2127 718 2459 804 aliquibus
2499 718 2807 784 Ecclesiis
2847 729 2945 784 est
2984 716 3293 800 abrogata
3336 710 3412 776 ad
3455 728 3679 796 repro-

2130 833 2457 900 bationem
2500 835 2766 913 erroriS,
2805 833 2916 920 qui
2949 852 3064 918 per
3103 850 3245 896 eam
3276 849 3312 895 a
3352 824 3680 894 schisma-

2131 950 2280 1016 ticis
2310 960 2374 1016 et
2403 949 2728 1016 haereticis
2789 949 3147 1015 intentatus
3191 954 3313 1026 est,
3358 954 3553 1030 atque
3596 960 3677 1007 ex

2132 1065 2278 1132 aliis
2326 1065 2797 1152 congruentiis.
2834 1068 3101 1132 Factum
3154 1061 3470 1149 approbat
3508 1060 3676 1124 Pon-

2135 1190 2289 1256 tifex
2322 1211 2515 1278 quem
2556 1189 2852 1277 sequitur
2890 1187 3275 1255 Toletanum
3309 1185 3414 1251 IV.
3462 1201 3676 1269 neque
3704 1180 3873 1232 Tolet.
3919 1177 4018 1233 ιν.

2137 1309 2311 1375 enim
2354 1320 2632 1376 constat.

2227 1422 2352 1489 Sed
2417 1421 2681 1489 traditio
2755 1419 3149 1508 Apostolica,
3208 1418 3379 1485 sicut
3433 1416 3498 1481 in
3543 1414 3676 1481 illis

2138 1539 2512 1606 Canonibus
2552 1546 2842 1625 apparet,
2881 1536 3126 1624 passim
3158 1529 3673 1622 comprehendit,

2141 1676 2269 1721 non
2329 1653 2540 1721 solum
2575 1675 2722 1740 quse
2763 1674 2796 1718 a
2836 1651 3094 1718 Christo
3159 1648 3454 1715 ordinata
3500 1655 3677 1724 sunt,

2139 1783 2449 1858 tanquam
2492 1767 2882 1847 necessaria,
2928 1766 3042 1833 sed
3111 1785 3260 1852 quoe
3321 1761 3442 1850 ipsi
3504 1765 3680 1848 Apo-

2139 1888 2287 1954 stoli
2348 1910 2462 1975 per
2510 1885 2950 1954 assistentiam
2994 1883 3279 1971 Spiritus
3328 1878 3535 1947 sancti
3580 1899 3683 1944 or-

2139 2004 2451 2070 dinarunt
2527 2001 2959 2078 observanda,
3024 2009 3337 2085 tanquam
3405 1992 3681 2081 tempori
3784 2065 3787 2070 ,

2139 2140 2430 2206 congrua
2504 2134 2568 2185 et
2608 2117 2808 2184 statui
2869 2115 3183 2194 fidelium,
3248 2131 3528 2202 quarum
3568 2109 3682 2175 ali-

2137 2258 2264 2324 qua
2304 2233 2671 2302 differentia
2700 2254 2891 2300 casus
2921 2245 2986 2299 et
3032 2228 3676 2298 circumstantiarum

2139 2352 2498 2419 omittenda
2530 2351 2857 2439 exigebat.
2894 2349 3035 2416 Alia
3066 2334 3223 2414 vero
3254 2357 3503 2412 retenta
3534 2355 3689 2411 sunt

2141 2490 2292 2558 quae
2338 2467 2515 2534 omni
2576 2466 2853 2553 tempori
2894 2464 3296 2544 deserviunt,
3372 2482 3520 2527 nam
3580 2480 3686 2527 ea-

2145 2585 2291 2651 dem
2363 2594 2651 2671 potestas
2715 2582 2793 2647 ad
2850 2601 3272 2650 successores
3346 2576 3682 2657 transivit,

2148 2713 2218 2768 ut
2274 2699 2526 2786 possint
2563 2697 2758 2764 etiam
2807 2697 2978 2763 circa
3028 2700 3471 2775 Sacramenta,
3508 2693 3687 2760 salva

2145 2838 2370 2884 eorum
2410 2814 2798 2893 substantia,
2853 2835 2925 2879 ea
2975 2812 3304 2891 ordinare,
3354 2832 3502 2899 quae
3562 2809 3684 2875 uti-

2147 2931 2308 2998 litati
2351 2930 2641 2997 fidelium
2682 2941 2745 2994 et
2786 2930 3076 3015 ipsorum
3117 2930 3684 2994 Sacramentorum

2145 3048 2532 3117 reverentiae
2582 3046 2843 3126 cedunt,
2890 3057 2961 3111 ut
3015 3055 3188 3110 recte
3226 3042 3684 3109 Tridentinum

2141 3188 2296 3234 sess,
2363 3169 2469 3237 21.
2527 3187 2671 3252 cap.
2745 3167 2810 3231 2.
2873 3161 3285 3229 determinat.
3342 3159 3482 3226 Alia
3538 3179 3685 3247 quae

2141 3284 2221 3351 ad
2262 3285 2429 3349 hanc
2470 3281 2806 3348 materiam
2848 3278 3200 3345 ablutionis
3231 3287 3550 3363 spectant,
3592 3277 3686 3343 in-

2143 3399 2240 3464 fra
2292 3398 2753 3491 tractabuntur
2791 3416 2872 3462 ex
2920 3393 3261 3462 occasione
3294 3391 3360 3458 in
3409 3412 3685 3480 sequen-

2143 3517 2321 3583 tibus

2234 3632 2319 3721 (c)
2354 3634 2439 3697 Et
2475 3635 2673 3719 hujus
2697 3629 3004 3718 probatio
3049 3648 3185 3694 non
3224 3638 3316 3693 est
3354 3628 3516 3708 alia,
3554 3637 3677 3694 etc.

2145 3751 2352 3835 Supra
2401 3749 2556 3816 disc.
2598 3752 2659 3814 1.
2696 3758 2921 3834 quoest.
2957 3749 3021 3811 2.
3066 3756 3199 3811 art.
3268 3747 3332 3811 2.
3381 3743 3685 3831 probavi·
3739 3775 3745 3785 ·

2149 3885 2294 3931 mus
2379 3867 2797 3931 Sacramenta
2875 3861 3114 3928 debere
3190 3858 3684 3926 similitudinem

2146 4001 2369 4047 earum
2406 4000 2624 4048 rerum
2667 3980 2928 4057 habere,
2967 3998 3245 4065 quarum
3277 3988 3433 4042 sunt
3463 3978 3686 4042 Sacra-

2150 4107 2385 4174 menta,
2440 4095 2608 4161 sicut
2644 4114 2906 4160 causam
2952 4092 3403 4159 instructionis
3445 4111 3526 4158 ex
3578 4111 3688 4174 ea-

2146 4209 2293 4275 dem
2370 4207 2823 4286 similitudine,
2914 4206 3273 4274 secundum
3362 4203 3690 4291 proporti-

2146 4348 2338 4394 onem
2380 4328 2811 4414 desumptam,
2868 4346 3016 4412 quae
3063 4325 3227 4390 ratio
3284 4322 3408 4389 fuit
3457 4333 3527 4389 ut
3575 4322 3685 4386 Sa-

2148 4455 2478 4510 cramenta
2523 4444 2586 4508 in
2654 4442 2849 4509 rebus
2889 4456 2953 4508 et
2999 4440 3218 4507 verbis
3268 4438 3686 4506 institueren-

2150 4573 2256 4627 tur
2314 4580 2395 4625 ex
2454 4560 2791 4646 Dionysi0‚
2856 4558 3347 4644 ChrysostomO,
3421 4568 3485 4623 et
3538 4556 3684 4624 aliis

2148 4677 2387 4742 citatis,
2467 4677 2630 4742 Hinc
2700 4680 2934 4743 Doctor
3018 4696 3100 4765 ex
3179 4674 3684 4761 proprietatibus

2152 4815 2340 4880 aquae
2419 4792 2734 4860 naturalis
2810 4791 3093 4858 declarat
3159 4790 3681 4877 congruentiam,

2151 4911 2324 4978 unde
2368 4912 2855 4976 Sacramentum
2908 4908 3216 4993 Baptismi
3270 4906 3335 4972 in
3388 4926 3577 4993 aqua,
3625 4919 3689 4973 et

2155 5046 2282 5091 non
2317 5025 2380 5090 in
2417 5024 2541 5090 alia
2596 5023 2826 5111 quavis
2878 5022 3143 5088 materia
3192 5021 3388 5087 fuerit
3427 5020 3691 5087 institu-

2151 5152 2315 5207 tum.
2373 5140 2645 5206 Easdem
2712 5138 3176 5225 congruentias
3245 5135 3439 5202 tradit
3498 5135 3688 5201 Alen-

2154 5259 2246 5327 sis
2286 5263 2350 5325 4.
2399 5267 2581 5344 part.
2626 5266 2852 5342 quaest.
2899 5259 2964 5320 8.
3015 5276 3102 5321 m.
3140 5255 3209 5321 3.
3273 5263 3404 5320 art.
3442 5256 3505 5320 2.
3554 5257 3683 5338 §L

3761 2955 3975 3008 Trident
3986 2996 3998 3009 .

3838 3632 3916 3683 11.

3794 5274 3971 5323 AlenS.

3721 5337 3791 5388 D.
3841 5336 4028 5390 Thom.

2155 5381 2226 5442 D.
2263 5376 2546 5440 Thomas
2576 5373 2650 5437 in
2669 5377 2732 5438 4.
2762 5366 2918 5438 dist.
2956 5374 3024 5438 3.
3056 5382 3258 5456 quoest
3320 5374 3383 5435 3.
3411 5375 3473 5436 3.
3501 5385 3681 5457 part.
3718 5403 3781 5452 D.
3830 5401 4031 5455 Bonav.

2152 5503 2377 5580 quoest.
2414 5495 2531 5560 66.
2601 5500 2731 5556 art.
2797 5491 2868 5554 3.
2930 5492 3010 5554 D.
3083 5492 3534 5555 Bonaventura
3575 5510 3687 5554 ea-

2150 5610 2300 5675 dem
2356 5609 2511 5676 disc.
2557 5607 2621 5675 3.
2682 5617 2861 5693 part.
2906 5609 2969 5673 2.
3041 5616 3173 5673 art.
3224 5610 3283 5670 1.
3328 5614 3553 5695 quoest.
3628 5605 3682 5672 l.

3800 5465 3963 5529 HugO.
