4287 6313
634 355 751 416 430

1785 352 1927 411 LIB.
1964 351 2065 413 IV.
2097 347 2690 411 SENTENTIARUM

615 518 677 579 2.
714 517 796 580 de
824 519 973 598 lege
1023 516 1346 579 ordinaria
1388 531 1519 576 non
1571 513 1775 574 deleri
1823 516 2162 589 peccatum
2265 510 2576 586 paenz‘tere
2621 510 2784 571 sicat
2828 513 3092 583 oportet,
3129 513 3197 567 ut
3241 510 3303 570 et
3330 510 3819 586 justificationis

620 636 992 712 personale,
1043 634 1166 694 nisi
1216 649 1336 710 per
1386 630 1853 709 poenitentiam,
1906 628 2009 690 vel
2057 627 2166 687 ali-

622 752 778 830 quid
835 752 1227 832 aequivalens
1281 751 1346 810 in
1401 748 1854 826 acceptatione
1922 746 2165 820 divina,

2276 627 2496 702 pratia
2524 627 2933 699 concedatur,
2977 625 3320 687 anathema
3369 629 3469 686 sit.
3519 628 3833 703 Loquitur

2278 746 2500 801 autem
2528 738 2610 800 de
2631 737 3098 818 justificatiane
3129 756 3248 817 per
3278 741 3819 816 Baptismum,at·

618 879 684 934 et
713 873 900 950 plura
944 873 1068 933 alia
1098 874 1244 933 loca
1279 871 1455 932 citari
1489 876 1783 947 possunt.
1818 869 1969 928 Haec
1994 868 2169 927 enim
2280 875 2409 936 que
2443 857 2640 920 adulti
2663 861 3059 936 peccatoris;
3085 858 3813 933 etsess.l4.cap.l.Fait

617 990 1002 1065 poenitentia
1045 988 1262 1049 solum
1312 986 1582 1061 respicit
1631 991 1974 1059 peccatum
2026 997 2170 1059 per-

621 1103 873 1174 sonale,
907 1118 1040 1164 non
1070 1099 1418 1180 originale,
1462 1105 1533 1158 ut
1575 1097 1889 1176 supponit
1935 1094 2170 1172 proba-

623 1218 709 1278 tio
742 1217 1117 1294 principalis
1165 1215 1594 1276 conclusionis
1639 1228 1953 1290 sequenS.

704 1334 1194 1397 Advertendum
1251 1339 1373 1408 est,
1428 1349 1651 1395 casum
1699 1332 1876 1391 hunc
1926 1325 2178 1388 admitti

626 1478 705 1523 ex
777 1463 1109 1539 principiis
1181 1460 1500 1529 DoctoriS,
1574 1471 1818 1532 nempe
1884 1452 2174 1513 adultum

625 1594 852 1638 carere
887 1594 1081 1654 posse
1113 1582 1383 1654 peccato
1422 1572 1668 1633 mortali
1700 1568 2054 1646 personali,
2094 1567 2175 1625 de

626 1713 757 1776 quo
812 1696 973 1757 alius
1018 1696 1204 1755 locus
1254 1698 1355 1753 est
1394 1688 1802 1760 disserendi;
1863 1684 2177 1748 eumdem

624 1821 846 1876 autem
894 1828 1116 1874 casum
1188 1808 1500 1888 supponit
1552 1808 1653 1868 hic
1725 1808 1790 1867 in
1860 1808 2041 1864 textu
2111 1804 2176 1863 in

624 1930 922 1992 secundo
992 1945 1242 2008 genere
1316 1925 1618 1994 fictionis,
1696 1937 1940 1998 nempe
2021 1918 2179 1980 dum

630 2053 865 2126 peccat
912 2043 1335 2123 suscipiendo
1396 2045 1914 2108 Sacramentum,
1963 2042 2184 2115 potest

626 2180 785 2243 ergo
819 2181 934 2242 per
978 2165 1199 2239 ipsum
1245 2160 1567 2221 accedere
1614 2173 1764 2218 cum
1801 2156 1941 2216 solo
1975 2155 2177 2232 origi-

626 2282 780 2354 nali,
817 2282 957 2341 sine
990 2279 1245 2341 mortali
1290 2275 1641 2354 personali,
1694 2280 1760 2333 et
1811 2278 1964 2333 tunc
2008 2269 2182 2332 suffi-

629 2404 713 2461 cit
745 2401 802 2460 ei
832 2398 1131 2460 voluntas
1165 2393 1525 2471 recipiendi
1561 2394 2084 2461 Sacramentum,
2119 2393 2187 2448 et

628 2515 817 2591 fideS,
877 2516 1018 2576 sine
1093 2513 1492 2591 poenitentia,
1555 2507 1736 2586 quod
1790 2507 2186 2584 supponitur

633 2631 799 2694 infra
850 2647 914 2708 q.
967 2632 1030 2691 7.
1085 2632 1150 2692 in
1198 2626 1352 2697 fine,
1405 2643 1462 2685 υ.
1514 2626 1695 2697 Quod
1736 2625 1795 2683 si
1834 2638 2185 2698 compare&

638 2755 766 2810 etc.

415 2898 464 2948 g·
719 2865 1036 2927 Probatur
1106 2879 1262 2937 ergo
1322 2859 1678 2931 conclusiO,
1750 2858 2056 2917 Actorum
2124 2856 2184 2914 2.

283 2961 613 3089 Ρὲξξζξζξζ
646 2984 1089 3045 Paenitentiam
1129 2980 1321 3055 ayz’te,
1355 2981 1412 3037 et
1443 2976 1802 3051 baptizetur
1843 2976 2190 3047 unusquis-

642 3120 764 3179 que
791 3095 1094 3169 vestrum,
1128 3100 1253 3158 etc.
1285 3098 1528 3156 Auctor
1589 3090 1671 3152 de
1714 3107 1867 3152 vera
1914 3097 1982 3150 et
2025 3087 2187 3148 falsa

637 3198 1025 3297 poenitentia
1070 3231 1213 3291 cap.
1267 3213 1359 3275 18.
1419 3215 1780 3285 Baptismus
1828 3210 1963 3269 sz'ne
1984 3209 2188 3282 poenz'·

634 3338 833 3398 tentia
903 3347 1230 3409 nunquam
1281 3328 1536 3405 profuit
1596 3328 1657 3387 ei
1730 3327 1841 3401 qai
1898 3325 2189 3399 peccavit

632 3457 1014 3528 spontanee:
1044 3446 1334 3523 peccavit
1360 3447 1728 3520 spontanee,
1778 3441 2008 3518 inquit.
2065 3442 2189 3500 Au·

631 3568 935 3648 gustinus
994 3566 1187 3626 etiam
1231 3561 1421 3623 variis
1465 3560 1530 3618 in
1574 3559 1757 3629 lociS‚
1808 3572 1979 3633 soepe
2009 3554 2190 3618 idem

635 3685 848 3755 docet,
898 3691 970 3744 ut
999 3683 1177 3757 epist.
1227 3677 1324 3739 48.
1380 3683 1436 3737 et
1491 3676 1623 3737 118.
1681 3672 2060 3752 Fulgentius
2107 3672 2189 3732 de

633 3799 762 3862 fide
796 3797 878 3861 ad
912 3799 1171 3861 Petrum
1204 3812 1345 3871 cap.
1380 3794 1479 3853 30.
1533 3798 1594 3852 et
1641 3807 1719 3852 ex
1769 3789 1891 3849 hac
1934 3789 2188 3850 ratione

633 3916 1104 3997 injungebatur
1134 3916 1286 3973 ante
1320 3911 1721 3988 Baptismum
1753 3906 2184 3966 Catechume-

636 4036 737 4096 nis
770 4031 856 4094 ad
889 4027 1324 4094 exercendam
1373 4024 1854 4103 poenitentiam,
1893 4026 1966 4082 ut
2018 4020 2193 4099 puri-

643 4167 792 4214 ores
824 4146 1221 4210 accederent
1249 4142 1334 4206 ad
1363 4144 1695 4204 lavacrum
1739 4156 1945 4217 opera
1984 4138 2193 4214 poeni-

643 4266 962 4336 tentialia,
1005 4268 1078 4324 ut
1122 4258 1512 4322 abstinentia
1561 4273 1597 4316 a
1645 4270 1862 4327 carne,
1913 4256 2086 4324 vino,
2130 4261 2195 4316 et

348 4418 572 4482 Cyrinus
648 4384 811 4455 aliis,
887 4398 970 4442 ex
1035 4377 1270 4459 Cyrillo
1342 4373 1667 4436 catechesi
1719 4374 1914 4431 citata
1966 4385 2188 4444 supra.

284 4482 589 4597 Νῇἓξέξὲζῑ·
651 4497 913 4560 Concilo
957 4496 1053 4555 lV.
1099 4492 1587 4569 Carthaginens.
1639 4503 1782 4549 can.
1828 4486 1922 4544 85.
1976 4488 2194 4562 Augu·

648 4616 815 4680 stino
862 4617 938 4676 de
981 4612 1109 4687 fide
1151 4615 1206 4670 et
1246 4607 1565 4684 operibus,
1616 4621 1756 4681 cap.
1813 4602 1874 4663 6.
1921 4602 2191 4661 Nazian-

644 4749 832 4808 zen0‚
870 4736 1047 4793 Orat.
1083 4730 1151 4788 in
1175 4731 1466 4787 sanctum
1493 4723 1857 4783 lavacrum.

724 4853 911 4922 item,
943 4842 1392 4907 Tridentinum
1426 4855 1572 4900 sess,
1605 4837 1664 4897 6.
1699 4853 1837 4911 cap.
1878 4832 1938 4895 6.
1971 4832 2192 4894 decla-

640 4970 744 5030 rat
771 4960 1232 5045 poenitentiam
1261 4956 1699 5018 necessariam
1756 4967 1903 5011 esse
1954 4949 2037 5010 ad
2080 4950 2191 5027 Ju-

639 5082 1098 5146 stificationem
1156 5075 1359 5138 adulti
1416 5071 1810 5151 peccatoriS,
1871 5085 1995 5143 per
2050 5081 2198 5127 eam

632 5202 1101 5279 poenitentiam,
1173 5192 1407 5270 inquit,
1485 5204 1681 5265 quam
1752 5190 1897 5247 ante
1975 5186 2192 5260 Bapti-

639 5332 847 5379 smum
879 5314 991 5390 aqi
1016 5313 1284 5387 oportet,
1320 5311 1445 5367 etc.
1492 5308 1558 5366 et
1610 5319 1754 5363 can.
1815 5302 1875 5361 3.
1932 5302 2012 5360 Si
2054 5300 2199 5375 qais

636 5433 881 5499 dimerit
944 5432 1079 5492 sine
1143 5425 1563 5502 praevem'ente
1635 5420 1924 5496 Spiritus
1993 5417 2204 5478 sancti

632 5550 1083 5628 inspiratione,
1160 5549 1349 5619 atque
1421 5541 1562 5616 ejus
1634 5536 1993 5612 adjutorio,
2067 5536 2193 5594 etc.

2284 982 2518 1046 antem,
2566 975 2799 1052 inquit,
2847 977 3206 1036 necessaria
3257 975 3569 1035 universis
3623 975 3822 1034 homi·

2283 1092 2488 1161 uibus,
2525 1094 2641 1168 qui
2663 1090 2935 1151 mortali
2968 1090 3189 1167 aliquo
3209 1096 3475 1166 peccato
3512 1091 3836 1166 inquinas·

2283 1206 2626 1284 sent‚(nota
2657 1208 2788 1268 liaec
2821 1208 3112 1279 verba,in
3140 1206 3370 1284 quibus
3396 1205 3839 1283 praescribitur

2287 1325 2558 1385 materia
2605 1324 2869 1401 praecisa
2912 1325 3332 1399 poenitentiae,
3366 1323 3451 1385 ob
3485 1338 3684 1401 quam
3715 1339 3835 1384 ne·

2289 1440 2571 1500 cessaria
2621 1447 2714 1500 est
2765 1455 2911 1501 esse
2954 1444 3305 1517 peccatum
3336 1438 3630 1510 mortale,
3664 1444 3841 1498 actu-

2289 1556 2389 1616 ale
2434 1573 2556 1618 seu
2604 1558 2974 1633 personale,
3029 1561 3096 1618 et
3136 1573 3271 1618 non
3313 1554 3656 1636 originale)
3687 1571 3840 1631 quo·

2288 1673 2380 1730 vis
2425 1676 2712 1746 tempore
2757 1675 2844 1734 ad
2885 1673 3176 1747 qratiam
3217 1676 3272 1732 et
3305 1672 3637 1746 justitiam
3667 1685 3837 1731 asse-

2291 1791 2608 1862 quendam
2652 1790 3052 1862 necessaria,·
3101 1787 3232 1849 ictis
3289 1789 3488 1847 etiam
3547 1788 3665 1864 qui
3708 1790 3837 1846 Ba-

2284 1905 2512 1978 pte'smz'
2535 1905 2948 1965 Sacramento
2981 1905 3168 1966 ablui
3183 1905 3545 1982 petivissent
3584 1907 3653 1963 ut
3683 1919 3837 1979 per-

2291 2023 2589 2083 versitate
2620 2023 2884 2097 abjecta,
2920 2028 3046 2085 etc.
3083 2022 3263 2083 idem
3297 2021 3587 2083 declarat
3607 2038 3752 2098 cap.
3779 2021 3840 2082 4.

2293 2141 2357 2199 in
2402 2139 2745 2216 principio.

2375 2256 2532 2315 Hinc
2605 2255 2973 2316 excluditur
3041 2258 3368 2318 sententia
3436 2254 3564 2330 illa,
3642 2271 3842 2335 quam

2300 2372 2590 2433 tribuunt
2647 2371 2885 2450 injuste
2946 2370 3189 2448 praefati
3244 2377 3548 2432 auctores
3617 2377 3841 2432 nostro

2299 2489 2583 2559 Doctori,
2621 2489 2808 2567 cujus
2843 2487 3176 2550 conclusio
3215 2485 3561 2549 manifesta
3613 2490 3714 2548 est
3761 2502 3845 2548 ex

2298 2603 2416 2665 hac
2467 2605 2845 2681 quaestione,
2894 2606 2957 2665 in
3000 2620 3130 2682 qua
3159 2605 3292 2683 agit
3324 2603 3406 2665 de
3438 2603 3661 2666 adulto
3693 2620 3848 2681 pec-

2301 2725 2544 2793 catore,
2619 2719 2800 2797 cujus
2880 2720 3080 2782 verba
3171 2691 3487 2796 expressa
3558 2725 3712 2781 sunt
3781 2723 3847 2782 in

2302 2843 2524 2910 textu;
2575 2842 2641 2897 et
2683 2835 2919 2910 probat
2950 2852 3097 2896 eam
3127 2850 3211 2896 ex
3239 2836 3629 2915 Augustino,
3679 2837 3849 2897 libro

2299 2958 2375 3017 de
2438 2955 2822 3015 Poenitentiae
2863 2954 3208 3026 medimna,
3267 2970 3408 3032 cap.
3465 2954 3525 3013 2.
3591 2953 3696 3015 ubi
3743 2954 3849 3014 illa

2297 3072 2497 3134 verba
2536 3073 2721 3132 citata
2753 3070 2992 3143 habet;
3030 3070 3386 3147 imponitur
3415 3076 3635 3131 tamen
3657 3068 3843 3148 Caje-

2301 3194 2452 3250 tano
2486 3191 2542 3251 3.
2567 3193 2748 3263 part.
2771 3176 2999 3263 quaest.
3033 3187 3132 3248 86.
3183 3192 3308 3247 art.
3358 3187 3421 3249 2.
3469 3187 3669 3247 dubio
3701 3186 3847 3246 uttz‘·
3876 3206 4110 3273 cajetan.

2299 3323 2423 3375 mo,
2490 3306 2600 3382 qui
2664 3303 2897 3365 asserit
2967 3305 3371 3365 voluntatem
3442 3304 3845 3381 suscipiendi

2299 3422 2702 3497 Baptismum
2771 3420 2836 3478 in
2895 3419 3351 3481 remissionem
3422 3427 3847 3497 peccatorum

2302 3553 2446 3597 esse
2491 3533 2929 3597 sufficientem
2985 3536 3443 3613 poenitentiam
3512 3536 3653 3598 sine
3725 3537 3848 3600 alio

2304 3669 2616 3731 expresso
2690 3653 3026 3730 proposito
3113 3652 3431 3725 emendae,
3516 3654 3667 3731 quia
3746 3654 3851 3715 illa

2299 3774 2440 3848 ipsa
2522 3771 2823 3831 voluntas
2905 3773 3004 3830 est
3083 3769 3359 3830 virtuale
3443 3773 3854 3848 propositum

2303 3887 2805 3950 emendationis,
2855 3887 3147 3963 Explicat
3200 3903 3348 3947 eum
3394 3902 3687 3966 congrue
3728 3889 3852 3949 Su·-

2301 4022 2472 4077 arez,
2536 4004 2832 4083 quamvis
2902 4004 3080 4064 illam
3151 4004 3644 4065 excusationem
3717 4019 3848 4067 non

2302 4124 2595 4186 admittat
2623 4123 2942 4199 Vasquez.

2382 4242 2708 4304 Caeterum
2741 4239 3050 4317 quoniam
3100 4237 3394 4300 voluntas
3443 4236 3844 4315 suscipiendi
4002 4280 4051 4331 9·

2305 4358 2707 4421 sacramenti
2777 4356 2986 4433 possit
3039 4356 3323 4434 separari
3383 4373 3420 4415 a
3474 4357 3848 4432 poenitentia

2303 4477 2616 4554 requisita
2672 4473 2738 4535 in
2796 4473 3045 4544 adulto,
3096 4480 3159 4534 et
3202 4474 3416 4549 reipsa
3465 4473 3853 4551 contingere

2308 4597 2519 4673 possit
2615 4591 2755 4653 sine
2827 4588 3172 4652 sufficienti
3228 4589 3642 4665 poenitentia,
3717 4605 3859 4667 qua}
3939 4670 3946 4681 ἢ

2305 4726 2437 4770 non
2491 4711 2665 4770 esset
2713 4708 2951 4768 attritio
2994 4712 3108 4767 aut
3140 4705 3461 4778 contritio,
3497 4705 3648 4766 licet
3678 4712 3856 4766 esset

2307 4827 2644 4896 aestimata,
2716 4824 2823 4885 vel
2892 4840 3048 4892 una,
3117 4823 3222 4884 vel
3294 4825 3548 4896 altera;
3623 4822 3859 4885 modus

2305 4941 2621 5019 loquendi
2659 4939 2900 5003 dubius
2933 4947 3054 5013 est,
3103 4947 3168 5002 et
3211 4940 3545 5003 obscurus.
3590 4938 3690 5002 Ad
3722 4957 3857 5018 poe·

2305 5061 2670 5130 nitentiam,
2722 5075 2866 5136 quae
2914 5059 2997 5119 sit
3040 5054 3371 5119 fructuosa
3413 5058 3607 5120 etiam
3636 5060 3700 5119 in
3733 5060 3858 5120 Ba·
3963 5110 4157 5171 Qualis

2309 5175 2569 5252 ptismo,
2617 5174 2818 5253 exigit
2863 5170 3314 5235 Tridentinum
3375 5177 3621 5251 praeter
3670 5172 3858 5236 dolo·
3887 5173 4038 5244 debet
4076 5190 4198 5246 esse

2305 5309 2441 5354 rem
2478 5291 2882 5368 propositum
2915 5289 3391 5352 emendationis
3421 5307 3589 5353 sess,
3613 5291 3676 5353 6.
3711 5309 3856 5370 cap.
3888 5240 4232 5301 poemtenna.

2309 5412 2370 5473 6.
2413 5412 2718 5485 Denique,
2770 5408 3004 5486 inquit,
3045 5412 3202 5471 dum
3241 5415 3609 5486 proponunt
3654 5414 3861 5471 susci-

2295 5544 2456 5604 pere
2499 5528 2900 5603 Baptismum
2926 5526 3228 5588 inchoare
3265 5541 3498 5590 novam
3536 5528 3758 5600 vitam,
3808 5532 3865 5587 et
