<?xml version="1.0" encoding="UTF-8"?>
<!DOCTYPE html PUBLIC "-//W3C//DTD XHTML 1.0 Transitional//EN"
    "http://www.w3.org/TR/xhtml1/DTD/xhtml1-transitional.dtd">
<html xmlns="http://www.w3.org/1999/xhtml" xml:lang="en" lang="en">
 <head>
  <title>
</title>
<meta http-equiv="Content-Type" content="text/html;charset=utf-8" />
  <meta name='ocr-system' content='tesseract 3.04.00' />
  <meta name='ocr-capabilities' content='ocr_page ocr_carea ocr_par ocr_line ocrx_word'/>
</head>
<body>
  <div class='ocr_page' id='page_1' title='image "./joannisdunsscot01waddgoog_0039.png"; bbox 0 0 4287 6313; ppageno 0'>
   <div class='ocr_carea' id='block_1_1' title="bbox 1668 424 2422 501">
    <p class='ocr_par' dir='ltr' id='par_1_1' title="bbox 1668 424 2422 501">
     <span class='ocr_line' id='line_1_1' title="bbox 1668 424 2422 501; baseline -0.005 -14"><span class='ocrx_word' id='word_1_1' title='bbox 1668 425 1865 487; x_wconf 81' lang='lat' dir='ltr'>oisT.</span> <span class='ocrx_word' id='word_1_2' title='bbox 1902 425 1945 486; x_wconf 89' lang='lat'>1.</span> <span class='ocrx_word' id='word_1_3' title='bbox 1982 424 2342 501; x_wconf 74' lang='lat' dir='ltr'>QoAEsrio</span> <span class='ocrx_word' id='word_1_4' title='bbox 2380 425 2422 484; x_wconf 91' lang='lat'>1.</span> 
     </span>
    </p>
   </div>
   <div class='ocr_carea' id='block_1_2' title="bbox 106 581 1984 4028">
    <p class='ocr_par' dir='ltr' id='par_1_2' title="bbox 422 581 1979 886">
     <span class='ocr_line' id='line_1_2' title="bbox 426 581 1979 660; baseline -0.001 -16"><span class='ocrx_word' id='word_1_5' title='bbox 426 584 583 660; x_wconf 90' lang='lat' dir='ltr'>quia</span> <span class='ocrx_word' id='word_1_6' title='bbox 658 587 1069 647; x_wconf 88' lang='lat' dir='ltr'>necessarius</span> <span class='ocrx_word' id='word_1_7' title='bbox 1139 592 1239 648; x_wconf 88' lang='lat' dir='ltr'>est</span> <span class='ocrx_word' id='word_1_8' title='bbox 1314 602 1670 647; x_wconf 81' lang='lat' dir='ltr'><strong>concursus</strong></span> <span class='ocrx_word' id='word_1_9' title='bbox 1728 585 1844 645; x_wconf 91' lang='lat' dir='ltr'>Dei</span> <span class='ocrx_word' id='word_1_10' title='bbox 1892 581 1979 644; x_wconf 89' lang='lat' dir='ltr'>ad</span> 
     </span>
     <span class='ocr_line' id='line_1_3' title="bbox 423 697 1978 778; baseline 0.001 -21"><span class='ocrx_word' id='word_1_11' title='bbox 423 697 900 778; x_wconf 86' lang='lat' dir='ltr'>quodcumque</span> <span class='ocrx_word' id='word_1_12' title='bbox 960 717 1133 772; x_wconf 89' lang='lat' dir='ltr'>esse,</span> <span class='ocrx_word' id='word_1_13' title='bbox 1210 706 1277 762; x_wconf 88' lang='lat' dir='ltr'>et</span> <span class='ocrx_word' id='word_1_14' title='bbox 1363 717 1513 763; x_wconf 87' lang='lat' dir='ltr'>esse</span> <span class='ocrx_word' id='word_1_15' title='bbox 1600 700 1779 778; x_wconf 89' lang='lat' dir='ltr'>quod</span> <span class='ocrx_word' id='word_1_16' title='bbox 1837 701 1978 777; x_wconf 87' lang='lat' dir='ltr'>ipse</span> 
     </span>
     <span class='ocr_line' id='line_1_4' title="bbox 422 813 1975 886; baseline 0.003 -15"><span class='ocrx_word' id='word_1_17' title='bbox 422 813 670 886; x_wconf 77' lang='lat' dir='ltr'>astruit,</span> <span class='ocrx_word' id='word_1_18' title='bbox 735 831 884 876; x_wconf 89' lang='lat' dir='ltr'>esse</span> <span class='ocrx_word' id='word_1_19' title='bbox 960 817 1309 877; x_wconf 87' lang='lat' dir='ltr'>terminum</span> <span class='ocrx_word' id='word_1_20' title='bbox 1382 817 1756 883; x_wconf 77' lang='lat' dir='ltr'>creationis,</span> <span class='ocrx_word' id='word_1_21' title='bbox 1821 820 1885 873; x_wconf 90' lang='lat' dir='ltr'>et</span> <span class='ocrx_word' id='word_1_22' title='bbox 1942 833 1975 875; x_wconf 90' lang='lat' dir='ltr'>a</span> 
     </span>
    </p>

    <p class='ocr_par' dir='ltr' id='par_1_3' title="bbox 106 929 1984 1362">
     <span class='ocr_line' id='line_1_5' title="bbox 426 929 1975 1001; baseline 0.001 -13"><span class='ocrx_word' id='word_1_23' title='bbox 426 929 563 990; x_wconf 86' lang='lat' dir='ltr'>Deo</span> <span class='ocrx_word' id='word_1_24' title='bbox 624 934 897 1001; x_wconf 85' lang='lat' dir='ltr'>tantum,</span> <span class='ocrx_word' id='word_1_25' title='bbox 941 930 1185 992; x_wconf 87' lang='lat' dir='ltr'>includi</span> <span class='ocrx_word' id='word_1_26' title='bbox 1215 931 1280 991; x_wconf 92' lang='lat' dir='ltr'>in</span> <span class='ocrx_word' id='word_1_27' title='bbox 1314 939 1467 993; x_wconf 87' lang='lat' dir='ltr'>ente</span> <span class='ocrx_word' id='word_1_28' title='bbox 1517 930 1975 991; x_wconf 78' lang='lat' dir='ltr'>determinato,</span> 
     </span>
     <span class='ocr_line' id='line_1_6' title="bbox 106 1031 1984 1144; baseline 0.002 -39"><span class='ocrx_word' id='word_1_29' title='bbox 106 1031 403 1144; x_wconf 55' lang='grc' dir='ltr'>Μῖὲωθῐῦδ</span> <span class='ocrx_word' id='word_1_30' title='bbox 430 1045 564 1107; x_wconf 87' lang='lat' dir='ltr'>Sed</span> <span class='ocrx_word' id='word_1_31' title='bbox 596 1048 720 1107; x_wconf 89' lang='lat' dir='ltr'>hoc</span> <span class='ocrx_word' id='word_1_32' title='bbox 755 1031 885 1108; x_wconf 72' lang='lat' dir='ltr'>no’n</span> <span class='ocrx_word' id='word_1_33' title='bbox 929 1050 1244 1126; x_wconf 88' lang='lat' dir='ltr'>sequitur,</span> <span class='ocrx_word' id='word_1_34' title='bbox 1277 1049 1422 1126; x_wconf 91' lang='lat' dir='ltr'>quia</span> <span class='ocrx_word' id='word_1_35' title='bbox 1461 1049 1526 1109; x_wconf 90' lang='lat' dir='ltr'>in</span> <span class='ocrx_word' id='word_1_36' title='bbox 1561 1050 1774 1124; x_wconf 84' lang='lat' dir='ltr'>primis</span> <span class='ocrx_word' id='word_1_37' title='bbox 1819 1050 1984 1124; x_wconf 83' lang='lat' dir='ltr'>petit</span> 
     </span>
     <span class='ocr_line' id='line_1_7' title="bbox 125 1158 1978 1245; baseline 0.002 -21"><span class='ocrx_word' id='word_1_38' title='bbox 125 1158 361 1210; x_wconf 66' lang='lat' dir='ltr'>conciunt</span> <span class='ocrx_word' id='word_1_39' title='bbox 430 1164 848 1241; x_wconf 86' lang='lat' dir='ltr'>principium,</span> <span class='ocrx_word' id='word_1_40' title='bbox 897 1168 1051 1245; x_wconf 89' lang='lat' dir='ltr'>quia</span> <span class='ocrx_word' id='word_1_41' title='bbox 1106 1167 1470 1244; x_wconf 78' lang='lat' dir='ltr'>propositio</span> <span class='ocrx_word' id='word_1_42' title='bbox 1548 1167 1651 1227; x_wconf 89' lang='lat' dir='ltr'>illa</span> <span class='ocrx_word' id='word_1_43' title='bbox 1700 1182 1831 1226; x_wconf 83' lang='lat' dir='ltr'>non</span> <span class='ocrx_word' id='word_1_44' title='bbox 1880 1170 1978 1227; x_wconf 81' lang='lat' dir='ltr'>est</span> 
     </span>
     <span class='ocr_line' id='line_1_8' title="bbox 426 1284 1976 1362; baseline 0.001 -20"><span class='ocrx_word' id='word_1_45' title='bbox 426 1289 583 1342; x_wconf 88' lang='lat' dir='ltr'>nota</span> <span class='ocrx_word' id='word_1_46' title='bbox 609 1298 689 1342; x_wconf 77' lang='lat' dir='ltr'>ex</span> <span class='ocrx_word' id='word_1_47' title='bbox 717 1284 1027 1358; x_wconf 75' lang='lat' dir='ltr'>terminiS,</span> <span class='ocrx_word' id='word_1_48' title='bbox 1074 1300 1293 1361; x_wconf 91' lang='lat' dir='ltr'>neque</span> <span class='ocrx_word' id='word_1_49' title='bbox 1325 1300 1446 1362; x_wconf 92' lang='lat' dir='ltr'>per</span> <span class='ocrx_word' id='word_1_50' title='bbox 1482 1285 1805 1345; x_wconf 81' lang='lat' dir='ltr'>notiorem</span> <span class='ocrx_word' id='word_1_51' title='bbox 1836 1301 1976 1360; x_wconf 90' lang='lat' dir='ltr'>pro·</span> 
     </span>
    </p>

    <p class='ocr_par' dir='ltr' id='par_1_4' title="bbox 428 1398 1978 1591">
     <span class='ocr_line' id='line_1_9' title="bbox 428 1398 1978 1478; baseline 0.001 -21"><span class='ocrx_word' id='word_1_52' title='bbox 428 1399 646 1467; x_wconf 86' lang='lat' dir='ltr'>hatur,</span> <span class='ocrx_word' id='word_1_53' title='bbox 697 1402 845 1477; x_wconf 85' lang='lat' dir='ltr'>quia</span> <span class='ocrx_word' id='word_1_54' title='bbox 884 1416 1014 1462; x_wconf 81' lang='lat' dir='ltr'>non</span> <span class='ocrx_word' id='word_1_55' title='bbox 1071 1401 1462 1473; x_wconf 70' lang='lat' dir='ltr'>ostenditur,</span> <span class='ocrx_word' id='word_1_56' title='bbox 1540 1398 1719 1478; x_wconf 89' lang='lat' dir='ltr'>quod</span> <span class='ocrx_word' id='word_1_57' title='bbox 1776 1401 1978 1461; x_wconf 70' lang='lat' dir='ltr'>virtus</span> 
     </span>
     <span class='ocr_line' id='line_1_10' title="bbox 431 1512 1976 1591; baseline 0.003 -20"><span class='ocrx_word' id='word_1_58' title='bbox 431 1512 695 1573; x_wconf 88' lang='lat' dir='ltr'>creandi</span> <span class='ocrx_word' id='word_1_59' title='bbox 734 1513 1111 1590; x_wconf 87' lang='lat' dir='ltr'>participata</span> <span class='ocrx_word' id='word_1_60' title='bbox 1157 1529 1290 1575; x_wconf 89' lang='lat' dir='ltr'>non</span> <span class='ocrx_word' id='word_1_61' title='bbox 1350 1515 1558 1591; x_wconf 86' lang='lat' dir='ltr'>possit</span> <span class='ocrx_word' id='word_1_62' title='bbox 1611 1517 1976 1577; x_wconf 82' lang='lat' dir='ltr'>communi-</span> 
     </span>
    </p>

    <p class='ocr_par' dir='ltr' id='par_1_5' title="bbox 150 1629 1975 2053">
     <span class='ocr_line' id='line_1_11' title="bbox 150 1629 1974 1740; baseline 0.001 -51"><span class='ocrx_word' id='word_1_63' title='bbox 150 1692 344 1740; x_wconf 53' lang='lat' dir='ltr'>pama</span> <span class='ocrx_word' id='word_1_64' title='bbox 426 1629 559 1689; x_wconf 89' lang='lat' dir='ltr'>cari</span> <span class='ocrx_word' id='word_1_65' title='bbox 610 1636 945 1701; x_wconf 77' lang='lat' dir='ltr'>creaturae,</span> <span class='ocrx_word' id='word_1_66' title='bbox 1006 1630 1173 1689; x_wconf 80' lang='lat' dir='ltr'>sicut</span> <span class='ocrx_word' id='word_1_67' title='bbox 1217 1647 1294 1689; x_wconf 79' lang='lat' dir='ltr'>ex</span> <span class='ocrx_word' id='word_1_68' title='bbox 1341 1646 1419 1691; x_wconf 79' lang='lat' dir='ltr'>eo</span> <span class='ocrx_word' id='word_1_69' title='bbox 1478 1630 1658 1708; x_wconf 88' lang='lat' dir='ltr'>quod</span> <span class='ocrx_word' id='word_1_70' title='bbox 1718 1631 1781 1691; x_wconf 92' lang='lat' dir='ltr'>in</span> <span class='ocrx_word' id='word_1_71' title='bbox 1842 1634 1974 1691; x_wconf 90' lang='lat' dir='ltr'>Deo</span> 
     </span>
     <span class='ocr_line' id='line_1_12' title="bbox 164 1741 1974 1819; baseline 0.002 -17"><span class='ocrx_word' id='word_1_72' title='bbox 164 1752 325 1804; x_wconf 67' lang='lat' dir='ltr'>simili.</span> <span class='ocrx_word' id='word_1_73' title='bbox 425 1744 504 1801; x_wconf 89' lang='lat' dir='ltr'>sit</span> <span class='ocrx_word' id='word_1_74' title='bbox 565 1745 792 1811; x_wconf 84' lang='lat' dir='ltr'>virtus,</span> <span class='ocrx_word' id='word_1_75' title='bbox 828 1758 956 1819; x_wconf 89' lang='lat' dir='ltr'>qua</span> <span class='ocrx_word' id='word_1_76' title='bbox 989 1741 1368 1804; x_wconf 76' lang='lat' dir='ltr'>immediate</span> <span class='ocrx_word' id='word_1_77' title='bbox 1418 1743 1627 1819; x_wconf 91' lang='lat' dir='ltr'>possit</span> <span class='ocrx_word' id='word_1_78' title='bbox 1686 1742 1974 1805; x_wconf 83' lang='lat' dir='ltr'>educere</span> 
     </span>
     <span class='ocr_line' id='line_1_13' title="bbox 424 1856 1975 1936; baseline 0.002 -19"><span class='ocrx_word' id='word_1_79' title='bbox 424 1856 510 1917; x_wconf 89' lang='lat' dir='ltr'>de</span> <span class='ocrx_word' id='word_1_80' title='bbox 556 1858 852 1935; x_wconf 89' lang='lat' dir='ltr'>potentia</span> <span class='ocrx_word' id='word_1_81' title='bbox 931 1862 1215 1920; x_wconf 66' lang='lat' dir='ltr'>materia}</span> <span class='ocrx_word' id='word_1_82' title='bbox 1258 1860 1621 1936; x_wconf 79' lang='lat' dir='ltr'>quamlibet</span> <span class='ocrx_word' id='word_1_83' title='bbox 1704 1858 1975 1924; x_wconf 82' lang='lat' dir='ltr'>formam</span> 
     </span>
     <span class='ocr_line' id='line_1_14' title="bbox 423 1961 1973 2053; baseline 0.003 -21"><span class='ocrx_word' id='word_1_84' title='bbox 423 1961 848 2043; x_wconf 77' lang='lat' dir='ltr'>educibilem‚</span> <span class='ocrx_word' id='word_1_85' title='bbox 897 1989 1094 2051; x_wconf 79' lang='lat' dir='ltr'>quam</span> <span class='ocrx_word' id='word_1_86' title='bbox 1139 1975 1489 2050; x_wconf 90' lang='lat' dir='ltr'>potentiam</span> <span class='ocrx_word' id='word_1_87' title='bbox 1525 1976 1725 2037; x_wconf 84' lang='lat' dir='ltr'>liabet</span> <span class='ocrx_word' id='word_1_88' title='bbox 1768 1978 1973 2053; x_wconf 88' lang='lat' dir='ltr'>primo</span> 
     </span>
    </p>

    <p class='ocr_par' dir='ltr' id='par_1_6' title="bbox 420 2090 1978 2284">
     <span class='ocr_line' id='line_1_15' title="bbox 430 2090 1978 2168; baseline 0.002 -18"><span class='ocrx_word' id='word_1_89' title='bbox 430 2095 499 2150; x_wconf 89' lang='lat' dir='ltr'>et</span> <span class='ocrx_word' id='word_1_90' title='bbox 545 2106 665 2166; x_wconf 91' lang='lat' dir='ltr'>per</span> <span class='ocrx_word' id='word_1_91' title='bbox 712 2105 811 2161; x_wconf 90' lang='lat' dir='ltr'>se,</span> <span class='ocrx_word' id='word_1_92' title='bbox 890 2106 1021 2152; x_wconf 90' lang='lat' dir='ltr'>non</span> <span class='ocrx_word' id='word_1_93' title='bbox 1090 2090 1613 2168; x_wconf 89' lang='lat' dir='ltr'>participat-ione.</span> <span class='ocrx_word' id='word_1_94' title='bbox 1680 2093 1821 2152; x_wconf 83' lang='lat' dir='ltr'>Non</span> <span class='ocrx_word' id='word_1_95' title='bbox 1878 2108 1978 2153; x_wconf 84' lang='lat' dir='ltr'>se·</span> 
     </span>
     <span class='ocr_line' id='line_1_16' title="bbox 420 2205 1977 2284; baseline 0.002 -19"><span class='ocrx_word' id='word_1_96' title='bbox 420 2205 645 2284; x_wconf 83' lang='lat' dir='ltr'>quitur·</span> <span class='ocrx_word' id='word_1_97' title='bbox 690 2211 910 2267; x_wconf 86' lang='lat' dir='ltr'>tamen</span> <span class='ocrx_word' id='word_1_98' title='bbox 962 2206 1121 2282; x_wconf 89' lang='lat' dir='ltr'>quin</span> <span class='ocrx_word' id='word_1_99' title='bbox 1173 2205 1410 2267; x_wconf 86' lang='lat' dir='ltr'>eadem</span> <span class='ocrx_word' id='word_1_100' title='bbox 1455 2209 1656 2268; x_wconf 85' lang='lat' dir='ltr'>virtus</span> <span class='ocrx_word' id='word_1_101' title='bbox 1691 2222 1977 2268; x_wconf 88' lang='lat' dir='ltr'>commu·</span> 
     </span>
    </p>

    <p class='ocr_par' dir='ltr' id='par_1_7' title="bbox 420 2320 1976 2518">
     <span class='ocr_line' id='line_1_17' title="bbox 420 2320 1976 2400; baseline 0.001 -17"><span class='ocrx_word' id='word_1_102' title='bbox 420 2322 620 2383; x_wconf 90' lang='lat' dir='ltr'>nicari</span> <span class='ocrx_word' id='word_1_103' title='bbox 665 2321 873 2400; x_wconf 89' lang='lat' dir='ltr'>possit</span> <span class='ocrx_word' id='word_1_104' title='bbox 933 2338 1153 2383; x_wconf 83' lang='lat' dir='ltr'>causae</span> <span class='ocrx_word' id='word_1_105' title='bbox 1197 2320 1529 2393; x_wconf 81' lang='lat' dir='ltr'>secundae,</span> <span class='ocrx_word' id='word_1_106' title='bbox 1582 2338 1780 2398; x_wconf 86' lang='lat' dir='ltr'>quam</span> <span class='ocrx_word' id='word_1_107' title='bbox 1833 2340 1976 2400; x_wconf 91' lang='lat' dir='ltr'>par-</span> 
     </span>
     <span class='ocr_line' id='line_1_18' title="bbox 424 2435 1976 2518; baseline 0.001 -17"><span class='ocrx_word' id='word_1_108' title='bbox 424 2441 649 2518; x_wconf 87' lang='lat' dir='ltr'>ticipat</span> <span class='ocrx_word' id='word_1_109' title='bbox 677 2460 709 2502; x_wconf 87' lang='lat' dir='ltr'>a</span> <span class='ocrx_word' id='word_1_110' title='bbox 746 2440 994 2517; x_wconf 88' lang='lat' dir='ltr'>p1·ima;</span> <span class='ocrx_word' id='word_1_111' title='bbox 1031 2444 1097 2499; x_wconf 90' lang='lat' dir='ltr'>et</span> <span class='ocrx_word' id='word_1_112' title='bbox 1130 2440 1298 2501; x_wconf 86' lang='lat' dir='ltr'>sicut</span> <span class='ocrx_word' id='word_1_113' title='bbox 1344 2442 1518 2500; x_wconf 90' lang='lat' dir='ltr'>Deus</span> <span class='ocrx_word' id='word_1_114' title='bbox 1561 2456 1633 2501; x_wconf 90' lang='lat' dir='ltr'>se</span> <span class='ocrx_word' id='word_1_115' title='bbox 1689 2435 1831 2503; x_wconf 81' lang='lat' dir='ltr'>&#39;solo</span> <span class='ocrx_word' id='word_1_116' title='bbox 1868 2459 1976 2518; x_wconf 91' lang='lat' dir='ltr'>po·</span> 
     </span>
    </p>

    <p class='ocr_par' dir='ltr' id='par_1_8' title="bbox 424 2556 1977 2867">
     <span class='ocr_line' id='line_1_19' title="bbox 424 2556 1975 2637; baseline 0.001 -18"><span class='ocrx_word' id='word_1_117' title='bbox 424 2564 548 2619; x_wconf 89' lang='lat' dir='ltr'>test</span> <span class='ocrx_word' id='word_1_118' title='bbox 636 2556 1006 2635; x_wconf 89' lang='lat' dir='ltr'>producere</span> <span class='ocrx_word' id='word_1_119' title='bbox 1092 2556 1396 2618; x_wconf 81' lang='lat' dir='ltr'>effectum</span> <span class='ocrx_word' id='word_1_120' title='bbox 1484 2574 1975 2637; x_wconf 85' lang='lat' dir='ltr'>quemcumque</span> 
     </span>
     <span class='ocr_line' id='line_1_20' title="bbox 426 2674 1971 2752; baseline 0 -17"><span class='ocrx_word' id='word_1_121' title='bbox 426 2674 838 2752; x_wconf 87' lang='lat' dir='ltr'>particularis</span> <span class='ocrx_word' id='word_1_122' title='bbox 885 2688 1122 2745; x_wconf 82' lang='lat' dir='ltr'>causae,</span> <span class='ocrx_word' id='word_1_123' title='bbox 1155 2687 1287 2732; x_wconf 93' lang='lat' dir='ltr'>non</span> <span class='ocrx_word' id='word_1_124' title='bbox 1327 2674 1594 2735; x_wconf 86' lang='lat' dir='ltr'>involvit</span> <span class='ocrx_word' id='word_1_125' title='bbox 1651 2675 1810 2736; x_wconf 88' lang='lat' dir='ltr'>alias</span> <span class='ocrx_word' id='word_1_126' title='bbox 1859 2675 1971 2735; x_wconf 87' lang='lat' dir='ltr'>im-</span> 
     </span>
     <span class='ocr_line' id='line_1_21' title="bbox 425 2786 1977 2867; baseline -0.001 -16"><span class='ocrx_word' id='word_1_127' title='bbox 425 2788 927 2867; x_wconf 85' lang='lat' dir='ltr'>perfectionem,</span> <span class='ocrx_word' id='word_1_128' title='bbox 982 2786 1153 2866; x_wconf 80' lang='lat' dir='ltr'>(quae</span> <span class='ocrx_word' id='word_1_129' title='bbox 1248 2795 1558 2867; x_wconf 82' lang='lat' dir='ltr'>argueret</span> <span class='ocrx_word' id='word_1_130' title='bbox 1648 2787 1977 2851; x_wconf 88' lang='lat' dir='ltr'>defectum</span> 
     </span>
    </p>

    <p class='ocr_par' dir='ltr' id='par_1_9' title="bbox 424 2903 1974 2984">
     <span class='ocr_line' id='line_1_22' title="bbox 424 2903 1974 2984; baseline 0.001 -18"><span class='ocrx_word' id='word_1_131' title='bbox 424 2907 489 2966; x_wconf 91' lang='lat' dir='ltr'>in</span> <span class='ocrx_word' id='word_1_132' title='bbox 563 2903 788 2984; x_wconf 87' lang='lat' dir='ltr'>causa)</span> <span class='ocrx_word' id='word_1_133' title='bbox 847 2909 912 2965; x_wconf 90' lang='lat' dir='ltr'>et</span> <span class='ocrx_word' id='word_1_134' title='bbox 969 2905 1136 2965; x_wconf 81' lang='lat' dir='ltr'>lianc</span> <span class='ocrx_word' id='word_1_135' title='bbox 1192 2906 1497 2965; x_wconf 90' lang='lat' dir='ltr'>virtutem</span> <span class='ocrx_word' id='word_1_136' title='bbox 1555 2905 1753 2966; x_wconf 88' lang='lat' dir='ltr'>habet</span> <span class='ocrx_word' id='word_1_137' title='bbox 1800 2907 1974 2969; x_wconf 90' lang='lat' dir='ltr'>Deus</span> 
     </span>
    </p>

    <p class='ocr_par' dir='ltr' id='par_1_10' title="bbox 426 3019 1973 3098">
     <span class='ocr_line' id='line_1_23' title="bbox 426 3019 1973 3098; baseline 0.001 -18"><span class='ocrx_word' id='word_1_138' title='bbox 426 3021 637 3098; x_wconf 89' lang='lat' dir='ltr'>primo</span> <span class='ocrx_word' id='word_1_139' title='bbox 686 3026 750 3081; x_wconf 93' lang='lat' dir='ltr'>et</span> <span class='ocrx_word' id='word_1_140' title='bbox 779 3038 812 3080; x_wconf 93' lang='lat' dir='ltr'>a</span> <span class='ocrx_word' id='word_1_141' title='bbox 859 3036 957 3091; x_wconf 90' lang='lat' dir='ltr'>se,</span> <span class='ocrx_word' id='word_1_142' title='bbox 991 3034 1123 3081; x_wconf 90' lang='lat' dir='ltr'>non</span> <span class='ocrx_word' id='word_1_143' title='bbox 1167 3019 1635 3096; x_wconf 82' lang='lat' dir='ltr'>participative,</span> <span class='ocrx_word' id='word_1_144' title='bbox 1685 3037 1828 3081; x_wconf 90' lang='lat' dir='ltr'>eam</span> <span class='ocrx_word' id='word_1_145' title='bbox 1878 3027 1973 3082; x_wconf 90' lang='lat' dir='ltr'>ta-</span> 
     </span>
    </p>

    <p class='ocr_par' dir='ltr' id='par_1_11' title="bbox 420 3126 1974 3448">
     <span class='ocr_line' id='line_1_24' title="bbox 424 3126 1972 3218; baseline 0.001 -20"><span class='ocrx_word' id='word_1_146' title='bbox 424 3153 576 3198; x_wconf 88' lang='lat' dir='ltr'>men</span> <span class='ocrx_word' id='word_1_147' title='bbox 611 3126 833 3216; x_wconf 83' lang='lat' dir='ltr'>potest</span> <span class='ocrx_word' id='word_1_148' title='bbox 891 3136 1375 3197; x_wconf 85' lang='lat' dir='ltr'>communicare</span> <span class='ocrx_word' id='word_1_149' title='bbox 1438 3143 1767 3200; x_wconf 83' lang='lat' dir='ltr'>creaturae.</span> <span class='ocrx_word' id='word_1_150' title='bbox 1806 3139 1972 3218; x_wconf 83' lang='lat' dir='ltr'>Ergo</span> 
     </span>
     <span class='ocr_line' id='line_1_25' title="bbox 420 3255 1974 3331; baseline 0.001 -15"><span class='ocrx_word' id='word_1_151' title='bbox 420 3256 739 3327; x_wconf 88' lang='lat' dir='ltr'>similiter,</span> <span class='ocrx_word' id='word_1_152' title='bbox 785 3255 942 3315; x_wconf 88' lang='lat' dir='ltr'>licet</span> <span class='ocrx_word' id='word_1_153' title='bbox 1004 3256 1293 3331; x_wconf 87' lang='lat' dir='ltr'>potentia</span> <span class='ocrx_word' id='word_1_154' title='bbox 1354 3255 1627 3315; x_wconf 80' lang='lat' dir='ltr'>creativa</span> <span class='ocrx_word' id='word_1_155' title='bbox 1705 3257 1787 3315; x_wconf 93' lang='lat' dir='ltr'>sit</span> <span class='ocrx_word' id='word_1_156' title='bbox 1859 3257 1974 3318; x_wconf 89' lang='lat' dir='ltr'>Dei</span> 
     </span>
     <span class='ocr_line' id='line_1_26' title="bbox 422 3369 1973 3448; baseline 0.003 -17"><span class='ocrx_word' id='word_1_157' title='bbox 422 3373 632 3448; x_wconf 90' lang='lat' dir='ltr'>primo</span> <span class='ocrx_word' id='word_1_158' title='bbox 670 3377 735 3432; x_wconf 92' lang='lat' dir='ltr'>et</span> <span class='ocrx_word' id='word_1_159' title='bbox 780 3369 1315 3448; x_wconf 88' lang='lat' dir='ltr'>independenter</span> <span class='ocrx_word' id='word_1_160' title='bbox 1370 3371 1450 3430; x_wconf 84' lang='lat' dir='ltr'>ab</span> <span class='ocrx_word' id='word_1_161' title='bbox 1522 3372 1671 3443; x_wconf 88' lang='lat' dir='ltr'>alio,</span> <span class='ocrx_word' id='word_1_162' title='bbox 1703 3389 1836 3434; x_wconf 89' lang='lat' dir='ltr'>non</span> <span class='ocrx_word' id='word_1_163' title='bbox 1875 3391 1973 3435; x_wconf 88' lang='lat' dir='ltr'>se-</span> 
     </span>
    </p>

    <p class='ocr_par' dir='ltr' id='par_1_12' title="bbox 419 3487 1977 4028">
     <span class='ocr_line' id='line_1_27' title="bbox 420 3487 1973 3564; baseline -0.001 -17"><span class='ocrx_word' id='word_1_164' title='bbox 420 3488 645 3564; x_wconf 89' lang='lat' dir='ltr'>quitur</span> <span class='ocrx_word' id='word_1_165' title='bbox 696 3487 856 3564; x_wconf 89' lang='lat' dir='ltr'>quin</span> <span class='ocrx_word' id='word_1_166' title='bbox 887 3489 1090 3562; x_wconf 77' lang='lat' dir='ltr'>possit</span> <span class='ocrx_word' id='word_1_167' title='bbox 1122 3501 1272 3545; x_wconf 89' lang='lat' dir='ltr'>esse</span> <span class='ocrx_word' id='word_1_168' title='bbox 1307 3493 1617 3547; x_wconf 70' lang='lat' dir='ltr'>creatura)</span> <span class='ocrx_word' id='word_1_169' title='bbox 1663 3503 1780 3563; x_wconf 90' lang='lat' dir='ltr'>per</span> <span class='ocrx_word' id='word_1_170' title='bbox 1810 3505 1973 3548; x_wconf 89' lang='lat' dir='ltr'>com-</span> 
     </span>
     <span class='ocr_line' id='line_1_28' title="bbox 419 3603 1975 3678; baseline 0.001 -15"><span class='ocrx_word' id='word_1_171' title='bbox 419 3604 959 3674; x_wconf 84' lang='lat' dir='ltr'>municationem,</span> <span class='ocrx_word' id='word_1_172' title='bbox 993 3606 1060 3662; x_wconf 92' lang='lat' dir='ltr'>et</span> <span class='ocrx_word' id='word_1_173' title='bbox 1103 3603 1554 3678; x_wconf 79' lang='lat' dir='ltr'>participative</span> <span class='ocrx_word' id='word_1_174' title='bbox 1598 3623 1629 3662; x_wconf 83' lang='lat' dir='ltr'>a</span> <span class='ocrx_word' id='word_1_175' title='bbox 1681 3604 1838 3664; x_wconf 90' lang='lat' dir='ltr'>Deo.</span> <span class='ocrx_word' id='word_1_176' title='bbox 1903 3605 1975 3664; x_wconf 91' lang='lat' dir='ltr'>Et</span> 
     </span>
     <span class='ocr_line' id='line_1_29' title="bbox 423 3717 1977 3781; baseline 0.001 -1"><span class='ocrx_word' id='word_1_177' title='bbox 423 3719 698 3780; x_wconf 81' lang='lat' dir='ltr'>ulterius</span> <span class='ocrx_word' id='word_1_178' title='bbox 791 3719 912 3778; x_wconf 83' lang='lat' dir='ltr'>hoc</span> <span class='ocrx_word' id='word_1_179' title='bbox 995 3719 1203 3779; x_wconf 90' lang='lat' dir='ltr'>salvat</span> <span class='ocrx_word' id='word_1_180' title='bbox 1298 3717 1735 3780; x_wconf 84' lang='lat' dir='ltr'>differentiam</span> <span class='ocrx_word' id='word_1_181' title='bbox 1807 3720 1977 3781; x_wconf 89' lang='lat' dir='ltr'>inter</span> 
     </span>
     <span class='ocr_line' id='line_1_30' title="bbox 427 3835 1977 3914; baseline 0.001 -17"><span class='ocrx_word' id='word_1_182' title='bbox 427 3839 784 3898; x_wconf 83' lang='lat' dir='ltr'>creativam</span> <span class='ocrx_word' id='word_1_183' title='bbox 820 3841 1131 3896; x_wconf 66' lang='lat' dir='ltr'>creaturae</span> <span class='ocrx_word' id='word_1_184' title='bbox 1164 3840 1229 3896; x_wconf 92' lang='lat' dir='ltr'>et</span> <span class='ocrx_word' id='word_1_185' title='bbox 1261 3837 1397 3907; x_wconf 86' lang='lat' dir='ltr'>Dei,</span> <span class='ocrx_word' id='word_1_186' title='bbox 1435 3835 1611 3914; x_wconf 89' lang='lat' dir='ltr'>quod</span> <span class='ocrx_word' id='word_1_187' title='bbox 1644 3837 1777 3897; x_wconf 80' lang='lat' dir='ltr'>haec</span> <span class='ocrx_word' id='word_1_188' title='bbox 1802 3845 1977 3899; x_wconf 84' lang='lat' dir='ltr'>esset</span> 
     </span>
     <span class='ocr_line' id='line_1_31' title="bbox 426 3951 1972 4028; baseline 0.001 -14"><span class='ocrx_word' id='word_1_189' title='bbox 426 3953 818 4014; x_wconf 83' lang='lat' dir='ltr'>universalis</span> <span class='ocrx_word' id='word_1_190' title='bbox 890 3951 1355 4028; x_wconf 83' lang='lat' dir='ltr'>independens</span> <span class='ocrx_word' id='word_1_191' title='bbox 1405 3970 1441 4012; x_wconf 89' lang='lat' dir='ltr'>a</span> <span class='ocrx_word' id='word_1_192' title='bbox 1491 3968 1587 4023; x_wconf 87' lang='lat' dir='ltr'>se,</span> <span class='ocrx_word' id='word_1_193' title='bbox 1651 3953 1756 4014; x_wconf 90' lang='lat' dir='ltr'>illa</span> <span class='ocrx_word' id='word_1_194' title='bbox 1819 3970 1972 4015; x_wconf 90' lang='lat' dir='ltr'>vero</span> 
     </span>
    </p>
   </div>
   <div class='ocr_carea' id='block_1_3' title="bbox 128 4039 1973 4147">
    <p class='ocr_par' dir='ltr' id='par_1_13' title="bbox 108 4039 1973 4158">
     <span class='ocr_line' id='line_1_32' title="bbox 128 4039 1973 4147; baseline 0.002 -19.957"><span class='ocrx_word' id='word_1_195' title='bbox 128 4039 366 4142; x_wconf 49' lang='grc' dir='ltr'>“Ξᾷᾮ</span> <span class='ocrx_word' id='word_1_196' title='bbox 428 4068 841 4147; x_wconf 89' lang='lat' dir='ltr'>particularis</span> <span class='ocrx_word' id='word_1_197' title='bbox 876 4066 1268 4143; x_wconf 88' lang='lat' dir='ltr'>dependens</span> <span class='ocrx_word' id='word_1_198' title='bbox 1315 4073 1381 4127; x_wconf 92' lang='lat' dir='ltr'>et</span> <span class='ocrx_word' id='word_1_199' title='bbox 1430 4071 1905 4131; x_wconf 85' lang='lat' dir='ltr'>communicata</span> <span class='ocrx_word' id='word_1_200' title='bbox 1939 4089 1973 4131; x_wconf 91' lang='lat' dir='ltr'>a</span> 
     </span>
    </p>
   </div>
   <div class='ocr_carea' id='block_1_4' title="bbox 107 4162 1977 5431">
    <p class='ocr_par' dir='ltr' id='par_1_14' title="bbox 107 4162 1977 5431">
     <span class='ocr_line' id='line_1_33' title="bbox 107 4162 1977 4269; baseline -0.002 -20"><span class='ocrx_word' id='word_1_201' title='bbox 107 4162 604 4269; x_wconf 48' lang='lat' dir='ltr'>affieetnem</span> <span class='ocrx_word' id='word_1_202' title='bbox 640 4188 735 4245; x_wconf 77' lang='lat' dir='ltr'>sic</span> <span class='ocrx_word' id='word_1_203' title='bbox 783 4185 977 4245; x_wconf 87' lang='lat' dir='ltr'>etiam</span> <span class='ocrx_word' id='word_1_204' title='bbox 1010 4185 1301 4261; x_wconf 84' lang='lat' dir='ltr'>potentia</span> <span class='ocrx_word' id='word_1_205' title='bbox 1346 4184 1643 4246; x_wconf 85' lang='lat' dir='ltr'>eductiva</span> <span class='ocrx_word' id='word_1_206' title='bbox 1689 4191 1977 4249; x_wconf 87' lang='lat' dir='ltr'>omnium</span> 
     </span>
     <span class='ocr_line' id='line_1_34' title="bbox 425 4300 1975 4378; baseline -0.001 -13"><span class='ocrx_word' id='word_1_207' title='bbox 425 4304 811 4371; x_wconf 80' lang='lat' dir='ltr'>formai-um,</span> <span class='ocrx_word' id='word_1_208' title='bbox 865 4307 930 4361; x_wconf 92' lang='lat' dir='ltr'>et</span> <span class='ocrx_word' id='word_1_209' title='bbox 1001 4300 1382 4378; x_wconf 82' lang='lat' dir='ltr'>productiva</span> <span class='ocrx_word' id='word_1_210' title='bbox 1453 4305 1743 4363; x_wconf 89' lang='lat' dir='ltr'>onmium</span> <span class='ocrx_word' id='word_1_211' title='bbox 1823 4305 1975 4365; x_wconf 80' lang='lat' dir='ltr'>effe·</span> 
     </span>
     <span class='ocr_line' id='line_1_35' title="bbox 425 4417 1973 4492; baseline 0.002 -12"><span class='ocrx_word' id='word_1_212' title='bbox 425 4429 679 4490; x_wconf 87' lang='lat' dir='ltr'>ctuum,</span> <span class='ocrx_word' id='word_1_213' title='bbox 712 4419 797 4478; x_wconf 89' lang='lat' dir='ltr'>ita</span> <span class='ocrx_word' id='word_1_214' title='bbox 832 4422 933 4478; x_wconf 85' lang='lat' dir='ltr'>est</span> <span class='ocrx_word' id='word_1_215' title='bbox 963 4417 1162 4477; x_wconf 88' lang='lat' dir='ltr'>solius</span> <span class='ocrx_word' id='word_1_216' title='bbox 1225 4419 1365 4492; x_wconf 90' lang='lat' dir='ltr'>Dei,</span> <span class='ocrx_word' id='word_1_217' title='bbox 1402 4423 1472 4478; x_wconf 89' lang='lat' dir='ltr'>ut</span> <span class='ocrx_word' id='word_1_218' title='bbox 1504 4422 1973 4483; x_wconf 75' lang='lat' dir='ltr'>communicari</span> 
     </span>
     <span class='ocr_line' id='line_1_36' title="bbox 426 4533 1976 4615; baseline 0.001 -17"><span class='ocrx_word' id='word_1_219' title='bbox 426 4541 725 4615; x_wconf 72' lang='lat' dir='ltr'>nequeat</span> <span class='ocrx_word' id='word_1_220' title='bbox 774 4539 1103 4603; x_wconf 60' lang='lat' dir='ltr'>creaturae,</span> <span class='ocrx_word' id='word_1_221' title='bbox 1138 4533 1305 4594; x_wconf 76' lang='lat' dir='ltr'>sicut</span> <span class='ocrx_word' id='word_1_222' title='bbox 1359 4551 1578 4611; x_wconf 87' lang='lat' dir='ltr'>neque</span> <span class='ocrx_word' id='word_1_223' title='bbox 1631 4539 1976 4599; x_wconf 85' lang='lat' dir='ltr'>continen-</span> 
     </span>
     <span class='ocr_line' id='line_1_37' title="bbox 428 4649 1974 4729; baseline 0.001 -18"><span class='ocrx_word' id='word_1_224' title='bbox 428 4655 513 4713; x_wconf 89' lang='lat' dir='ltr'>tia</span> <span class='ocrx_word' id='word_1_225' title='bbox 550 4651 989 4712; x_wconf 85' lang='lat' dir='ltr'>eminentialis</span> <span class='ocrx_word' id='word_1_226' title='bbox 1023 4656 1089 4710; x_wconf 90' lang='lat' dir='ltr'>et</span> <span class='ocrx_word' id='word_1_227' title='bbox 1118 4650 1406 4711; x_wconf 88' lang='lat' dir='ltr'>virtualis</span> <span class='ocrx_word' id='word_1_228' title='bbox 1438 4649 1521 4710; x_wconf 90' lang='lat' dir='ltr'>ad</span> <span class='ocrx_word' id='word_1_229' title='bbox 1545 4651 1606 4712; x_wconf 91' lang='lat' dir='ltr'>id</span> <span class='ocrx_word' id='word_1_230' title='bbox 1642 4653 1974 4729; x_wconf 87' lang='lat' dir='ltr'>requisita,</span> 
     </span>
     <span class='ocr_line' id='line_1_38' title="bbox 424 4771 1977 4849; baseline 0 -16"><span class='ocrx_word' id='word_1_231' title='bbox 424 4774 511 4834; x_wconf 87' lang='lat' dir='ltr'>ob</span> <span class='ocrx_word' id='word_1_232' title='bbox 570 4771 1018 4832; x_wconf 86' lang='lat' dir='ltr'>limitationem</span> <span class='ocrx_word' id='word_1_233' title='bbox 1075 4773 1175 4831; x_wconf 89' lang='lat' dir='ltr'>sui</span> <span class='ocrx_word' id='word_1_234' title='bbox 1236 4786 1406 4841; x_wconf 91' lang='lat' dir='ltr'>esse,</span> <span class='ocrx_word' id='word_1_235' title='bbox 1482 4771 1668 4849; x_wconf 74' lang='lat' dir='ltr'>quus</span> <span class='ocrx_word' id='word_1_236' title='bbox 1716 4787 1977 4833; x_wconf 86' lang='lat' dir='ltr'>mensu-</span> 
     </span>
     <span class='ocr_line' id='line_1_39' title="bbox 422 4886 1977 4967; baseline 0.001 -18"><span class='ocrx_word' id='word_1_237' title='bbox 422 4906 561 4949; x_wconf 88' lang='lat' dir='ltr'>ram</span> <span class='ocrx_word' id='word_1_238' title='bbox 607 4888 908 4964; x_wconf 89' lang='lat' dir='ltr'>sequitur</span> <span class='ocrx_word' id='word_1_239' title='bbox 934 4886 1223 4962; x_wconf 73' lang='lat' dir='ltr'>potentia</span> <span class='ocrx_word' id='word_1_240' title='bbox 1257 4886 1641 4963; x_wconf 88' lang='lat' dir='ltr'>productiva</span> <span class='ocrx_word' id='word_1_241' title='bbox 1701 4889 1845 4967; x_wconf 86' lang='lat' dir='ltr'>ejus</span> <span class='ocrx_word' id='word_1_242' title='bbox 1912 4896 1977 4951; x_wconf 88' lang='lat' dir='ltr'>et</span> 
     </span>
     <span class='ocr_line' id='line_1_40' title="bbox 421 5003 1973 5072; baseline 0.001 -8"><span class='ocrx_word' id='word_1_243' title='bbox 421 5006 597 5065; x_wconf 89' lang='lat' dir='ltr'>actio</span> <span class='ocrx_word' id='word_1_244' title='bbox 634 5022 648 5072; x_wconf 89' lang='lat'><em>;</em></span> <span class='ocrx_word' id='word_1_245' title='bbox 689 5009 908 5064; x_wconf 88' lang='lat' dir='ltr'>tamen</span> <span class='ocrx_word' id='word_1_246' title='bbox 983 5006 1501 5064; x_wconf 88' lang='lat' dir='ltr'>communicatur</span> <span class='ocrx_word' id='word_1_247' title='bbox 1583 5003 1664 5064; x_wconf 88' lang='lat' dir='ltr'>ad</span> <span class='ocrx_word' id='word_1_248' title='bbox 1726 5012 1973 5066; x_wconf 88' lang='lat' dir='ltr'>certum</span> 
     </span>
     <span class='ocr_line' id='line_1_41' title="bbox 421 5120 1976 5205; baseline 0.001 -20"><span class='ocrx_word' id='word_1_249' title='bbox 421 5140 642 5205; x_wconf 86' lang='lat' dir='ltr'>genus</span> <span class='ocrx_word' id='word_1_250' title='bbox 702 5120 1064 5182; x_wconf 84' lang='lat' dir='ltr'>formarum</span> <span class='ocrx_word' id='word_1_251' title='bbox 1123 5123 1190 5182; x_wconf 86' lang='lat' dir='ltr'>et</span> <span class='ocrx_word' id='word_1_252' title='bbox 1267 5121 1621 5183; x_wconf 82' lang='lat' dir='ltr'>effectuum</span> <span class='ocrx_word' id='word_1_253' title='bbox 1697 5124 1845 5184; x_wconf 85' lang='lat' dir='ltr'>huic</span> <span class='ocrx_word' id='word_1_254' title='bbox 1912 5132 1976 5186; x_wconf 87' lang='lat' dir='ltr'>et</span> 
     </span>
     <span class='ocr_line' id='line_1_42' title="bbox 423 5237 1975 5315; baseline 0 -14"><span class='ocrx_word' id='word_1_255' title='bbox 423 5241 513 5302; x_wconf 90' lang='lat' dir='ltr'>illi</span> <span class='ocrx_word' id='word_1_256' title='bbox 546 5255 781 5309; x_wconf 78' lang='lat' dir='ltr'>causae,</span> <span class='ocrx_word' id='word_1_257' title='bbox 819 5253 952 5297; x_wconf 89' lang='lat' dir='ltr'>non</span> <span class='ocrx_word' id='word_1_258' title='bbox 1013 5237 1421 5310; x_wconf 86' lang='lat' dir='ltr'>universalis,</span> <span class='ocrx_word' id='word_1_259' title='bbox 1474 5254 1616 5315; x_wconf 81' lang='lat' dir='ltr'>quae</span> <span class='ocrx_word' id='word_1_260' title='bbox 1648 5245 1745 5300; x_wconf 91' lang='lat' dir='ltr'>est</span> <span class='ocrx_word' id='word_1_261' title='bbox 1775 5241 1975 5301; x_wconf 89' lang='lat' dir='ltr'>solius</span> 
     </span>
     <span class='ocr_line' id='line_1_43' title="bbox 422 5351 1976 5431; baseline -0.001 -13"><span class='ocrx_word' id='word_1_262' title='bbox 422 5358 563 5429; x_wconf 88' lang='lat' dir='ltr'>Dei,</span> <span class='ocrx_word' id='word_1_263' title='bbox 612 5355 733 5416; x_wconf 90' lang='lat' dir='ltr'>sed</span> <span class='ocrx_word' id='word_1_264' title='bbox 778 5354 1103 5425; x_wconf 80' lang='lat' dir='ltr'>liniitata3</span> <span class='ocrx_word' id='word_1_265' title='bbox 1166 5369 1322 5431; x_wconf 88' lang='lat' dir='ltr'>ergo</span> <span class='ocrx_word' id='word_1_266' title='bbox 1374 5351 1553 5414; x_wconf 89' lang='lat' dir='ltr'>idem</span> <span class='ocrx_word' id='word_1_267' title='bbox 1602 5363 1824 5431; x_wconf 85' lang='lat' dir='ltr'>posset</span> <span class='ocrx_word' id='word_1_268' title='bbox 1855 5356 1976 5417; x_wconf 92' lang='lat' dir='ltr'>dici</span> 
     </span>
    </p>
   </div>
   <div class='ocr_carea' id='block_1_5' title="bbox 220 5471 1976 5679">
    <p class='ocr_par' dir='ltr' id='par_1_15' title="bbox 220 5471 1976 5679">
     <span class='ocr_line' id='line_1_44' title="bbox 424 5471 1180 5551; baseline -0.005 -16"><span class='ocrx_word' id='word_1_269' title='bbox 424 5473 508 5535; x_wconf 87' lang='lat' dir='ltr'>de</span> <span class='ocrx_word' id='word_1_270' title='bbox 540 5476 831 5551; x_wconf 86' lang='lat' dir='ltr'>potentia</span> <span class='ocrx_word' id='word_1_271' title='bbox 865 5471 1180 5531; x_wconf 89' lang='lat' dir='ltr'>creativa.</span> 
     </span>
     <span class='ocr_line' id='line_1_45' title="bbox 220 5597 1976 5679; baseline -0.001 -16"><span class='ocrx_word' id='word_1_272' title='bbox 220 5611 295 5667; x_wconf 63' lang='grc' dir='ltr'>ιο.</span> <span class='ocrx_word' id='word_1_273' title='bbox 503 5605 748 5664; x_wconf 84' lang='lat' dir='ltr'>Demus</span> <span class='ocrx_word' id='word_1_274' title='bbox 803 5614 967 5679; x_wconf 81' lang='lat' dir='ltr'>ergo</span> <span class='ocrx_word' id='word_1_275' title='bbox 1042 5597 1431 5660; x_wconf 87' lang='lat' dir='ltr'>adversariis</span> <span class='ocrx_word' id='word_1_276' title='bbox 1491 5615 1607 5661; x_wconf 88' lang='lat' dir='ltr'>ens</span> <span class='ocrx_word' id='word_1_277' title='bbox 1675 5599 1976 5662; x_wconf 85' lang='lat' dir='ltr'>absolute</span> 
     </span>
    </p>
   </div>
   <div class='ocr_carea' id='block_1_6' title="bbox 2086 579 3640 1712">
    <p class='ocr_par' dir='ltr' id='par_1_16' title="bbox 2086 579 3640 1712">
     <span class='ocr_line' id='line_1_46' title="bbox 2089 579 3624 661; baseline -0.005 -17"><span class='ocrx_word' id='word_1_278' title='bbox 2089 591 2605 661; x_wconf 86' lang='lat' dir='ltr'>sumptum‚esse</span> <span class='ocrx_word' id='word_1_279' title='bbox 2634 585 2979 644; x_wconf 85' lang='lat' dir='ltr'>terminum</span> <span class='ocrx_word' id='word_1_280' title='bbox 3006 579 3378 649; x_wconf 83' lang='lat' dir='ltr'>creationiS‚</span> <span class='ocrx_word' id='word_1_281' title='bbox 3398 592 3624 656; x_wconf 90' lang='lat' dir='ltr'>quam-</span> 
     </span>
     <span class='ocr_line' id='line_1_47' title="bbox 2090 700 3635 783; baseline -0.006 -19"><span class='ocrx_word' id='word_1_282' title='bbox 2090 705 2184 764; x_wconf 86' lang='lat' dir='ltr'>vis</span> <span class='ocrx_word' id='word_1_283' title='bbox 2241 711 2532 781; x_wconf 89' lang='lat' dir='ltr'>nequeat</span> <span class='ocrx_word' id='word_1_284' title='bbox 2587 704 2818 783; x_wconf 80' lang='lat' dir='ltr'>attingi</span> <span class='ocrx_word' id='word_1_285' title='bbox 2887 719 3005 781; x_wconf 89' lang='lat' dir='ltr'>per</span> <span class='ocrx_word' id='word_1_286' title='bbox 3064 702 3490 770; x_wconf 87' lang='lat' dir='ltr'>creationem,</span> <span class='ocrx_word' id='word_1_287' title='bbox 3563 700 3635 756; x_wconf 92' lang='lat' dir='ltr'>ut</span> 
     </span>
     <span class='ocr_line' id='line_1_48' title="bbox 2091 816 3633 896; baseline -0.005 -17"><span class='ocrx_word' id='word_1_288' title='bbox 2091 820 2437 896; x_wconf 82' lang='lat' dir='ltr'>probatum</span> <span class='ocrx_word' id='word_1_289' title='bbox 2496 824 2617 891; x_wconf 91' lang='lat' dir='ltr'>est,</span> <span class='ocrx_word' id='word_1_290' title='bbox 2678 820 2798 880; x_wconf 82' lang='lat' dir='ltr'>nisi</span> <span class='ocrx_word' id='word_1_291' title='bbox 2870 821 2931 878; x_wconf 86' lang='lat' dir='ltr'>in</span> <span class='ocrx_word' id='word_1_292' title='bbox 2980 816 3417 878; x_wconf 88' lang='lat' dir='ltr'>determinato</span> <span class='ocrx_word' id='word_1_293' title='bbox 3478 816 3633 873; x_wconf 87' lang='lat' dir='ltr'>ente</span> 
     </span>
     <span class='ocr_line' id='line_1_49' title="bbox 2094 932 3635 1012; baseline -0.007 -14"><span class='ocrx_word' id='word_1_294' title='bbox 2094 943 2519 1008; x_wconf 89' lang='lat' dir='ltr'>contractum,</span> <span class='ocrx_word' id='word_1_295' title='bbox 2572 938 2662 996; x_wconf 92' lang='lat' dir='ltr'>sic</span> <span class='ocrx_word' id='word_1_296' title='bbox 2696 936 2820 995; x_wconf 77' lang='lat' dir='ltr'>diei</span> <span class='ocrx_word' id='word_1_297' title='bbox 2867 938 3092 1012; x_wconf 90' lang='lat' dir='ltr'>posset</span> <span class='ocrx_word' id='word_1_298' title='bbox 3127 932 3358 1009; x_wconf 82' lang='lat' dir='ltr'>attingi</span> <span class='ocrx_word' id='word_1_299' title='bbox 3389 947 3425 991; x_wconf 94' lang='lat' dir='ltr'>a</span> <span class='ocrx_word' id='word_1_300' title='bbox 3458 945 3635 990; x_wconf 87' lang='lat' dir='ltr'>crea-</span> 
     </span>
     <span class='ocr_line' id='line_1_50' title="bbox 2093 1044 3640 1121; baseline -0.006 -8"><span class='ocrx_word' id='word_1_301' title='bbox 2093 1059 2232 1113; x_wconf 85' lang='lat' dir='ltr'>tura</span> <span class='ocrx_word' id='word_1_302' title='bbox 2281 1054 2343 1112; x_wconf 91' lang='lat' dir='ltr'>in</span> <span class='ocrx_word' id='word_1_303' title='bbox 2403 1053 2526 1113; x_wconf 87' lang='lat' dir='ltr'>hoc</span> <span class='ocrx_word' id='word_1_304' title='bbox 2570 1053 2834 1114; x_wconf 88' lang='lat' dir='ltr'>limitato</span> <span class='ocrx_word' id='word_1_305' title='bbox 2888 1057 3063 1121; x_wconf 86' lang='lat' dir='ltr'>ente,</span> <span class='ocrx_word' id='word_1_306' title='bbox 3120 1066 3251 1110; x_wconf 88' lang='lat' dir='ltr'>non</span> <span class='ocrx_word' id='word_1_307' title='bbox 3305 1052 3525 1107; x_wconf 86' lang='lat' dir='ltr'>tamen</span> <span class='ocrx_word' id='word_1_308' title='bbox 3575 1044 3640 1104; x_wconf 91' lang='lat' dir='ltr'>in</span> 
     </span>
     <span class='ocr_line' id='line_1_51' title="bbox 2091 1161 3638 1245; baseline -0.009 -14"><span class='ocrx_word' id='word_1_309' title='bbox 2091 1171 2266 1231; x_wconf 89' lang='lat' dir='ltr'>omni</span> <span class='ocrx_word' id='word_1_310' title='bbox 2299 1174 2472 1240; x_wconf 88' lang='lat' dir='ltr'>ente,</span> <span class='ocrx_word' id='word_1_311' title='bbox 2530 1171 2677 1245; x_wconf 84' lang='lat' dir='ltr'>quia</span> <span class='ocrx_word' id='word_1_312' title='bbox 2734 1168 2825 1227; x_wconf 92' lang='lat' dir='ltr'>sic</span> <span class='ocrx_word' id='word_1_313' title='bbox 2886 1172 2985 1227; x_wconf 88' lang='lat' dir='ltr'>est</span> <span class='ocrx_word' id='word_1_314' title='bbox 3047 1166 3245 1226; x_wconf 89' lang='lat' dir='ltr'>solius</span> <span class='ocrx_word' id='word_1_315' title='bbox 3302 1164 3445 1224; x_wconf 80' lang='lat' dir='ltr'>Dei·</span> <span class='ocrx_word' id='word_1_316' title='bbox 3533 1161 3638 1221; x_wconf 89' lang='lat' dir='ltr'>Sic</span> 
     </span>
     <span class='ocr_line' id='line_1_52' title="bbox 2086 1279 3633 1363; baseline -0.008 -17"><span class='ocrx_word' id='word_1_317' title='bbox 2086 1288 2257 1363; x_wconf 79' lang='lat' dir='ltr'>ignis</span> <span class='ocrx_word' id='word_1_318' title='bbox 2287 1301 2618 1363; x_wconf 79' lang='lat' dir='ltr'>generans</span> <span class='ocrx_word' id='word_1_319' title='bbox 2649 1285 2822 1343; x_wconf 87' lang='lat' dir='ltr'>hunc</span> <span class='ocrx_word' id='word_1_320' title='bbox 2854 1284 3099 1361; x_wconf 79' lang='lat' dir='ltr'>ignem,</span> <span class='ocrx_word' id='word_1_321' title='bbox 3124 1283 3403 1360; x_wconf 80' lang='lat' dir='ltr'>generat</span> <span class='ocrx_word' id='word_1_322' title='bbox 3436 1279 3633 1338; x_wconf 88' lang='lat' dir='ltr'>etiam</span> 
     </span>
     <span class='ocr_line' id='line_1_53' title="bbox 2088 1396 3630 1478; baseline -0.009 -12"><span class='ocrx_word' id='word_1_323' title='bbox 2088 1405 2410 1466; x_wconf 85' lang='lat' dir='ltr'>rationem</span> <span class='ocrx_word' id='word_1_324' title='bbox 2472 1402 2754 1478; x_wconf 87' lang='lat' dir='ltr'>corporis</span> <span class='ocrx_word' id='word_1_325' title='bbox 2801 1399 3243 1467; x_wconf 84' lang='lat' dir='ltr'>ele1nentariS‚</span> <span class='ocrx_word' id='word_1_326' title='bbox 3276 1403 3348 1456; x_wconf 92' lang='lat' dir='ltr'>ut</span> <span class='ocrx_word' id='word_1_327' title='bbox 3387 1397 3452 1453; x_wconf 91' lang='lat' dir='ltr'>in</span> <span class='ocrx_word' id='word_1_328' title='bbox 3503 1396 3630 1454; x_wconf 83' lang='lat' dir='ltr'>hoc</span> 
     </span>
     <span class='ocr_line' id='line_1_54' title="bbox 2090 1509 3636 1598; baseline -0.008 -18"><span class='ocrx_word' id='word_1_329' title='bbox 2090 1519 2244 1598; x_wconf 81' lang='lat' dir='ltr'>igne</span> <span class='ocrx_word' id='word_1_330' title='bbox 2280 1526 2402 1588; x_wconf 88' lang='lat' dir='ltr'>est,</span> <span class='ocrx_word' id='word_1_331' title='bbox 2437 1533 2569 1577; x_wconf 88' lang='lat' dir='ltr'>non</span> <span class='ocrx_word' id='word_1_332' title='bbox 2619 1520 2837 1576; x_wconf 90' lang='lat' dir='ltr'>tamen</span> <span class='ocrx_word' id='word_1_333' title='bbox 2885 1513 3038 1575; x_wconf 84' lang='lat' dir='ltr'>inde</span> <span class='ocrx_word' id='word_1_334' title='bbox 3090 1513 3409 1590; x_wconf 86' lang='lat' dir='ltr'>sequitur,</span> <span class='ocrx_word' id='word_1_335' title='bbox 3455 1509 3636 1588; x_wconf 89' lang='lat' dir='ltr'>quod</span> 
     </span>
     <span class='ocr_line' id='line_1_55' title="bbox 2093 1628 3628 1712; baseline -0.008 -16"><span class='ocrx_word' id='word_1_336' title='bbox 2093 1637 2298 1712; x_wconf 87' lang='lat' dir='ltr'>possit</span> <span class='ocrx_word' id='word_1_337' title='bbox 2348 1636 2671 1711; x_wconf 82' lang='lat' dir='ltr'>attingere</span> <span class='ocrx_word' id='word_1_338' title='bbox 2703 1632 3023 1692; x_wconf 89' lang='lat' dir='ltr'>rationem</span> <span class='ocrx_word' id='word_1_339' title='bbox 3057 1629 3345 1705; x_wconf 89' lang='lat' dir='ltr'>corporis</span> <span class='ocrx_word' id='word_1_340' title='bbox 3373 1628 3440 1686; x_wconf 91' lang='lat' dir='ltr'>in</span> <span class='ocrx_word' id='word_1_341' title='bbox 3471 1642 3628 1702; x_wconf 90' lang='lat' dir='ltr'>quo-</span> 
     </span>
    </p>
   </div>
   <div class='ocr_carea' id='block_1_7' title="bbox 3579 414 3657 476">
    <p class='ocr_par' dir='ltr' id='par_1_17' title="bbox 3579 414 3657 476">
     <span class='ocr_line' id='line_1_56' title="bbox 3579 414 3657 476; baseline 0 0"><span class='ocrx_word' id='word_1_342' title='bbox 3579 414 3657 476; x_wconf 76' lang='lat'>25</span> 
     </span>
    </p>
   </div>
   <div class='ocr_carea' id='block_1_8' title="bbox 2092 1744 3921 1827">
    <p class='ocr_par' dir='ltr' id='par_1_18' title="bbox 2092 1744 3921 1827">
     <span class='ocr_line' id='line_1_57' title="bbox 2092 1744 3921 1827; baseline -0.006 -15"><span class='ocrx_word' id='word_1_343' title='bbox 2092 1765 2378 1827; x_wconf 87' lang='lat' dir='ltr'>cumque</span> <span class='ocrx_word' id='word_1_344' title='bbox 2423 1749 2547 1809; x_wconf 91' lang='lat' dir='ltr'>alio</span> <span class='ocrx_word' id='word_1_345' title='bbox 2598 1756 2771 1809; x_wconf 90' lang='lat' dir='ltr'>ente.</span> <span class='ocrx_word' id='word_1_346' title='bbox 2811 1747 3114 1809; x_wconf 85' lang='lat' dir='ltr'>Similiter</span> <span class='ocrx_word' id='word_1_347' title='bbox 3146 1744 3476 1806; x_wconf 86' lang='lat' dir='ltr'>diceretur</span> <span class='ocrx_word' id='word_1_348' title='bbox 3521 1760 3632 1819; x_wconf 89' lang='lat' dir='ltr'>po·</span> <span class='ocrx_word' id='word_1_349' title='bbox 3711 1755 3822 1803; x_wconf 83' lang='lat' dir='ltr'>Non</span> <span class='ocrx_word' id='word_1_350' title='bbox 3852 1750 3921 1801; x_wconf 79' lang='lat' dir='ltr'>ita</span> 
     </span>
    </p>
   </div>
   <div class='ocr_carea' id='block_1_9' title="bbox 2088 1865 3640 2403">
    <p class='ocr_par' dir='ltr' id='par_1_19' title="bbox 2088 1865 3640 2403">
     <span class='ocr_line' id='line_1_58' title="bbox 2093 1865 3632 1929; baseline -0.005 -2"><span class='ocrx_word' id='word_1_351' title='bbox 2093 1868 2363 1929; x_wconf 87' lang='lat' dir='ltr'>tentiam</span> <span class='ocrx_word' id='word_1_352' title='bbox 2452 1865 2802 1926; x_wconf 89' lang='lat' dir='ltr'>creativam</span> <span class='ocrx_word' id='word_1_353' title='bbox 2887 1868 2953 1924; x_wconf 91' lang='lat' dir='ltr'>et</span> <span class='ocrx_word' id='word_1_354' title='bbox 3027 1866 3427 1924; x_wconf 88' lang='lat' dir='ltr'>creationem</span> <span class='ocrx_word' id='word_1_355' title='bbox 3485 1876 3632 1921; x_wconf 89' lang='lat' dir='ltr'>esse</span> 
     </span>
     <span class='ocr_line' id='line_1_59' title="bbox 2088 1968 3637 2059; baseline -0.006 -14"><span class='ocrx_word' id='word_1_356' title='bbox 2088 1985 2291 2045; x_wconf 90' lang='lat' dir='ltr'>solius</span> <span class='ocrx_word' id='word_1_357' title='bbox 2349 1983 2464 2044; x_wconf 90' lang='lat' dir='ltr'>Dei</span> <span class='ocrx_word' id='word_1_358' title='bbox 2509 1985 2574 2041; x_wconf 90' lang='lat' dir='ltr'>in</span> <span class='ocrx_word' id='word_1_359' title='bbox 2616 1997 2686 2042; x_wconf 90' lang='lat' dir='ltr'>ea</span> <span class='ocrx_word' id='word_1_360' title='bbox 2721 1968 3123 2059; x_wconf 86' lang='lat' dir='ltr'>perfectione</span> <span class='ocrx_word' id='word_1_361' title='bbox 3176 1982 3242 2038; x_wconf 90' lang='lat' dir='ltr'>et</span> <span class='ocrx_word' id='word_1_362' title='bbox 3288 1977 3637 2048; x_wconf 71' lang='lat' dir='ltr'>universali</span> 
     </span>
     <span class='ocr_line' id='line_1_60' title="bbox 2092 2093 3634 2174; baseline -0.008 -14"><span class='ocrx_word' id='word_1_363' title='bbox 2092 2100 2499 2172; x_wconf 80' lang='lat' dir='ltr'>extensione,</span> <span class='ocrx_word' id='word_1_364' title='bbox 2550 2114 2677 2174; x_wconf 83' lang='lat' dir='ltr'>qua</span> <span class='ocrx_word' id='word_1_365' title='bbox 2726 2100 2927 2157; x_wconf 77' lang='lat' dir='ltr'>totum</span> <span class='ocrx_word' id='word_1_366' title='bbox 2974 2109 3189 2172; x_wconf 84' lang='lat' dir='ltr'>genus</span> <span class='ocrx_word' id='word_1_367' title='bbox 3230 2093 3397 2153; x_wconf 89' lang='lat' dir='ltr'>entis</span> <span class='ocrx_word' id='word_1_368' title='bbox 3454 2104 3634 2150; x_wconf 87' lang='lat' dir='ltr'>com-</span> 
     </span>
     <span class='ocr_line' id='line_1_61' title="bbox 2093 2210 3640 2291; baseline -0.006 -18"><span class='ocrx_word' id='word_1_369' title='bbox 2093 2211 2444 2291; x_wconf 87' lang='lat' dir='ltr'>prehendit</span> <span class='ocrx_word' id='word_1_370' title='bbox 2483 2212 2663 2290; x_wconf 86' lang='lat' dir='ltr'>quod</span> <span class='ocrx_word' id='word_1_371' title='bbox 2708 2211 2912 2287; x_wconf 90' lang='lat' dir='ltr'>primo</span> <span class='ocrx_word' id='word_1_372' title='bbox 2976 2214 3044 2269; x_wconf 90' lang='lat' dir='ltr'>et</span> <span class='ocrx_word' id='word_1_373' title='bbox 3097 2225 3219 2285; x_wconf 89' lang='lat' dir='ltr'>per</span> <span class='ocrx_word' id='word_1_374' title='bbox 3277 2223 3349 2267; x_wconf 90' lang='lat' dir='ltr'>se</span> <span class='ocrx_word' id='word_1_375' title='bbox 3424 2210 3640 2282; x_wconf 88' lang='lat' dir='ltr'>potest</span> 
     </span>
     <span class='ocr_line' id='line_1_62' title="bbox 2091 2320 3637 2403; baseline -0.009 -10"><span class='ocrx_word' id='word_1_376' title='bbox 2091 2330 2443 2393; x_wconf 86' lang='lat' dir='ltr'>terminare</span> <span class='ocrx_word' id='word_1_377' title='bbox 2524 2325 2853 2388; x_wconf 88' lang='lat' dir='ltr'>actionem</span> <span class='ocrx_word' id='word_1_378' title='bbox 2921 2338 3138 2385; x_wconf 77' lang='lat' dir='ltr'>causae</span> <span class='ocrx_word' id='word_1_379' title='bbox 3208 2320 3414 2403; x_wconf 90' lang='lat' dir='ltr'>(quod</span> <span class='ocrx_word' id='word_1_380' title='bbox 3491 2320 3637 2381; x_wconf 82' lang='lat' dir='ltr'>dico</span> 
     </span>
    </p>
   </div>
   <div class='ocr_carea' id='block_1_10' title="bbox 2092 2437 3676 2529">
    <p class='ocr_par' dir='ltr' id='par_1_20' title="bbox 2092 2437 3676 2529">
     <span class='ocr_line' id='line_1_63' title="bbox 2092 2437 3676 2529; baseline -0.007 -23"><span class='ocrx_word' id='word_1_381' title='bbox 2092 2450 2361 2524; x_wconf 87' lang='lat' dir='ltr'>propter</span> <span class='ocrx_word' id='word_1_382' title='bbox 2431 2447 2795 2521; x_wconf 78' lang='lat' dir='ltr'>respectuS,</span> <span class='ocrx_word' id='word_1_383' title='bbox 2886 2447 2950 2503; x_wconf 89' lang='lat' dir='ltr'>et</span> <span class='ocrx_word' id='word_1_384' title='bbox 3024 2437 3420 2518; x_wconf 88' lang='lat' dir='ltr'>hujusmodi,</span> <span class='ocrx_word' id='word_1_385' title='bbox 3494 2452 3676 2529; x_wconf 20' lang='lat' dir='ltr'>quee-</span> 
     </span>
    </p>
   </div>
   <div class='ocr_carea' id='block_1_11' title="bbox 2092 2554 3635 2634">
    <p class='ocr_par' dir='ltr' id='par_1_21' title="bbox 2092 2554 3635 2634">
     <span class='ocr_line' id='line_1_64' title="bbox 2092 2554 3635 2634; baseline -0.004 -13"><span class='ocrx_word' id='word_1_386' title='bbox 2092 2559 2502 2621; x_wconf 88' lang='lat' dir='ltr'>emanatione</span> <span class='ocrx_word' id='word_1_387' title='bbox 2552 2556 3004 2634; x_wconf 88' lang='lat' dir='ltr'>producuntur</span> <span class='ocrx_word' id='word_1_388' title='bbox 3043 2573 3123 2616; x_wconf 83' lang='lat' dir='ltr'>ex</span> <span class='ocrx_word' id='word_1_389' title='bbox 3184 2554 3635 2632; x_wconf 90' lang='lat' dir='ltr'>suppositione</span> 
     </span>
    </p>
   </div>
   <div class='ocr_carea' id='block_1_12' title="bbox 2038 2665 3634 2751">
    <p class='ocr_par' dir='ltr' id='par_1_22' title="bbox 2038 2665 3634 2751">
     <span class='ocr_line' id='line_1_65' title="bbox 2038 2665 3634 2751; baseline -0.004 -15"><span class='ocrx_word' id='word_1_390' title='bbox 2038 2665 2042 2669; x_wconf 41' lang='lat'><strong>⁴</strong></span> <span class='ocrx_word' id='word_1_391' title='bbox 2091 2677 2357 2737; x_wconf 86' lang='lat' dir='ltr'>alterius</span> <span class='ocrx_word' id='word_1_392' title='bbox 2405 2676 2611 2751; x_wconf 88' lang='lat' dir='ltr'>primo</span> <span class='ocrx_word' id='word_1_393' title='bbox 2647 2671 2995 2751; x_wconf 89' lang='lat' dir='ltr'>producti.)</span> <span class='ocrx_word' id='word_1_394' title='bbox 3053 2670 3184 2732; x_wconf 86' lang='lat' dir='ltr'>Sed</span> <span class='ocrx_word' id='word_1_395' title='bbox 3244 2687 3461 2749; x_wconf 90' lang='lat' dir='ltr'>neque</span> <span class='ocrx_word' id='word_1_396' title='bbox 3512 2671 3634 2731; x_wconf 88' lang='lat' dir='ltr'>hoc</span> 
     </span>
    </p>
   </div>
   <div class='ocr_carea' id='block_1_13' title="bbox 2083 2787 3644 4499">
    <p class='ocr_par' dir='ltr' id='par_1_23' title="bbox 2083 2787 3644 4387">
     <span class='ocr_line' id='line_1_66' title="bbox 2093 2787 3634 2867; baseline -0.005 -15"><span class='ocrx_word' id='word_1_397' title='bbox 2093 2798 2192 2853; x_wconf 90' lang='lat' dir='ltr'>est</span> <span class='ocrx_word' id='word_1_398' title='bbox 2237 2796 2464 2852; x_wconf 87' lang='lat' dir='ltr'>notum</span> <span class='ocrx_word' id='word_1_399' title='bbox 2522 2790 2768 2850; x_wconf 91' lang='lat' dir='ltr'>lumine</span> <span class='ocrx_word' id='word_1_400' title='bbox 2813 2787 3086 2867; x_wconf 71' lang='lat' dir='ltr'>naturali</span> <span class='ocrx_word' id='word_1_401' title='bbox 3135 2787 3227 2847; x_wconf 91' lang='lat' dir='ltr'>sic</span> <span class='ocrx_word' id='word_1_402' title='bbox 3274 2790 3333 2848; x_wconf 89' lang='lat' dir='ltr'>ei</span> <span class='ocrx_word' id='word_1_403' title='bbox 3399 2803 3634 2847; x_wconf 88' lang='lat' dir='ltr'>conve-</span> 
     </span>
     <span class='ocr_line' id='line_1_67' title="bbox 2088 2902 3629 2979; baseline -0.005 -11"><span class='ocrx_word' id='word_1_404' title='bbox 2088 2912 2253 2977; x_wconf 87' lang='lat' dir='ltr'>nire,</span> <span class='ocrx_word' id='word_1_405' title='bbox 2289 2908 2409 2969; x_wconf 90' lang='lat' dir='ltr'>sed</span> <span class='ocrx_word' id='word_1_406' title='bbox 2440 2906 2783 2977; x_wconf 89' lang='lat' dir='ltr'>creditum,</span> <span class='ocrx_word' id='word_1_407' title='bbox 2821 2912 2891 2966; x_wconf 96' lang='lat' dir='ltr'>ut</span> <span class='ocrx_word' id='word_1_408' title='bbox 2937 2921 3140 2979; x_wconf 77' lang='lat' dir='ltr'>supra</span> <span class='ocrx_word' id='word_1_409' title='bbox 3185 2902 3431 2965; x_wconf 82' lang='lat' dir='ltr'>dictum</span> <span class='ocrx_word' id='word_1_410' title='bbox 3491 2910 3629 2973; x_wconf 80' lang='lat' dir='ltr'>est3</span> 
     </span>
     <span class='ocr_line' id='line_1_68' title="bbox 2090 3020 3644 3105; baseline -0.007 -16"><span class='ocrx_word' id='word_1_411' title='bbox 2090 3044 2249 3105; x_wconf 82' lang='lat' dir='ltr'>ergo</span> <span class='ocrx_word' id='word_1_412' title='bbox 2283 3025 2402 3086; x_wconf 86' lang='lat' dir='ltr'>illae</span> <span class='ocrx_word' id='word_1_413' title='bbox 2430 3023 2913 3101; x_wconf 86' lang='lat' dir='ltr'>propositiones</span> <span class='ocrx_word' id='word_1_414' title='bbox 2950 3041 2963 3081; x_wconf 90' lang='lat'><strong>:</strong></span> <span class='ocrx_word' id='word_1_415' title='bbox 2999 3039 3107 3083; x_wconf 82' lang='lat' dir='ltr'>ens</span> <span class='ocrx_word' id='word_1_416' title='bbox 3132 3020 3414 3082; x_wconf 78' lang='lat' dir='ltr'>absolute</span> <span class='ocrx_word' id='word_1_417' title='bbox 3459 3036 3644 3081; x_wconf 85' lang='lat' dir='ltr'>sum-</span> 
     </span>
     <span class='ocr_line' id='line_1_69' title="bbox 2083 3136 3640 3221; baseline -0.003 -21"><span class='ocrx_word' id='word_1_418' title='bbox 2083 3150 2268 3221; x_wconf 75' lang='lat' dir='ltr'>ptum</span> <span class='ocrx_word' id='word_1_419' title='bbox 2300 3148 2384 3205; x_wconf 72' lang='lat' dir='ltr'>esc</span> <span class='ocrx_word' id='word_1_420' title='bbox 2416 3145 2731 3203; x_wconf 73' lang='lat' dir='ltr'>terminus</span> <span class='ocrx_word' id='word_1_421' title='bbox 2773 3140 3138 3213; x_wconf 76' lang='lat' dir='ltr'>creatz‘on1&#39;3,</span> <span class='ocrx_word' id='word_1_422' title='bbox 3196 3141 3261 3198; x_wconf 92' lang='lat' dir='ltr'>et</span> <span class='ocrx_word' id='word_1_423' title='bbox 3305 3154 3410 3198; x_wconf 80' lang='lat' dir='ltr'>ens</span> <span class='ocrx_word' id='word_1_424' title='bbox 3450 3136 3640 3197; x_wconf 79' lang='lat' dir='ltr'>abso-</span> 
     </span>
     <span class='ocr_line' id='line_1_70' title="bbox 2087 3253 3636 3334; baseline -0.005 -15"><span class='ocrx_word' id='word_1_425' title='bbox 2087 3260 2220 3320; x_wconf 78' lang='lat' dir='ltr'>lute</span> <span class='ocrx_word' id='word_1_426' title='bbox 2248 3263 2574 3334; x_wconf 77' lang='lat' dir='ltr'>sumptum</span> <span class='ocrx_word' id='word_1_427' title='bbox 2622 3263 2705 3317; x_wconf 80' lang='lat' dir='ltr'>est</span> <span class='ocrx_word' id='word_1_428' title='bbox 2746 3257 3007 3330; x_wconf 75' lang='lat' dir='ltr'>effectus</span> <span class='ocrx_word' id='word_1_429' title='bbox 3070 3257 3201 3325; x_wconf 77' lang='lat' dir='ltr'>Dei,</span> <span class='ocrx_word' id='word_1_430' title='bbox 3271 3253 3636 3330; x_wconf 87' lang='lat' dir='ltr'>respective</span> 
     </span>
     <span class='ocr_line' id='line_1_71' title="bbox 2090 3369 3635 3447; baseline -0.004 -11"><span class='ocrx_word' id='word_1_431' title='bbox 2090 3375 2171 3436; x_wconf 89' lang='lat' dir='ltr'>ad</span> <span class='ocrx_word' id='word_1_432' title='bbox 2250 3377 2474 3435; x_wconf 89' lang='lat' dir='ltr'>lumen</span> <span class='ocrx_word' id='word_1_433' title='bbox 2531 3373 2855 3443; x_wconf 90' lang='lat' dir='ltr'>naturale,</span> <span class='ocrx_word' id='word_1_434' title='bbox 2900 3376 2967 3432; x_wconf 91' lang='lat' dir='ltr'>et</span> <span class='ocrx_word' id='word_1_435' title='bbox 3023 3370 3340 3447; x_wconf 90' lang='lat' dir='ltr'>principia</span> <span class='ocrx_word' id='word_1_436' title='bbox 3402 3369 3635 3430; x_wconf 85' lang='lat' dir='ltr'>tradita</span> 
     </span>
     <span class='ocr_line' id='line_1_72' title="bbox 2087 3486 3631 3566; baseline -0.006 -12"><span class='ocrx_word' id='word_1_437' title='bbox 2087 3512 2123 3554; x_wconf 93' lang='lat' dir='ltr'>a</span> <span class='ocrx_word' id='word_1_438' title='bbox 2155 3490 2585 3566; x_wconf 68' lang='lat' dir='ltr'>philosophie,</span> <span class='ocrx_word' id='word_1_439' title='bbox 2621 3495 2770 3550; x_wconf 88' lang='lat' dir='ltr'>sunt</span> <span class='ocrx_word' id='word_1_440' title='bbox 2829 3489 2910 3548; x_wconf 89' lang='lat' dir='ltr'>de</span> <span class='ocrx_word' id='word_1_441' title='bbox 2967 3486 3268 3565; x_wconf 78' lang='lat' dir='ltr'>subJecto</span> <span class='ocrx_word' id='word_1_442' title='bbox 3302 3504 3433 3546; x_wconf 89' lang='lat' dir='ltr'>non</span> <span class='ocrx_word' id='word_1_443' title='bbox 3474 3502 3631 3563; x_wconf 90' lang='lat' dir='ltr'>sup-</span> 
     </span>
     <span class='ocr_line' id='line_1_73' title="bbox 2088 3602 3634 3687; baseline 0 -25"><span class='ocrx_word' id='word_1_444' title='bbox 2088 3614 2401 3687; x_wconf 71' lang='lat' dir='ltr'>ponente,</span> <span class='ocrx_word' id='word_1_445' title='bbox 2455 3605 2507 3665; x_wconf 90' lang='lat' dir='ltr'>si</span> <span class='ocrx_word' id='word_1_446' title='bbox 2550 3606 2900 3682; x_wconf 86' lang='lat' dir='ltr'>loquamur</span> <span class='ocrx_word' id='word_1_447' title='bbox 2991 3602 3071 3663; x_wconf 90' lang='lat' dir='ltr'>de</span> <span class='ocrx_word' id='word_1_448' title='bbox 3133 3602 3488 3676; x_wconf 87' lang='lat' dir='ltr'>creatione,</span> <span class='ocrx_word' id='word_1_449' title='bbox 3558 3606 3634 3662; x_wconf 89' lang='lat' dir='ltr'>ut</span> 
     </span>
     <span class='ocr_line' id='line_1_74' title="bbox 2091 3719 3633 3802; baseline -0.005 -16"><span class='ocrx_word' id='word_1_450' title='bbox 2091 3731 2188 3786; x_wconf 85' lang='lat' dir='ltr'>est</span> <span class='ocrx_word' id='word_1_451' title='bbox 2214 3723 2553 3802; x_wconf 88' lang='lat' dir='ltr'>productio</span> <span class='ocrx_word' id='word_1_452' title='bbox 2592 3723 2719 3781; x_wconf 88' lang='lat' dir='ltr'>tota</span> <span class='ocrx_word' id='word_1_453' title='bbox 2782 3727 2847 3780; x_wconf 89' lang='lat' dir='ltr'>et</span> <span class='ocrx_word' id='word_1_454' title='bbox 2900 3719 3112 3779; x_wconf 86' lang='lat' dir='ltr'>totalis</span> <span class='ocrx_word' id='word_1_455' title='bbox 3154 3719 3633 3797; x_wconf 85' lang='lat' dir='ltr'>cujuscumque</span> 
     </span>
     <span class='ocr_line' id='line_1_75' title="bbox 2089 3835 3636 3914; baseline -0.007 -11"><span class='ocrx_word' id='word_1_456' title='bbox 2089 3845 2279 3908; x_wconf 86' lang='lat' dir='ltr'>entis,</span> <span class='ocrx_word' id='word_1_457' title='bbox 2312 3856 2388 3901; x_wconf 90' lang='lat' dir='ltr'>ac</span> <span class='ocrx_word' id='word_1_458' title='bbox 2439 3837 2716 3914; x_wconf 91' lang='lat' dir='ltr'>proinde</span> <span class='ocrx_word' id='word_1_459' title='bbox 2777 3835 3005 3913; x_wconf 89' lang='lat' dir='ltr'>nequit</span> <span class='ocrx_word' id='word_1_460' title='bbox 3063 3852 3144 3896; x_wconf 83' lang='lat' dir='ltr'>ex</span> <span class='ocrx_word' id='word_1_461' title='bbox 3198 3835 3292 3895; x_wconf 91' lang='lat' dir='ltr'>eis</span> <span class='ocrx_word' id='word_1_462' title='bbox 3371 3835 3636 3910; x_wconf 82' lang='lat' dir='ltr'>probari</span> 
     </span>
     <span class='ocr_line' id='line_1_76' title="bbox 2087 3958 3635 4050; baseline -0.007 -24"><span class='ocrx_word' id='word_1_463' title='bbox 2087 3979 2461 4050; x_wconf 81' lang='lat' dir='ltr'>repugnare</span> <span class='ocrx_word' id='word_1_464' title='bbox 2495 3965 2826 4032; x_wconf 59' lang='lat' dir='ltr'>creaturae,</span> <span class='ocrx_word' id='word_1_465' title='bbox 2861 3975 3081 4036; x_wconf 90' lang='lat' dir='ltr'>neque</span> <span class='ocrx_word' id='word_1_466' title='bbox 3115 3962 3372 4017; x_wconf 86' lang='lat' dir='ltr'>constat</span> <span class='ocrx_word' id='word_1_467' title='bbox 3421 3958 3635 4017; x_wconf 90' lang='lat' dir='ltr'>termi-</span> 
     </span>
     <span class='ocr_line' id='line_1_77' title="bbox 2090 4072 3633 4150; baseline -0.005 -10"><span class='ocrx_word' id='word_1_468' title='bbox 2090 4099 2240 4142; x_wconf 84' lang='lat' dir='ltr'>num</span> <span class='ocrx_word' id='word_1_469' title='bbox 2317 4076 2661 4138; x_wconf 88' lang='lat' dir='ltr'>creationis</span> <span class='ocrx_word' id='word_1_470' title='bbox 2693 4077 2778 4136; x_wconf 91' lang='lat' dir='ltr'>ita</span> <span class='ocrx_word' id='word_1_471' title='bbox 2811 4072 3195 4135; x_wconf 85' lang='lat' dir='ltr'>identificari</span> <span class='ocrx_word' id='word_1_472' title='bbox 3244 4074 3633 4150; x_wconf 88' lang='lat' dir='ltr'>cuicumque</span> 
     </span>
     <span class='ocr_line' id='line_1_78' title="bbox 2090 4187 3633 4265; baseline -0.006 -8"><span class='ocrx_word' id='word_1_473' title='bbox 2090 4198 2246 4265; x_wconf 83' lang='lat' dir='ltr'>enti,</span> <span class='ocrx_word' id='word_1_474' title='bbox 2304 4193 2429 4254; x_wconf 90' lang='lat' dir='ltr'>nisi</span> <span class='ocrx_word' id='word_1_475' title='bbox 2478 4207 2693 4251; x_wconf 89' lang='lat' dir='ltr'>sermo</span> <span class='ocrx_word' id='word_1_476' title='bbox 2775 4189 2857 4249; x_wconf 91' lang='lat' dir='ltr'>sit</span> <span class='ocrx_word' id='word_1_477' title='bbox 2942 4187 3023 4248; x_wconf 88' lang='lat' dir='ltr'>de</span> <span class='ocrx_word' id='word_1_478' title='bbox 3099 4187 3429 4249; x_wconf 86' lang='lat' dir='ltr'>creatione</span> <span class='ocrx_word' id='word_1_479' title='bbox 3505 4189 3633 4249; x_wconf 91' lang='lat' dir='ltr'>late</span> 
     </span>
     <span class='ocr_line' id='line_1_79' title="bbox 2092 4304 3347 4387; baseline -0.006 -14"><span class='ocrx_word' id='word_1_480' title='bbox 2092 4318 2377 4386; x_wconf 85' lang='lat' dir='ltr'>sumpta,</span> <span class='ocrx_word' id='word_1_481' title='bbox 2428 4325 2567 4387; x_wconf 71' lang='lat' dir='ltr'>qua}</span> <span class='ocrx_word' id='word_1_482' title='bbox 2611 4322 2745 4368; x_wconf 90' lang='lat' dir='ltr'>non</span> <span class='ocrx_word' id='word_1_483' title='bbox 2774 4304 2973 4367; x_wconf 87' lang='lat' dir='ltr'>infert</span> <span class='ocrx_word' id='word_1_484' title='bbox 3000 4305 3347 4367; x_wconf 89' lang='lat' dir='ltr'>intentum.</span> 
     </span>
    </p>

    <p class='ocr_par' dir='ltr' id='par_1_24' title="bbox 2173 4421 3633 4499">
     <span class='ocr_line' id='line_1_80' title="bbox 2173 4421 3633 4499; baseline -0.007 -7"><span class='ocrx_word' id='word_1_485' title='bbox 2173 4429 2400 4493; x_wconf 90' lang='lat' dir='ltr'>Ultimo</span> <span class='ocrx_word' id='word_1_486' title='bbox 2475 4424 2742 4486; x_wconf 86' lang='lat' dir='ltr'>tandem</span> <span class='ocrx_word' id='word_1_487' title='bbox 2801 4439 2882 4484; x_wconf 84' lang='lat' dir='ltr'>ex</span> <span class='ocrx_word' id='word_1_488' title='bbox 2953 4422 3077 4484; x_wconf 86' lang='lat' dir='ltr'>illis</span> <span class='ocrx_word' id='word_1_489' title='bbox 3121 4421 3478 4499; x_wconf 83' lang='lat' dir='ltr'>principiiS,</span> <span class='ocrx_word' id='word_1_490' title='bbox 3550 4422 3633 4482; x_wconf 91' lang='lat' dir='ltr'>ad</span> 
     </span>
    </p>
   </div>
   <div class='ocr_carea' id='block_1_14' title="bbox 3743 1817 3904 1866">
    <p class='ocr_par' dir='ltr' id='par_1_25' title="bbox 3743 1817 3904 1866">
     <span class='ocr_line' id='line_1_81' title="bbox 3743 1817 3904 1866; baseline -0.006 0"><span class='ocrx_word' id='word_1_491' title='bbox 3743 1817 3904 1866; x_wconf 81' lang='lat' dir='ltr'>Deus.</span> 
     </span>
    </p>
   </div>
   <div class='ocr_carea' id='block_1_15' title="bbox 3779 4466 3854 4515">
    <p class='ocr_par' dir='ltr' id='par_1_26' title="bbox 3779 4466 3854 4515">
     <span class='ocr_line' id='line_1_82' title="bbox 3779 4466 3854 4515; baseline -0.013 0"><span class='ocrx_word' id='word_1_492' title='bbox 3779 4466 3854 4515; x_wconf 86' lang='lat'>11.</span> 
     </span>
    </p>
   </div>
   <div class='ocr_carea' id='block_1_16' title="bbox 2089 4526 3963 4617">
    <p class='ocr_par' dir='ltr' id='par_1_27' title="bbox 2089 4526 3963 4617">
     <span class='ocr_line' id='line_1_83' title="bbox 2089 4526 3963 4617; baseline -0.005 -9"><span class='ocrx_word' id='word_1_493' title='bbox 2089 4561 2416 4608; x_wconf 89' lang='lat' dir='ltr'>summum</span> <span class='ocrx_word' id='word_1_494' title='bbox 2488 4542 2714 4603; x_wconf 85' lang='lat' dir='ltr'>haberi</span> <span class='ocrx_word' id='word_1_495' title='bbox 2786 4546 3002 4617; x_wconf 90' lang='lat' dir='ltr'>potest</span> <span class='ocrx_word' id='word_1_496' title='bbox 3067 4537 3245 4616; x_wconf 87' lang='lat' dir='ltr'>quod</span> <span class='ocrx_word' id='word_1_497' title='bbox 3323 4526 3963 4601; x_wconf 64' lang='lat' dir='ltr'>creaturaelnsuffieien·</span> 
     </span>
    </p>
   </div>
   <div class='ocr_carea' id='block_1_17' title="bbox 3773 4599 3845 4642">
    <p class='ocr_par' dir='ltr' id='par_1_28' title="bbox 3773 4599 3845 4642">
     <span class='ocr_line' id='line_1_84' title="bbox 3773 4599 3845 4642; baseline 0.014 -1"><span class='ocrx_word' id='word_1_498' title='bbox 3773 4599 3845 4642; x_wconf 79' lang='lat' dir='ltr'>tia</span> 
     </span>
    </p>
   </div>
   <div class='ocr_carea' id='block_1_18' title="bbox 2089 4654 3974 4738">
    <p class='ocr_par' dir='ltr' id='par_1_29' title="bbox 2089 4654 3974 4738">
     <span class='ocr_line' id='line_1_85' title="bbox 2089 4654 3974 4738; baseline -0.004 -16"><span class='ocrx_word' id='word_1_499' title='bbox 2089 4668 2381 4738; x_wconf 89' lang='lat' dir='ltr'>nequeat</span> <span class='ocrx_word' id='word_1_500' title='bbox 2442 4658 2908 4719; x_wconf 85' lang='lat' dir='ltr'>communicari</span> <span class='ocrx_word' id='word_1_501' title='bbox 2972 4655 3238 4724; x_wconf 85' lang='lat' dir='ltr'>creati0‚</span> <span class='ocrx_word' id='word_1_502' title='bbox 3291 4659 3363 4714; x_wconf 93' lang='lat' dir='ltr'>ut</span> <span class='ocrx_word' id='word_1_503' title='bbox 3420 4661 3635 4731; x_wconf 88' lang='lat' dir='ltr'>potest</span> <span class='ocrx_word' id='word_1_504' title='bbox 3656 4654 3974 4718; x_wconf 69' lang='lat' dir='ltr'>probationis</span> 
     </span>
    </p>
   </div>
   <div class='ocr_carea' id='block_1_19' title="bbox 2089 4768 3637 5077">
    <p class='ocr_par' dir='ltr' id='par_1_30' title="bbox 2089 4768 3637 5077">
     <span class='ocr_line' id='line_1_86' title="bbox 2090 4768 3631 4848; baseline -0.006 -8"><span class='ocrx_word' id='word_1_505' title='bbox 2090 4779 2443 4839; x_wconf 86' lang='lat' dir='ltr'>convenire</span> <span class='ocrx_word' id='word_1_506' title='bbox 2491 4779 2651 4848; x_wconf 89' lang='lat' dir='ltr'>Deo,</span> <span class='ocrx_word' id='word_1_507' title='bbox 2740 4788 2982 4848; x_wconf 89' lang='lat' dir='ltr'>nempe</span> <span class='ocrx_word' id='word_1_508' title='bbox 3033 4773 3175 4831; x_wconf 88' lang='lat' dir='ltr'>sine</span> <span class='ocrx_word' id='word_1_509' title='bbox 3249 4768 3631 4846; x_wconf 85' lang='lat' dir='ltr'>dependen-</span> 
     </span>
     <span class='ocr_line' id='line_1_87' title="bbox 2089 4887 3627 4964; baseline -0.005 -10"><span class='ocrx_word' id='word_1_510' title='bbox 2089 4896 2174 4955; x_wconf 86' lang='lat' dir='ltr'>tia</span> <span class='ocrx_word' id='word_1_511' title='bbox 2231 4899 2296 4953; x_wconf 90' lang='lat' dir='ltr'>et</span> <span class='ocrx_word' id='word_1_512' title='bbox 2364 4905 2687 4951; x_wconf 87' lang='lat' dir='ltr'>concursu</span> <span class='ocrx_word' id='word_1_513' title='bbox 2737 4887 3213 4964; x_wconf 85' lang='lat' dir='ltr'>cujuscumque</span> <span class='ocrx_word' id='word_1_514' title='bbox 3260 4901 3471 4946; x_wconf 81' lang='lat' dir='ltr'>causae</span> <span class='ocrx_word' id='word_1_515' title='bbox 3514 4902 3627 4946; x_wconf 83' lang='lat' dir='ltr'>ex·</span> 
     </span>
     <span class='ocr_line' id='line_1_88' title="bbox 2092 5003 3637 5077; baseline -0.005 -5"><span class='ocrx_word' id='word_1_516' title='bbox 2092 5013 2382 5072; x_wconf 82' lang='lat' dir='ltr'>trinsecae</span> <span class='ocrx_word' id='word_1_517' title='bbox 2456 5007 2646 5068; x_wconf 88' lang='lat' dir='ltr'>etiam</span> <span class='ocrx_word' id='word_1_518' title='bbox 2720 5003 3119 5077; x_wconf 84' lang='lat' dir='ltr'>efficientis;</span> <span class='ocrx_word' id='word_1_519' title='bbox 3208 5019 3343 5065; x_wconf 88' lang='lat' dir='ltr'>non</span> <span class='ocrx_word' id='word_1_520' title='bbox 3416 5008 3637 5065; x_wconf 90' lang='lat' dir='ltr'>tamen</span> 
     </span>
    </p>
   </div>
   <div class='ocr_carea' id='block_1_20' title="bbox 2088 5122 3635 5317">
    <p class='ocr_par' dir='ltr' id='par_1_31' title="bbox 2088 5122 3635 5317">
     <span class='ocr_line' id='line_1_89' title="bbox 2088 5122 3635 5208; baseline -0.003 -19"><span class='ocrx_word' id='word_1_521' title='bbox 2088 5129 2406 5208; x_wconf 86' lang='lat' dir='ltr'>probatur</span> <span class='ocrx_word' id='word_1_522' title='bbox 2449 5142 2578 5187; x_wconf 90' lang='lat' dir='ltr'>non</span> <span class='ocrx_word' id='word_1_523' title='bbox 2624 5141 2818 5201; x_wconf 90' lang='lat' dir='ltr'>posse</span> <span class='ocrx_word' id='word_1_524' title='bbox 2884 5122 3347 5183; x_wconf 87' lang='lat' dir='ltr'>communicari</span> <span class='ocrx_word' id='word_1_525' title='bbox 3391 5124 3635 5200; x_wconf 91' lang='lat' dir='ltr'>princi-</span> 
     </span>
     <span class='ocr_line' id='line_1_90' title="bbox 2090 5234 3632 5317; baseline -0.001 -18"><span class='ocrx_word' id='word_1_526' title='bbox 2090 5241 2270 5317; x_wconf 88' lang='lat' dir='ltr'>pium</span> <span class='ocrx_word' id='word_1_527' title='bbox 2315 5234 2726 5314; x_wconf 90' lang='lat' dir='ltr'>producendi</span> <span class='ocrx_word' id='word_1_528' title='bbox 2768 5234 3298 5313; x_wconf 86' lang='lat' dir='ltr'>independenter</span> <span class='ocrx_word' id='word_1_529' title='bbox 3341 5254 3377 5298; x_wconf 93' lang='lat' dir='ltr'>a</span> <span class='ocrx_word' id='word_1_530' title='bbox 3425 5244 3632 5299; x_wconf 89' lang='lat' dir='ltr'>mate-</span> 
     </span>
    </p>
   </div>
   <div class='ocr_carea' id='block_1_21' title="bbox 2090 5354 3634 5434">
    <p class='ocr_par' dir='ltr' id='par_1_32' title="bbox 2090 5354 3634 5434">
     <span class='ocr_line' id='line_1_91' title="bbox 2090 5354 3634 5434; baseline -0.003 -14"><span class='ocrx_word' id='word_1_531' title='bbox 2090 5361 2182 5420; x_wconf 87' lang='lat' dir='ltr'>ria</span> <span class='ocrx_word' id='word_1_532' title='bbox 2231 5364 2296 5417; x_wconf 91' lang='lat' dir='ltr'>et</span> <span class='ocrx_word' id='word_1_533' title='bbox 2352 5356 2673 5434; x_wconf 84' lang='lat' dir='ltr'>subjecto,</span> <span class='ocrx_word' id='word_1_534' title='bbox 2712 5354 2794 5417; x_wconf 90' lang='lat' dir='ltr'>de</span> <span class='ocrx_word' id='word_1_535' title='bbox 2829 5372 2954 5433; x_wconf 90' lang='lat' dir='ltr'>qua</span> <span class='ocrx_word' id='word_1_536' title='bbox 2989 5359 3319 5418; x_wconf 89' lang='lat' dir='ltr'>creatione</span> <span class='ocrx_word' id='word_1_537' title='bbox 3371 5358 3634 5433; x_wconf 89' lang='lat' dir='ltr'>potissi-</span> 
     </span>
    </p>
   </div>
   <div class='ocr_carea' id='block_1_22' title="bbox 2090 5472 3630 5552">
    <p class='ocr_par' dir='ltr' id='par_1_33' title="bbox 2090 5472 3630 5552">
     <span class='ocr_line' id='line_1_92' title="bbox 2090 5472 3630 5552; baseline 0 -16"><span class='ocrx_word' id='word_1_538' title='bbox 2090 5492 2270 5537; x_wconf 88' lang='lat' dir='ltr'>mum</span> <span class='ocrx_word' id='word_1_539' title='bbox 2315 5474 2420 5534; x_wconf 86' lang='lat' dir='ltr'>hic</span> <span class='ocrx_word' id='word_1_540' title='bbox 2476 5472 2713 5552; x_wconf 81' lang='lat' dir='ltr'>agitur,</span> <span class='ocrx_word' id='word_1_541' title='bbox 2773 5473 3069 5550; x_wconf 90' lang='lat' dir='ltr'>quamvis</span> <span class='ocrx_word' id='word_1_542' title='bbox 3137 5474 3245 5535; x_wconf 91' lang='lat' dir='ltr'>illa</span> <span class='ocrx_word' id='word_1_543' title='bbox 3292 5473 3630 5552; x_wconf 88' lang='lat' dir='ltr'>productio</span> 
     </span>
    </p>
   </div>
   <div class='ocr_carea' id='block_1_23' title="bbox 2092 5598 3628 5677">
    <p class='ocr_par' dir='ltr' id='par_1_34' title="bbox 2092 5598 3628 5677">
     <span class='ocr_line' id='line_1_93' title="bbox 2092 5598 3628 5677; baseline -0.003 -14"><span class='ocrx_word' id='word_1_544' title='bbox 2092 5605 2270 5664; x_wconf 85' lang='lat' dir='ltr'>esset</span> <span class='ocrx_word' id='word_1_545' title='bbox 2325 5602 2522 5663; x_wconf 90' lang='lat' dir='ltr'>etiam</span> <span class='ocrx_word' id='word_1_546' title='bbox 2575 5598 2965 5677; x_wconf 89' lang='lat' dir='ltr'>dependens</span> <span class='ocrx_word' id='word_1_547' title='bbox 3021 5616 3058 5661; x_wconf 92' lang='lat' dir='ltr'>a</span> <span class='ocrx_word' id='word_1_548' title='bbox 3126 5613 3320 5660; x_wconf 85' lang='lat' dir='ltr'>causa</span> <span class='ocrx_word' id='word_1_549' title='bbox 3397 5598 3628 5676; x_wconf 85' lang='lat' dir='ltr'>prima,</span> 
     </span>
    </p>
   </div>
   <div class='ocr_carea' id='block_1_24' title="bbox 3684 4717 3937 4770">
    <p class='ocr_par' dir='ltr' id='par_1_35' title="bbox 3684 4717 3937 4770">
     <span class='ocr_line' id='line_1_94' title="bbox 3684 4717 3937 4770; baseline 0.02 -5"><span class='ocrx_word' id='word_1_550' title='bbox 3684 4717 3914 4769; x_wconf 73' lang='lat' dir='ltr'>adversae</span> <span class='ocrx_word' id='word_1_551' title='bbox 3925 4757 3937 4770; x_wconf 91' lang='lat'>.</span> 
     </span>
    </p>
   </div>
  </div>
 </body>
</html>
