4287 6313
1722 402 2165 469 DlsTlNCTlo
2251 404 2326 464 V.
3593 406 3711 469 499

525 565 742 638 enim
802 566 1091 658 cuique
1124 565 1505 659 prodesse
1570 570 1835 658 potest
1928 567 2071 637 Ba-

531 682 905 774 ptismus,
1043 683 1172 754 ubi
1289 687 1557 776 potest
1684 682 2070 776 prodesse

529 797 1070 891 eleemosyna,
1119 799 1432 872 scilicet
1489 800 1569 871 in
1629 798 2071 872 Ecclesia.»

532 917 739 987 Item
812 915 1173 987 Isidorus
1226 941 1245 983 -:
1306 946 1334 979 ι
1394 918 1812 988 Romanus
1877 916 2076 986 Pon-

178 995 496 1105 nfissi'f'si‘ir‘
529 1027 733 1103 tifex
810 1050 972 1104 non
1056 1030 1468 1104 hominem
1566 1032 1903 1124 judicat,
1944 1029 2077 1122 qui

226 1130 445 1231 1103..
533 1148 918 1242 baptizat,
983 1150 1116 1222 sed
1188 1149 1591 1244 Spiritum
1668 1148 1814 1221 Dei
1901 1146 2078 1218 sub-

538 1266 1015 1340 ministrare
1076 1269 1433 1358 gratiam
1504 1264 1928 1357 Baptismi,
1992 1262 2079 1333 li-

535 1384 665 1456 cet
709 1402 1069 1475 paganus
1133 1385 1240 1456 sit
1282 1382 1416 1475 qui
1494 1381 1940 1474 baptizat.»
1992 1382 2080 1451 ln

536 1497 662 1570 his
728 1497 1149 1592 perspicue
1209 1499 1507 1581 cernis,
1571 1497 2082 1592 Baptismum

537 1633 824 1685 verum
868 1615 1097 1686 bonis
1130 1619 1212 1688 et
1256 1614 1491 1686 malis
1541 1612 1718 1686 dari
1765 1628 1812 1684 a
1856 1611 2084 1683 bonis

538 1733 620 1803 et
651 1750 698 1801 a
741 1730 1020 1811 malis;
1060 1736 1141 1804 et
1192 1731 1460 1824 ipsum
1521 1734 1794 1804 tamen
1862 1746 2087 1819 aeque

545 1853 918 1922 sanctum
1023 1868 1225 1933 esse,
1340 1853 1421 1923 et
1519 1867 1806 1920 munus
1912 1845 2089 1938 ejus

545 1965 854 2057 aequale
890 1965 970 2038 in
1011 1965 1266 2047 bonis,
1305 1965 1474 2038 sive
1520 1985 1567 2036 a
1599 1963 1858 2046 bonis,
1923 1963 2091 2034 sive

545 2105 592 2157 a
627 2083 864 2157 malis
901 2082 1441 2174 baptizentur.

635 2325 731 2389 De
764 2331 1082 2410 potestate
1120 2321 1455 2407 Baptismi
1502 2330 1564 2384 et
1601 2319 2001 2385 ministerio.

322 2584 386 2654 B,
640 2550 842 2634 Quia
919 2550 1466 2624 ministerium
1544 2553 1865 2622 tantum
1960 2548 2100 2619 ha-

199 2646 762 2760 fflff.²¹1¹¹f{1bent‚
850 2688 1011 2739 non
1083 2668 1576 2759 potestatem
1652 2664 2095 2756 Baptismi;

201 2772 515 2898 Affgffgft·
558 2787 1047 2878 potestatem
1144 2782 1360 2855 enim
1449 2781 1600 2854 sibi
1707 2781 2101 2854 Dominus

205 2895 519 3009 Dssssggssss,
559 2899 920 2975 retinuit.
958 2899 1177 2981 Quod
1227 2898 1450 2970 novit
1503 2900 1882 2981 JoanneS,
1919 2918 2100 2970 cum

215 3020 520 3148 Bgffiggds·
556 3017 756 3090 vidit
864 3018 1231 3084 columbam
1310 3017 1810 3083 descendentem
1909 3039 2107 3103 super

214 3211 255 3259 l·
302 3144 436 3259 &agira
465 3208 518 3258 3·
564 3137 926 3204 Christum.
983 3131 1204 3205 Unde
1246 3132 1790 3223 Augustinus:
1843 3162 1871 3195 «
1909 3131 2106 3215 Quid

212 3271 531 3398 ‘'3131th
563 3253 903 3323 noverat
950 3251 992 3322 J
1006 3270 1306 3322 oannes
1348 3251 1776 3342 Baptista?
1838 3250 2108 3322 Domi·

292 3395 443 3467 med.
564 3389 782 3441 num.
836 3369 1036 3451 Quid
1086 3388 1245 3440 non
1285 3373 1691 3441 noverat?
1724 3381 2111 3457 potestatem

263 3458 526 3571 {giga-n.
563 3486 944 3559 dominici
1024 3484 1424 3578 Baptismi
1480 3486 1559 3558 in
1606 3484 1919 3557 nullum
1970 3484 2110 3555 ho-

570 3600 865 3673 minem
909 3621 954 3672 a
987 3598 1333 3673 Domino
1367 3598 1940 3680 transituram,
1980 3597 2113 3669 sed

563 3721 1012 3786 ministerium
1056 3712 1288 3809 plane
1339 3715 1926 3796 t1·ansiturum;
1977 3735 2111 3808 po-

568 3840 952 3909 testatem
1010 3853 1056 3906 a
1114 3833 1461 3906 Domino
1534 3833 1616 3905 in
1676 3831 2109 3913 neminem,

568 3951 699 4024 sed
763 3949 1312 4023 ministerium
1380 3950 1462 4021 in
1519 3950 1777 4022 bonos
1810 3953 1890 4023 et
1953 3970 2113 4022 ma—

565 4070 716 4141 los.
754 4068 933 4140 Non
974 4065 1416 4139 exhorreat
1466 4066 1837 4138 columba
1878 4070 2116 4134 minis-

566 4189 809 4253 terium
878 4185 1232 4265 malo-rum,
1308 4181 1700 4275 respiciat
1789 4182 2115 4255 Domini

568 4300 1085 4391 potestatem.
1124 4295 1324 4378 Quid
1364 4295 1558 4369 facit
1592 4295 1699 4367 ibi
1744 4296 2120 4369 minister

572 4413 860 4498 malus,
938 4411 1068 4484 ubi
1139 4410 1393 4483 bonus
1460 4417 1585 4484 est
1664 4411 2117 4483 Dominus?

572 4561 600 4595 «ι
665 4534 886 4619 Neque
951 4532 1065 4617 qui
1127 4532 1415 4617 plantat,
1479 4549 1685 4614 neque
1752 4530 1868 4614 qui
1941 4532 2123 4616 riqat

568 4663 661 4718 est
739 4649 1026 4737 aliquid,
1089 4648 1206 4714 sed
1273 4648 1388 4734 qai
1447 4648 1925 4713 incrementum
1978 4646 2118 4726 dat,

568 4765 768 4836 Deus.
828 4765 907 4837 Si
964 4763 1359 4854 superbus
1414 4759 1664 4834 fuerit
1721 4758 2119 4840 minister,

573 4903 756 4955 cum
804 4877 1124 4952 diabolo
1184 4877 1740 4969 computatur,
1789 4876 1923 4948 sed
1965 4894 2125 4946 non

576 4996 1188 5071 contaminatur
1330 4992 1626 5064 donum
1787 4990 2120 5074 Christi,

585 5115 789 5207 quod
840 5133 984 5204 per
1045 5110 1273 5185 illum
1342 5108 1517 5182 fluit
1579 5128 1877 5200 purum
1960 5111 2115 5180 est.

584 5231 740 5304 Per
852 5231 1258 5324 lapideum
1351 5227 1720 5301 canalem
1826 5226 2129 5301 transit

586 5367 796 5440 aqua
845 5349 941 5420 ad
973 5347 1297 5420 areolas
1336 5371 1351 5426 ;
1400 5345 1480 5417 in
1513 5343 1776 5417 canali
1816 5344 2128 5437 lapideo

586 5465 793 5538 nihil
877 5469 1343 5556 generatur,
1430 5462 1564 5534 sed
1619 5461 1909 5535 hortus
1962 5461 2131 5533 fru-

602 5584 781 5658 ctus
868 5580 1269 5675 plurimos
1357 5579 1625 5654 affert.
1703 5609 1731 5643 »
1816 5578 2132 5655 Habent

2187 564 2445 655 igitur
2537 585 2700 639 non
2785 566 3029 641 modo
3121 565 3331 645 boni,
3433 567 3568 639 sed
3650 570 3733 639 et

2191 685 2379 755 mali
2473 684 3024 758 ministerium
3076 684 3557 777 baptizandi,
3604 685 3737 756 sed

2190 801 2461 873 neutri
2629 806 3123 893 potestatem
3301 802 3733 894 Baptismi.

2197 942 2225 975 α
2272 912 2825 988 Ministerium
2859 915 3073 987 enim
3107 915 3314 988 dedit
3359 915 3736 989 Christus

2194 1030 2481 1113 servis,
2564 1032 2697 1104 sed
2765 1035 3257 1123 potestatem
3321 1032 3469 1104 sibi
3539 1032 3736 1105 reti-

2191 1145 2394 1227 nuit,
2442 1164 2686 1236 quam
2735 1146 2802 1218 si
2866 1147 3135 1228 vellet,
3195 1152 3523 1239 poterat
3568 1168 3738 1219 ser-

2191 1260 2315 1333 vis
2363 1260 2583 1344 dare,
2654 1266 2743 1335 ut
2819 1282 3103 1335 servus
3172 1263 3405 1336 daret
3472 1262 3742 1356 Bapti-

2197 1399 2462 1449 smum
2531 1398 2766 1450 suum
2846 1383 3231 1472 tanquam
3304 1381 3473 1452 vice
3566 1400 3736 1451 sua.

2195 1498 2298 1569 Et
2369 1500 2857 1587 potestatem
2940 1518 3170 1569 suam
3240 1497 3741 1570 constituere

2201 1617 2527 1704 poterat
2572 1613 2648 1683 in
2691 1611 2991 1705 aliquo,
3056 1613 3177 1684 vel
3220 1613 3301 1684 in
3335 1613 3734 1706 aliquibus
3769 1635 3990 1688 nubium
4017 1636 4072 1686 4.
4121 1638 4126 1643 ·

2199 1729 2459 1801 servis
2530 1729 2723 1810 suis,
2792 1734 2877 1802 ut
2918 1732 3148 1803 tanta
3215 1730 3339 1802 vis
3398 1733 3612 1803 esset
3655 1730 3740 1803 in
3810 1700 4030 1752 ³⁰¹''¹⁷‘

2202 1845 2625 1938 Baptismo
2713 1846 2955 1932 servi,
3054 1851 3356 1939 quanta
3450 1852 3573 1921 est
3661 1849 3743 1921 in

2205 1964 2626 2055 Baptismo
2687 1963 3053 2046 Domini;
3121 1965 3255 2037 sed
3322 1965 3610 2047 noluit,
3648 1985 3747 2038 ne

2210 2100 2495 2152 servus
2581 2082 2659 2152 in
2742 2101 2980 2153 servo
3066 2102 3289 2174 spem
3383 2086 3744 2176 poneret.

2209 2197 2582 2289 Baptizat
2633 2218 2917 2271 servus
2992 2203 3081 2272 ut
3146 2194 3547 2283 minister,
3625 2199 3755 2270 ba-

2212 2315 2466 2406 ptizat
2518 2316 2913 2389 Dominus
2948 2323 3334 2409 tanquam
3406 2321 3758 2410 potesta-

2213 2435 2377 2504 tem
2452 2430 2779 2515 habens,
2845 2453 3087 2524 quam
3149 2434 3217 2505 si
3313 2435 3543 2507 daret
3594 2452 3757 2505 ser-

2213 2545 2363 2629 viS‚
2403 2551 2487 2631 ut
2538 2545 2851 2620 scilicet
2911 2546 3282 2639 ipsorum
3313 2552 3529 2621 esset
3554 2547 3760 2639 quod

2215 2663 2542 2735 Domini
2608 2669 2815 2743 erat,
2860 2668 2987 2739 tot
3052 2670 3324 2739 essent
3356 2663 3758 2757 Baptismi

2219 2782 2413 2870 quot
2509 2781 2749 2861 servi,
2816 2785 2903 2853 ut
3003 2782 3211 2855 sicut
3289 2782 3549 2855 dictus
3635 2782 3761 2851 est

2222 2896 2692 2993 Baptismus
2754 2900 3119 2981 Joannis,
3186 2900 3299 2972 sic
3351 2898 3762 2972 diceretur

2220 3012 2689 3105 Baptismus
2756 3018 2974 3090 Petri
3042 3019 3167 3090 vel
3240 3018 3494 3119 Pauli.
3542 3014 3761 3099 Quod
3791 3065 4093 3117 Dubium&

2222 3151 2320 3206 ne
2413 3134 2670 3216 fieret,
2745 3135 3006 3210 tenuit
3058 3135 3261 3227 sibi
3365 3136 3758 3209 Dominus

2191 3256 2719 3344 *potestatem
2783 3254 3208 3346 Baptismi,
3273 3254 3534 3326 servis
3624 3254 3764 3326 mi-

2223 3369 2662 3443 nisterium
2738 3371 2973 3444 dedit.
3038 3370 3119 3446 Si
3179 3391 3377 3463 ergo
3478 3391 3762 3444 servus

2223 3485 2439 3569 dicit,
2492 3506 2576 3557 se
2607 3486 3054 3579 baptizare,
3093 3494 3315 3562 recte
3373 3488 3591 3569 dicit,
3633 3488 3767 3560 sed

2227 3604 2616 3692 tanquam
2713 3602 3090 3675 minister
3180 3604 3579 3697 baptizat;
3691 3608 3771 3677 et

2230 3716 2400 3789 ideo
2444 3738 2605 3789 non
2688 3717 2985 3801 differt,
3062 3719 3230 3792 sive
3307 3721 3562 3792 bonus
3605 3720 3772 3791 sive

2230 3832 2491 3906 malus
2530 3834 2912 3927 baptizet.
2980 3838 3166 3909 Inde
3234 3837 3485 3909 etiam
3536 3855 3771 3908 nemo

2227 3948 2444 4031 dicit,
2508 3954 2888 4040 Baptismus
2950 3977 3151 4035 meae,
3218 3972 3404 4025 cum
3500 3958 3771 4027 tamen
3798 3984 3926 4036 ibid.
3955 3983 4109 4033 etlib.

2227 4064 2442 4139 dicat
2547 4071 2987 4158 Evanqelium
3083 4091 3316 4151 meum,
3406 4072 3769 4158 prudentia
3824 4048 4088 4176 ⁵·p2‘gn123ff

2229 4205 2393 4263 mea,
2430 4181 2622 4256 licet
2663 4182 2833 4256 haec
2867 4184 3028 4258 sint
3061 4204 3107 4256 a
3134 4186 3325 4257 Deo.
3363 4187 3450 4256 In
3485 4186 3769 4276 quibus
3822 4177 4080 4291 Dgssssiisst.

2230 4299 2686 4373 differentia
2757 4307 2932 4375 est:
3000 4302 3229 4375 Alius
3298 4302 3511 4375 enim
3608 4303 3770 4376 alio
3881 4297 4033 4349 ‘²14-

2237 4418 2524 4490 melius
2568 4424 2961 4511 operatur
3007 4419 3089 4491 in
3121 4420 3769 4512 evangelizando,

2234 4538 2316 4607 et
2355 4534 2566 4607 alius
2599 4535 2763 4608 alio
2816 4537 3291 4629 prudentior
3332 4542 3458 4611 est
3494 4564 3510 4615 ;
3568 4537 3775 4609 alius

2237 4656 2510 4724 autem
2620 4653 2782 4726 alio
2863 4655 3123 4746 magis
3196 4656 3563 4728 minusve
3649 4657 3780 4728 ba-

2239 4768 2614 4859 ptizatus,
2690 4769 2859 4843 sive
2900 4773 2998 4844 ab
3068 4770 3450 4845 inferiori
3522 4772 3776 4845 sivea

2239 4886 2649 4977 superiori
2746 4886 3262 4980 baptizetur,
3368 4889 3524 4963 dici
3621 4907 3782 4960 non

2243 5005 2582 5092 potest.»

2250 5175 2408 5249 Quoe
2443 5177 2579 5259 fuit
2603 5184 2894 5262 potestas
2924 5177 3275 5263 Baptismi,
3315 5198 3511 5263 quam
3587 5179 3781 5244 Chri-

2285 5302 2422 5356 stus
2454 5293 2675 5377 potuit
2742 5292 2908 5357 dare
2945 5295 3156 5358 servis
3224 5306 3284 5358 et
3328 5316 3462 5360 non
3512 5295 3730 5361 dedit.

2337 5459 2487 5533 Hic
2557 5459 2982 5552 quaeritur,
3057 5481 3232 5554 quae
3292 5463 3395 5535 sit
3450 5464 3591 5535 illa
3643 5483 3779 5555 po·
3932 5514 3989 5565 C·

2245 5582 2500 5651 testas
2580 5579 3033 5672 Baptismi,
3091 5598 3329 5673 quam
3399 5579 3778 5654 Christus
