4287 6313
369 1024 511 1077 Illius

333 1088 549 1139 rationis

282 1152 485 1215 sequela
512 1152 601 1202 im-

306 1219 579 1279 pugnatur.

325 2413 560 2481 Replica.

318 3140 560 3196 Solvitur.

335 5493 535 5619 Cigisa

631 407 710 471 ‘48

624 577 724 632 ter
770 574 1070 631 naturam
1118 572 1184 630 et
1233 572 1439 630 artem
1499 560 1684 645 quasi
1728 563 1862 624 haec
1906 575 2175 637 semper

622 690 1030 763 supponeret
1075 684 1398 746 actionem
1439 688 1706 751 naturae,
1755 684 1819 739 et
1861 674 2174 738 effectum

625 809 939 882 tanquam
983 818 1253 881 passum
1308 801 1373 862 in
1426 800 1605 879 quod
1650 801 1827 877 agat.

702 922 939 994 Tertio,
1015 918 1283 981 tandem
1358 920 1702 995 impugnat
1775 913 1954 975 illam
2018 909 2171 970 rati-

626 1052 823 1097 onem
881 1035 1150 1112 petitam
1196 1051 1278 1095 ex
1338 1034 1567 1094 ordine
1628 1028 1957 1093 essentiali
2016 1041 2171 1087 cau·

625 1169 894 1225 sarum;
947 1153 1098 1231 quia
1176 1153 1258 1213 de
1331 1150 1500 1213 facto
1558 1148 1886 1210 invenitur
1967 1159 2176 1223 agens

623 1269 964 1329 materiale
1018 1266 1197 1346 quod
1247 1271 1348 1327 est
1386 1264 1677 1336 inferiuS‚
1736 1267 1802 1323 et
1838 1257 2176 1337 spirituale

625 1381 806 1462 quod
866 1385 972 1442 est
1038 1381 1365 1459 superiuS,
1425 1396 1557 1441 non
1627 1377 1928 1456 sequitur
1995 1370 2176 1452 quod

626 1499 965 1560 materiale
1022 1502 1353 1574 supponat
1397 1495 1708 1558 effectum
1760 1494 2018 1573 agentis
2057 1494 2176 1552 im-

621 1615 985 1678 materialis
1038 1614 1258 1687 creati,
1320 1630 1443 1675 nec
1504 1616 1557 1676 si
1615 1611 1951 1673 materiale
2028 1614 2175 1669 tan-

626 1738 761 1796 tum
821 1737 1155 1812 supponat
1214 1730 1525 1794 effectum
1586 1731 1704 1792 Dei
1764 1727 2172 1800 immediate,

624 1849 804 1929 quod
881 1849 1306 1911 immateriale
1394 1848 1574 1927 quod
1662 1850 1763 1910 est
1843 1845 2172 1922 superius,

619 1969 778 2030 nibil
855 1973 1208 2047 supponat.
1288 1969 1573 2046 Utraque
1645 1968 1920 2046 sequela
1997 1968 2177 2028 esset

618 2098 801 2155 vera,
859 2083 913 2144 si
958 2082 1363 2145 antecedens
1422 2080 1581 2142 illud
1638 2097 1868 2143 verum
1925 2084 2105 2143 esset
2152 2096 2169 2138 ε

624 2198 798 2271 quod
878 2213 1078 2272 aqens
1160 2198 1439 2272 infer-ius
1522 2212 1776 2273 semper
1852 2198 2175 2272 supponat

624 2311 925 2385 effectum
972 2312 1218 2388 ayenlis
1273 2314 1655 2388 superior-2⁰8,
1692 2315 1758 2371 in
1802 2313 1976 2387 quod
2021 2316 2176 2386 apat

623 2433 692 2488 ut
740 2441 1040 2503 passum.
1116 2425 1421 2488 Secunda
1488 2428 1761 2506 sequela
1832 2426 2178 2487 obscurior

626 2547 749 2615 est,
810 2556 942 2603 non
1003 2539 1268 2603 videtur
1337 2541 1513 2602 enim
1578 2542 1796 2620 sequi,
1873 2539 2051 2620 quod
2119 2540 2177 2601 si

625 2673 822 2722 causa
870 2660 1219 2721 materialis
1262 2665 1417 2739 agat
1462 2660 1628 2720 circa
1683 2657 1998 2721 effectum
2055 2660 2173 2720 Dei

620 2775 1022 2848 immediate,
1069 2774 1248 2853 quod
1284 2791 1483 2837 causa
1526 2774 1974 2837 immaterialis
2017 2774 2174 2835 nihil

624 2897 977 2970 supponat,
1025 2894 1176 2969 quia
1226 2892 1673 2953 immaterialis
1712 2893 2026 2969 supponit
2075 2887 2174 2951 ef·-

623 3007 872 3069 fectum
904 3008 1043 3079 Dei,
1080 3010 1187 3085 qui
1221 3012 1324 3068 est
1363 3024 1556 3069 causa
1606 3010 1930 3085 superior.

706 3123 1192 3203 Respondetur,
1225 3127 1290 3188 in
1337 3142 1416 3187 eo
1464 3129 1713 3187 tantum
1747 3124 1958 3202 sequi,
1994 3120 2176 3201 quod

625 3259 892 3320 passum
936 3242 1004 3303 in
1051 3242 1227 3319 quod
1279 3244 1415 3319 agit
1472 3258 1666 3303 causa
1719 3240 2006 3312 inferior,
2071 3241 2177 3300 in-

614 3356 1049 3434 terpretando
1098 3357 1489 3435 principium
1518 3354 1681 3417 illud
1710 3357 1776 3417 in
1807 3370 2010 3417 sensu
2042 3371 2172 3434 quo

625 3473 959 3537 concludit
1003 3473 1356 3544 intentum,
1406 3472 1607 3534 debet
1652 3488 1800 3534 esse
1848 3472 2173 3549 posterius

621 3592 878 3651 actione
945 3605 1162 3651 causae
1220 3588 1601 3667 superioris.
1636 3589 1798 3649 Data
1848 3603 2006 3666 ergo
2051 3586 2174 3647 hac

619 3707 1078 3770 universaliter
1130 3704 1668 3768 subordinatione
1730 3704 1904 3764 inter
1955 3699 2174 3762 inferi·

623 3840 807 3886 orem
837 3839 1104 3886 causam
1140 3827 1207 3884 et
1235 3823 1669 3900 superiorem,
1701 3820 1755 3880 si
1800 3835 1994 3880 causa
2038 3833 2174 3877 ma-

624 3939 866 4001 terialis
951 3944 1182 4018 ageret
1236 3936 1615 3999 immediate
1689 3938 1756 3997 in
1809 3931 2170 4006 materiam,

626 4072 771 4135 quae
829 4059 931 4118 est
1006 4055 1282 4116 effectus
1342 4055 1490 4125 Dei,
1553 4056 1619 4114 et
1680 4067 1823 4130 quae
1879 4067 2014 4113 non
2075 4055 2176 4113 est

626 4171 795 4234 aliud
827 4188 1090 4249 passum
1137 4171 1342 4247 prius,
1391 4174 1458 4230 et
1486 4171 1817 4244 supponat
1845 4167 2176 4229 actionem

621 4305 835 4352 causae
889 4289 1272 4366 superioris,
1330 4291 1725 4365 sequeretur
1792 4285 1969 4348 illam
2011 4285 2171 4347 acti-

623 4419 822 4466 onem
894 4419 1027 4466 non
1073 4400 1449 4463 coincidere
1507 4401 1573 4461 in
1630 4414 1894 4476 passum
1952 4414 2171 4460 causae

619 4518 964 4592 inferioriS,
1001 4535 1145 4597 quae
1191 4521 1369 4579 esset
1417 4516 1710 4587 materia,
1768 4531 1843 4576 ac
1894 4515 2172 4592 proinde

622 4652 768 4698 esse
816 4653 899 4698 ex
940 4635 1156 4708 nihilo,
1210 4634 1359 4711 quia
1407 4634 1585 4709 prius
1648 4634 1919 4694 materia
1963 4635 2171 4710 prima

622 4755 725 4812 est
779 4751 993 4813 solum
1039 4750 1225 4824 nihil,
1277 4747 1429 4809 ideo
1482 4746 1713 4809 dicitur
1756 4763 1959 4823 prope
2009 4745 2175 4807 nihil

623 4867 707 4930 ab
749 4867 1154 4947 Augustino:
1205 4863 1367 4927 ordo
1421 4880 1580 4943 ergo
1624 4880 1969 4925 causarum
1997 4866 2170 4925 inter

620 5001 693 5047 se
735 5001 870 5046 non
918 4984 1013 5045 sic
1056 4982 1260 5045 debet
1299 4982 1619 5062 assignari
1655 4999 1670 5054 ;
1719 4979 1868 5043 vide
1923 4981 2165 5042 Docto-

623 5117 765 5163 rem
800 5100 988 5163 variis
1031 5099 1098 5160 in
1127 5099 1312 5172 locis,
1345 5098 1680 5175 speciatim
1712 5099 1780 5158 in
1814 5099 1865 5158 l.
1895 5100 1956 5159 d.
2000 5098 2060 5158 3.
2103 5114 2164 5173 q.

626 5218 685 5279 9.
732 5221 762 5294 S
820 5216 1179 5278 Intellectus
1248 5220 1333 5277 est
1405 5231 1606 5276 causa
1673 5213 1938 5289 qiqnens
1996 5214 2168 5274 noli-

616 5335 802 5397 tiam.

699 5448 790 5532 (h)
823 5452 1072 5521 Quarta
1114 5451 1284 5510 ratio
1314 5463 1440 5508 non
1487 5445 1829 5517 concludit,
1864 5448 1989 5506 etc.
2026 5444 2168 5506 Haec

617 5568 783 5638 tatio
817 5572 918 5630 est
955 5563 1192 5646 AEgldii
1232 5564 1349 5625 ubi
1390 5578 1617 5639 supra,
1662 5566 1720 5624 et
1763 5558 2050 5637 quodlib.
2102 5562 2162 5623 3.

1781 394 1926 461 LIB.
1962 397 2062 459 lv.
2095 394 2691 461 SENTENTIARUM
4240 392 4242 453 l

2286 581 2502 652 quaest.
2549 578 2611 638 4.
2657 592 2739 636 ex
2783 573 3258 654 potentialitate
3311 568 3566 652 agentis
3613 568 3837 640 creati,
3932 571 4099 685 'leatio

2287 695 2532 754 nullum
2579 705 2790 772 agens
2847 697 3143 754 creatum
3204 694 3307 751 est
3360 704 3564 767 purus
3622 689 3828 758 actuS,
3911 650 4147 751 gofgftff.

2283 811 2420 871 sive
2466 826 2704 888 purum
2736 826 2928 883 esse3
2986 827 3144 889 ergo
3195 826 3417 888 neque
3476 810 3639 869 actio
3693 806 3838 887 eJus

2289 928 2390 986 est
2418 929 2605 986 actus
2637 941 2865 1003 puruS,
2897 925 3020 988 sed
3065 927 3407 989 involvens
3436 921 3685 1002 aliquid
3715 938 3834 1000 po·

2289 1043 2730 1117 tentialitatis;
2768 1044 2910 1105 talis
2942 1050 3166 1105 autem
3197 1060 3331 1106 non
3363 1048 3463 1104 est
3508 1043 3653 1103 sine
3695 1055 3833 1099 mo·
3895 1036 4150 1149 “2323ae

2287 1167 2355 1218 tu
2414 1163 2478 1218 et
2539 1160 2937 1233 mutatione;
3002 1175 3161 1239 ergo
3218 1174 3342 1219 nec
3394 1173 3602 1236 agens
3701 1171 3838 1217 cre·
3887 1166 4162 1232 estmotqs

2286 1278 2466 1335 atum
2508 1279 2728 1351 potest
2775 1291 2976 1354 agere
3024 1277 3167 1336 sine
3216 1279 3401 1335 motu
3450 1277 3518 1333 et
3575 1270 3840 1332 mutati·
3859 1228 4173 1274 etmutatao.

2288 1404 2461 1461 one·;
2500 1406 2660 1470 ergo
2693 1407 2817 1453 nec
2865 1406 3113 1463 creare,
3150 1392 3300 1470 quia
3350 1403 3575 1450 creare
3624 1395 3724 1450 est
3758 1384 3842 1447 de

2284 1504 2512 1579 nihilo,
2563 1513 2773 1569 motus
2805 1512 3026 1568 autem
3056 1506 3123 1567 in
3165 1506 3461 1582 subJecto
3509 1509 3632 1566 est.

2364 1622 2746 1701 Respondet
2798 1628 3032 1688 Doctor
3081 1625 3249 1685 hanc
3303 1626 3629 1685 rationem
3681 1619 3840 1682 nihil
3882 1644 4163 1711 Responsio

2289 1738 2712 1813 concludere,
2758 1744 2896 1805 sive
2945 1739 3344 1819 intelligatur
3395 1737 3834 1815 potentialitas
3893 1708 4150 1758 ⁰⁰⁰²⁰¹⁸³⁸·

2286 1857 2612 1936 obJectiva
2660 1862 2970 1935 respectu
3027 1871 3199 1930 esse,
3252 1856 3388 1916 sive
3435 1854 3827 1927 existentiae;

2285 1974 2419 2036 sive
2492 1974 2892 2053 intelligatur
2949 1973 3314 2051 subJectiva
3371 1969 3455 2032 ad
3518 1972 3835 2047 recipien-

2289 2088 2445 2151 dum
2481 2090 2651 2151 sicut
2680 2088 3065 2167 potentiale,
3098 2088 3205 2151 vel
3248 2086 3332 2148 ad
3385 2085 3834 2149 inhaerendum

2283 2210 2454 2270 sicut
2481 2205 2688 2268 forma
2734 2210 2801 2267 et
2829 2213 3037 2268 actus,
3086 2206 3179 2266 De
3210 2203 3400 2265 variis
3430 2201 3830 2279 acceptioni-

2286 2323 2409 2384 bus
2467 2328 2534 2384 et
2590 2322 3016 2386 divisionibus
3073 2320 3411 2399 potentiae,
3489 2319 3693 2380 habes
3750 2331 3837 2377 ex

2287 2441 2563 2500 Doctore
2622 2439 2689 2497 in
2749 2439 2806 2498 1.
2867 2439 2930 2499 d.
2991 2438 3053 2497 7.
3108 2439 3325 2511 quaest.
3392 2438 3445 2497 l.
3506 2439 3560 2495 et
3619 2434 3681 2492 d.
3726 2432 3828 2492 20.
3921 2470 4123 2522 Divisio

2284 2562 2501 2632 quaest·
2555 2557 2609 2615 l.
2657 2558 2724 2615 in
2750 2556 2811 2616 2.
2859 2556 2921 2616 d.
2982 2553 3074 2615 12.
3128 2571 3187 2629 q.
3243 2556 3296 2614 l.
3345 2557 3401 2612 et
3443 2551 3503 2612 9.
3553 2548 3829 2626 Metapa.
3871 2536 4158 2660 ρῇῑξίζξέῗ

2284 2690 2344 2748 q.
2377 2673 2436 2732 2.
2486 2670 2597 2732 Hic
2641 2678 2862 2732 autem
2892 2669 3204 2746 supponit
3233 2668 3410 2729 illam
3443 2666 3830 2730 divisionem

2289 2787 2457 2866 ejuS,
2491 2791 2563 2848 ut
2592 2788 2947 2864 opponitur
2989 2783 3160 2845 actui
3191 2783 3595 2861 simpliciter,
3643 2795 3829 2843 nem-

2286 2919 2369 2980 pe
2404 2918 2576 2977 esse,
2612 2907 2678 2963 et
2722 2900 2959 2961 dicitur
3012 2900 3364 2981 objectiva,
3398 2906 3464 2961 et
3504 2903 3574 2959 ut
3623 2915 3827 2976 oppo-

2283 3020 2456 3079 nitur
2520 3018 2694 3079 actui
2777 3016 3146 3079 secundum
3221 3015 3404 3095 quid,
3467 3019 3534 3076 et
3606 3013 3837 3076 dicitur

2284 3132 2646 3211 receptiva.

2368 3253 2718 3328 Utramque
2752 3248 3137 3312 divisionem
3181 3249 3374 3312 tradit
3404 3247 3835 3327 Philosophus

2283 3365 2344 3426 9.
2393 3365 2669 3442 Metaph.
2704 3381 2849 3441 cap.
2889 3367 2942 3426 1.
2991 3367 3046 3424 et
3074 3365 3137 3425 4.
3190 3362 3432 3425 dicitur
3477 3366 3665 3424 actus
3714 3376 3836 3423 seu

2282 3475 2489 3542 forma
2521 3494 2667 3540 esse
2698 3481 2765 3540 in
2795 3480 3089 3557 potentia
3126 3478 3464 3556 receptiva
3504 3477 3588 3538 ad
3619 3479 3831 3555 ipsam

2282 3594 2750 3665 inhaerentiam,
2816 3610 2960 3675 quae
3021 3601 3123 3656 est
3182 3592 3635 3673 dependentia
3692 3593 3836 3671 ejus

2286 3709 2371 3771 ad
2413 3710 2810 3790 subjectum,
2854 3716 2920 3772 et
2947 3711 3262 3788 recipitur
3291 3710 3357 3771 in
3407 3709 3545 3788 ipsa
3592 3707 3829 3770 forma.

2285 3826 2664 3891 Inhaerentia
2709 3834 2927 3890 autem
2955 3828 3086 3889 late
3116 3828 3395 3888 sumitur
3424 3843 3541 3903 pro
3582 3826 3830 3887 unione

2286 3959 2728 4021 quacumque,
2791 3948 2857 4006 et
2912 3944 3390 4024 cujuscumque
3456 3942 3685 4004 formae
3743 3942 3826 4002 ad
3941 3991 4092 4042 Ordo

2283 4061 2643 4132 materiam,
2679 4061 2832 4140 quia
2869 4061 3036 4122 sicut
3063 4061 3332 4122 materia
3391 4057 3722 4138 perficitur
3761 4059 3828 4119 in
3853 4055 4200 4167 recgprpcust

2283 4189 2400 4235 suo
2449 4190 2595 4237 esse
2654 4192 2691 4236 a
2739 4173 2969 4246 forma,
3033 4179 3099 4236 et
3160 4174 3246 4235 ad
3302 4173 3608 4236 eamdem
3677 4173 3832 4236 dicit
3854 4131 4171 4232 masossf

2285 4287 2804 4366 dependentiam
2836 4295 2902 4349 et
2938 4287 3446 4360 inclinationem,
3498 4289 3583 4349 ita
3632 4290 3828 4351 etiam

2281 4404 2490 4466 forma
2524 4404 2679 4467 dicit
2710 4405 3075 4483 appetitum
3103 4404 3447 4468 formalem
3491 4405 3567 4466 ad
3615 4409 3825 4465 mate-

2284 4523 2471 4590 riam,
2529 4520 2860 4583 mediante
2912 4536 3042 4599 qua
3081 4519 3438 4598 perficitur,
3491 4519 3671 4597 quod
3714 4535 3829 4597 pe-

2281 4633 2470 4695 rinde
2500 4647 2729 4696 verum
2761 4640 2861 4696 est
2904 4638 3099 4696 etiam
3144 4636 3209 4695 in
3255 4636 3467 4695 anima
3499 4634 3820 4707 rationali,

2283 4752 2579 4831 quamvis
2611 4754 2673 4813 in
2719 4767 2835 4812 sua
2882 4750 3226 4812 existentia
3265 4768 3398 4814 non
3447 4750 3828 4829 dependeat

2281 4883 2316 4927 a
2360 4865 2684 4944 subjecte,
2721 4866 2874 4943 quia
2927 4865 3084 4926 (licit
3124 4868 3493 4944 appetitum
3531 4866 3824 4927 innatum

2280 4980 2367 5041 ad
2394 4997 2650 5059 corpus,
2689 4982 2878 5042 etiam
2931 4979 3197 5060 quando
3248 4986 3350 5045 est
3391 4987 3720 5061 separata,
3763 4988 3828 5044 et

2280 5100 2530 5161 ratione
2587 5097 2784 5177 hujus
2843 5100 3168 5175 appetitus
3245 5105 3345 5159 est
3404 5101 3470 5160 in
3537 5099 3824 5176 potentia

2278 5214 2561 5290 passiva,
2595 5218 2660 5274 et
2690 5210 3078 5289 perfectibili
3111 5212 3443 5275 mediante
3475 5213 3739 5275 unione.

2358 5331 2490 5392 Hoc
2534 5344 2693 5407 ergo
2739 5329 3105 5406 supposito,
3161 5328 3607 5407 respondetur
3661 5329 3819 5390 acti·
3849 5358 4092 5409 Solvitur
4115 5377 4214 5411 ar-

2279 5460 2477 5506 onem
2563 5448 2880 5506 creaturae
2925 5447 3063 5506 sive
3115 5446 3610 5516 immanentem,
3684 5445 3821 5505 sive
3848 5428 4181 5487 gumentum

2282 5565 2751 5634 transeuntem,
2795 5558 3013 5623 dicere
3043 5562 3220 5623 illam
3250 5559 3820 5640 potentialitatem.
3904 5505 4163 5608 ‘’gagg-¹⁸⁹
