4287 6313
1735 389 1937 452 Dls'r.
1980 389 2051 449 V.
2097 385 2460 464 QUAEsTlo
2506 389 2577 451 ll.

547 561 805 617 tenetur
858 571 938 616 ex
983 552 1299 618 charitate
1338 565 1395 618 et
1474 551 1833 617 reverentia
1881 552 2095 617 Sacra·

552 667 750 734 menti
790 668 948 734 citra
982 668 1190 736 ullum
1221 667 1638 753 dispendium
1686 687 1904 746 suum,
1955 686 2103 732 cum

551 783 721 848 idem
780 785 1273 851 Sacramentum
1341 782 1421 848 ab
1477 782 1602 848 alio
1657 801 1846 869 aeque
1922 800 2104 847 com·

554 898 742 965 mode
780 898 927 965 sine
977 898 1213 965 damno
1255 898 1545 976 alteriuS,
1591 907 1835 963 etcum
1881 895 2105 962 eodem

550 1015 765 1082 fructu
852 1036 926 1082 ac
995 1015 1222 1102 majori
1286 1014 1653 1081 reverentia
1701 1013 2102 1079 Sacramenti

553 1134 839 1218 recipere
871 1132 1102 1218 possit,
1146 1130 1378 1198 cedere
1409 1131 1543 1218 juri
1604 1150 1750 1210 su0,
1814 1141 1884 1197 ut
1933 1141 2107 1215 patet

553 1268 635 1315 ex
677 1249 946 1315 materia
996 1247 1076 1314 de
1120 1245 1447 1325 scandalo,
1495 1245 1647 1332 quia
1682 1246 1876 1311 etiam
1941 1247 2111 1311 Pha-

558 1363 865 1430 risaicum
897 1364 1245 1430 excludere
1296 1372 1554 1428 tenetur
1600 1361 1777 1448 quis,
1836 1381 1919 1427 ex
1964 1361 2112 1427 cha·

556 1480 769 1561 ritate,
862 1500 991 1566 qua
1074 1480 1406 1566 obligatur
1473 1478 1749 1545 salutem
1830 1477 2111 1562 proximi

558 1616 930 1681 procurare,
1014 1595 1157 1662 sine
1219 1595 1611 1663 detrimento
1674 1592 1936 1681 proprio
2005 1603 2116 1659 aut

560 1711 995 1780 incommod0.

649 1828 742 1915 (b)
774 1829 851 1893 Sa·
896 1840 1115 1894 aulem
1182 1838 1274 1893 est
1330 1828 1615 1914 publice,
1677 1826 1781 1891 vel
1844 1827 2111 1915 notorie

561 1945 800 2020 malus,
844 1958 975 2011 etc.
1039 1943 1398 2031 Distinguit
1430 1963 1653 2009 casum
1701 1941 1764 2007 in
1815 1963 1914 2022 eo,
2002 1939 2120 2027 qui

555 2070 813 2127 tenetur
868 2082 949 2125 ex
988 2059 1226 2137 officim
1272 2071 1335 2124 et
1378 2079 1529 2125 cura
1588 2058 1962 2128 ministrare
2004 2058 2119 2121 Sa-

560 2189 991 2257 cramentum,
1039 2188 1109 2243 ut
1148 2188 1246 2242 est
1277 2177 1627 2256 ParochuS,
1666 2188 1727 2241 et
1760 2175 1825 2241 in
1871 2195 1948 2240 eo
2016 2169 2120 2239 cui

560 2316 637 2361 ex
671 2293 885 2360 officio
925 2294 1253 2380 congruit,
1304 2307 1372 2359 ut
1401 2308 1503 2361 est
1553 2297 1872 2360 Sacerdos
1934 2292 2123 2359 datus

566 2416 630 2478 in
664 2411 1060 2497 adjutorium
1107 2410 1399 2490 parochi,
1435 2410 1541 2476 vel
1572 2410 1652 2476 ab
1684 2431 1759 2476 eo
1827 2422 2119 2476 vocatus.

570 2525 793 2603 Quoad
863 2527 1147 2612 primum
1210 2525 1365 2592 dicit
1435 2547 1563 2592 non
1622 2546 1889 2612 peccare
1945 2546 2120 2603 eum,

576 2645 684 2731 qui
764 2643 924 2729 petit
1014 2664 1049 2709 a
1098 2644 1386 2711 Parocho
1472 2646 1958 2710 Sacramentum
2037 2644 2125 2709 si-

574 2762 661 2838 bi,
734 2773 847 2826 aut
925 2760 1195 2846 parvulo
1254 2780 1396 2839 suc,
1471 2760 1619 2846 quia
1697 2772 1795 2826 est
1871 2760 2126 2826 debitor

512 2954 536 2969 ·
574 2888 873 2962 respectu
909 2897 1047 2943 suae
1091 2876 1446 2943 Perochiae.
1484 2875 1877 2961 lntelligitur
1905 2888 2125 2942 autem

575 3014 792 3073 casuS,
829 2992 1086 3080 quando
1118 2992 1285 3059 alius
1336 3013 1463 3058 non
1507 2992 1614 3072 sit,
1649 2992 1756 3059 cui
1789 3012 1869 3059 ex
1907 2991 2125 3058 officio

577 3107 896 3175 incumbit
927 3107 1324 3189 ministrare,
1363 3127 1483 3174 nec
1514 3106 1886 3173 ministrare
1910 3119 2126 3193 potest

582 3226 726 3291 sine
756 3223 1036 3303 licentia,
1072 3234 1183 3290 aut
1210 3223 1507 3304 parochi,
1543 3234 1655 3290 aut
1687 3224 1790 3290 sui
1822 3223 2126 3309 Superio-

582 3341 671 3407 ris
704 3347 732 3428 ξ
762 3351 824 3407 et
853 3340 1015 3406 ratio
1072 3350 1171 3406 est
1201 3339 1395 3417 clara,
1435 3339 1589 3426 quia
1626 3340 1787 3405 alter
1816 3338 2128 3404 toleratur

577 3457 656 3523 ab
695 3456 1009 3534 Ecclesia,
1047 3470 1112 3522 et
1142 3476 1329 3541 aeque
1361 3455 1598 3521 retinet
1640 3476 1830 3521 suum
1878 3454 2012 3541 jus,
2054 3475 2130 3520 ac

584 3573 979 3661 quicumque
1029 3573 1196 3639 alius
1252 3594 1380 3639 non
1432 3571 1677 3651 malus;
1740 3572 1911 3638 sicut
1969 3592 2128 3658 ergo

588 3711 715 3757 non
739 3700 839 3758 est
871 3691 937 3757 in
968 3701 1287 3776 potestate
1315 3689 1613 3770 alterius,
1648 3700 1763 3755 aut
1786 3689 1992 3774 ipsius
2014 3690 2128 3754 Pa-

586 3809 876 3875 rochiani
920 3820 1296 3895 pervertere
1346 3795 1863 3892 iurisdictionem
1913 3805 2129 3873 Eccle-

585 3923 937 4003 siasticam,
977 3923 1065 3990 ita
1104 3923 1297 3990 etiam
1329 3943 1541 4011 neque
1583 3922 2020 3989 parochianus
2052 3921 2132 3988 ab

586 4039 712 4106 alio
755 4052 969 4126 petere
1018 4050 1253 4126 potest,
1303 4038 1427 4105 nisi
1487 4038 1569 4106 de
1624 4039 1885 4105 licentia
1941 4041 2134 4104 Paro·

585 4166 694 4233 chi
778 4177 890 4232 aut
949 4163 1323 4250 Superioris
1389 4163 1727 4242 ordinarii,
1773 4183 1986 4251 neque
2025 4163 2136 4230 ille

590 4300 908 4366 usurpare
939 4280 1051 4367 jus
1099 4279 1412 4357 alienum,
1470 4298 1598 4366 quo
1641 4299 1768 4344 non
1812 4278 2129 4364 privatur.

673 4398 770 4460 Ex
826 4395 1029 4460 altera
1071 4404 1250 4480 parte
1312 4404 1501 4480 urget
1559 4393 1967 4460 consuetudo
2020 4397 2136 4459 Ec-

587 4512 973 4592 clesiastica,
1017 4511 1269 4578 habens
1319 4511 1452 4577 vim
1487 4510 1795 4599 praecepti
1827 4510 1904 4576 de
1936 4512 2140 4597 bapti-

588 4628 810 4696 zandis
858 4629 1173 4715 parvuliS,
1236 4629 1315 4695 ad
1356 4649 1551 4715 quam
1600 4639 1860 4695 tenetur
1891 4629 2140 4696 habens

597 4766 819 4813 curam
863 4745 1173 4823 infantis;
1240 4758 1304 4811 et
1345 4746 1398 4811 si
1441 4758 1539 4812 est
1594 4743 1855 4810 adultus
1898 4753 2148 4831 spectat

599 4863 852 4928 ratione
893 4862 1264 4929 residentiae
1294 4872 1359 4927 et
1388 4860 1811 4927 habitationis
1850 4860 1926 4926 ad
1969 4859 2146 4926 ordi-

601 4980 885 5061 narium,
932 5000 1008 5044 eo
1039 4977 1181 5065 ipso
1240 4999 1368 5065 quo
1411 4978 1552 5044 vult
1609 4977 2045 5045 Sacramentis
2076 4999 2148 5046 se

604 5095 967 5182 subjicere;
1015 5094 1214 5161 hahet
1258 5091 1455 5159 etiam
1499 5091 1952 5158 necessitatem
1984 5112 2148 5179 prae-

605 5210 799 5297 cepti,
846 5206 1056 5297 quoad
1100 5211 1595 5275 Sacramentum
1631 5207 2143 5295 suscipiendum.

604 5328 685 5393 Et
727 5325 1030 5412 quamvis
1074 5347 1190 5413 pro
1221 5330 1377 5391 tunc
1411 5346 1537 5391 non
1571 5322 1829 5410 ligaret,
1865 5345 1945 5389 ex
1976 5344 2153 5389 emo-

606 5444 903 5508 lumento
943 5454 1157 5509 tamen
1244 5441 1669 5519 Sacramenti,
1725 5450 1789 5504 et
1842 5450 1911 5504 ut
1972 5438 2155 5505 fieret

608 5581 811 5648 capax
850 5561 1125 5628 aliorum
1170 5563 1761 5640 Sacramentorum,
1807 5578 1935 5624 non
1978 5567 2154 5623 tene·

3645 386 3761 447 515

2212 562 2320 616 tur
2394 569 2522 615 non
2584 564 2804 636 petere
2860 552 3368 616 Sacramentum
3469 549 3548 615 ab
3599 546 3769 614 ordi·

2221 666 2440 733 nariO.

2307 783 2600 850 Secunda
2639 784 2968 850 conclusio
3020 794 3143 864 est,
3199 781 3371 871 quod
3411 783 3490 848 ab
3533 803 3608 848 eo
3660 783 3770 868 qui
3850 790 4083 902 Segffr‘tda

2221 920 2300 965 ex
2331 900 2740 986 congruitate
2772 899 2961 967 debet
2994 900 3365 966 minist-rare
3397 902 3772 965 Sacramen-
3817 912 4095 966 conclusio.

2222 1024 2386 1096 tum,
2433 1025 2642 1102 potest
2703 1030 2927 1100 petere
2985 1018 3504 1091 Sacramentum,
3551 1013 3605 1078 si
3660 1012 3772 1079 ali-

2227 1150 2302 1196 us
2344 1130 2571 1196 melior
2614 1152 2741 1197 non
2794 1144 3090 1199 occurrat
3132 1131 3488 1209 Sacerdos;
3537 1131 3652 1196 sed
3714 1131 3768 1196 si

2223 1246 2391 1312 alius
2451 1267 2639 1334 aeque
2673 1246 2902 1328 malus,
2961 1258 3174 1333 potest
3225 1247 3515 1333 recipere
3553 1269 3589 1313 a
3621 1268 3763 1325 su0‚

2228 1385 2347 1430 nec
2412 1364 2622 1430 bonus
2695 1365 2922 1431 Laicus
2990 1363 3159 1429 malo
3218 1362 3546 1431 Sacerdoti
3609 1385 3744 1451 prae

2228 1482 2378 1549 ferri
2421 1482 2633 1560 debet,
2670 1482 2822 1569 quia
2856 1482 2968 1568 jus
2998 1481 3497 1547 administrandi
3551 1484 3770 1548 Sacra-

2231 1609 2448 1664 menta
2495 1599 2802 1684 competit
2856 1598 3338 1665 Sacerdotibus.
3407 1599 3772 1684 Responsio

2229 1714 2306 1779 ad
2345 1714 2630 1800 primum
2673 1726 2869 1800 patet.
2918 1715 3282 1801 Responsio
3334 1715 3526 1781 etiam
3564 1714 3641 1780 ad
3676 1736 3772 1781 se-

2229 1829 2514 1898 cundum
2566 1831 2810 1918 optime
2851 1829 3047 1897 solvit
3102 1831 3587 1912 difficultatem,
3625 1832 3778 1919 quia

2229 1967 2357 2011 non
2415 1944 2629 2012 solum
2672 1959 2899 2032 petens
2957 1948 3454 2012 Sacramentum
3515 1966 3550 2011 a
3609 1946 3773 2011 tole-

2233 2073 2393 2143 rato,
2457 2061 2560 2126 vel
2620 2083 2749 2127 non
2803 2062 3077 2128 tolerato
3145 2062 3337 2127 modo
3396 2061 3594 2141 dicto,
3653 2081 3780 2126 non

2235 2188 2621 2264 cooperatur
2663 2177 2831 2244 malo
2889 2181 3057 2267 ejus,
3107 2179 3221 2246 sed
3259 2179 3474 2265 potius
3509 2178 3787 2264 imponit

2239 2295 2719 2374 necessitatem,
2767 2305 2838 2362 ut
2899 2294 3009 2361 fiat
3045 2295 3280 2374 bonuS,
3330 2306 3556 2382 petens
3600 2295 3680 2362 ab
3714 2316 3786 2362 eo

2238 2422 2449 2477 actum
2506 2410 2818 2491 debitum,
2865 2432 3059 2498 quem
3121 2425 3355 2498 potest,
3411 2424 3474 2479 et
3527 2424 3787 2479 tenetur

2239 2526 2453 2593 debite
2499 2527 2561 2593 in
2602 2530 2813 2613 gratia
2858 2541 3082 2596 sancte
3140 2531 3536 2608 ministrare,
3576 2550 3787 2617 neque

2242 2649 2402 2734 petit
2441 2648 2521 2713 ab
2553 2668 2629 2713 eo
2686 2657 2929 2730 actum,
2970 2666 3095 2733 qua
3140 2656 3474 2732 peccatum
3514 2656 3634 2724 est,
3673 2644 3786 2711 sed

2239 2784 2363 2851 qua
2413 2775 2734 2830 sanctum.

2339 2882 2434 2945 Ex
2532 2900 2660 2965 qua
2762 2878 2988 2964 regula
3037 2877 3258 2963 plures
3327 2877 3391 2943 in
3429 2877 3784 2944 moralibus
3815 2891 4133 2943 Excusantur

2239 2992 2670 3059 resolutiones
2712 2992 2934 3058 haberi
2977 3004 3275 3079 possunt,
3331 3005 3402 3057 ut
3458 2989 3784 3080 quomodo
3807 2962 4134 3069 ⁰⁰⁰pgf1⁸⁰t⁸⁵

2241 3120 2465 3196 petens
2543 3109 2622 3176 ab
2695 3109 2992 3176 usurario
3053 3119 3376 3188 mutuum,
3432 3123 3783 3177 excusetur
3807 3082 4133 3198 Tcfflfflnffr

2238 3224 2318 3289 ab
2382 3243 2617 3303 usura;
2655 3224 2982 3312 quomodo
3033 3225 3327 3290 vendens
3367 3245 3610 3310 agnum
3678 3230 3786 3293 Ju-

2238 3338 2420 3418 daeis,
2460 3359 2589 3426 quo
2622 3339 2743 3425 ipsi
2786 3349 3050 3406 utentur
3090 3339 3153 3406 in
3224 3340 3419 3405 finem
3476 3342 3790 3427 supersti-

2238 3457 2503 3536 tiosum,
2539 3475 2669 3520 non
2700 3467 3046 3523 concurrat
3085 3456 3163 3522 ad
3198 3457 3736 3543 superstitionem
3768 3482 3783 3538 ;

2238 3571 2481 3637 faciens
2556 3582 2666 3638 aut
2754 3570 3048 3638 vendens
3112 3571 3428 3659 gladium,
3514 3593 3643 3639 non
3716 3575 3799 3640 sit

2242 3686 2567 3752 homicida
2595 3709 2610 3766 ;
2656 3685 2876 3754 locans
2936 3687 3199 3755 domum
3243 3688 3615 3775 impudicis,
3666 3709 3797 3756 non

2241 3802 2326 3868 sit
2380 3803 2795 3889 impudicus;
2841 3815 2903 3869 et
2953 3803 3416 3871 universaliter
3485 3825 3796 3872 exercens

2243 3916 2504 4005 aliquod
2560 3938 2725 4003 opus
2778 3918 3048 3998 bonum,
3095 3930 3205 3985 aut
3245 3917 3627 3986 indifferens
3688 3941 3802 4006 per

2244 4054 2313 4099 se
2359 4053 2491 4099 non
2528 4034 2898 4101 ordinatum
2966 4033 3046 4101 ad
3104 4047 3465 4120 peccatum,
3541 4036 3654 4103 sed
3715 4058 3792 4103 ex

2248 4169 2444 4236 prava
2484 4150 2755 4218 alterius
2816 4151 3173 4217 intentione
3208 4163 3268 4218 et
3323 4173 3470 4230 usu,
3531 4172 3796 4221 excusa-

2244 4278 2374 4346 tur,
2418 4266 2569 4352 quia
2629 4277 2966 4352 peccatum
3002 4288 3214 4354 neque
3243 4288 3322 4334 ex
3359 4279 3586 4333 natura
3644 4289 3801 4353 ope-

2248 4382 2360 4463 ris,
2439 4403 2651 4469 neque
2708 4404 2788 4448 ex
2860 4382 3221 4451 intentione
3278 4383 3376 4450 sic
3432 4384 3803 4450 exercentis

2249 4500 2573 4586 sequitur,
2618 4499 2731 4565 sed
2775 4521 2846 4566 ex
2887 4519 3084 4586 pravo
3133 4502 3275 4587 ejus
3326 4521 3448 4566 usu
3499 4521 3614 4586 per
3644 4500 3801 4566 alte-

2254 4636 2423 4696 rum,
2489 4615 2866 4703 quemripse
2906 4636 3036 4681 non
3071 4628 3326 4682 tenetur
3375 4636 3503 4681 non
3540 4616 3803 4703 permit-

2253 4743 2390 4797 tere
2446 4750 2593 4797 cum
2672 4731 2911 4796 damno
3008 4731 3296 4818 propri0.
3398 4733 3505 4796 Sic
3608 4731 3804 4799 etiam

2257 4846 2475 4934 plures
2541 4859 2859 4913 excusant
2940 4848 3351 4914 Christianos
3409 4847 3810 4935 remigantes

2258 4965 2424 5030 inter
2471 4967 2712 5030 Tus-cas
2753 4976 3208 5050 oppugnantes
3268 4964 3430 5032 alios
3499 4965 3815 5031 Christia-

2262 5100 2405 5160 nOS,
2463 5079 2652 5145 modo
2710 5080 2901 5146 aliter
2976 5069 3554 5147 non'concurrant
3621 5101 3816 5168 quam

2263 5195 2671 5283 remigando.
2726 5199 2868 5263 Non
2912 5209 3087 5263 recte
3157 5218 3315 5282 ergo
3358 5218 3650 5283 praesens
3705 5198 3819 5264 dis·

2265 5311 2517 5378 ficultas
2549 5312 2613 5378 in
2647 5333 2802 5379 casu
2839 5333 2968 5398 quo
3027 5312 3173 5379 licet
3226 5334 3535 5380 recursus
3584 5314 3664 5380 ad
3710 5314 3826 5380 ali-

2267 5451 2400 5512 um,
2435 5433 2516 5496 ob
2550 5431 3034 5518 improbitatem
3060 5434 3358 5515 Parochi,
3389 5433 3723 5500 reducitur
3748 5432 3825 5497 ad

3865 1720 4062 1785 Regula

3848 1783 4069 1832 moralis.

2265 5577 2657 5625 concursum
2688 5559 2958 5645 peccati,
3011 5560 3123 5625 sed
3147 5559 3224 5625 ad
3253 5575 3652 5647 praeceptum
3679 5563 3829 5628 cha·
