4287 6313
109 2436 444 2503 Explicantur

114 2499 425 2629 propggtum

140 2624 417 2740 aucta-'ita-

244 3951 327 4003 41.

117 5084 423 5153 Explicatur

148 5154 393 5204 Trident.

1580 366 1778 428 DlST.
1839 366 1917 426 lv
1987 365 2350 441 QUAESTIO
2385 369 2459 427 V.
2509 429 2514 436 ,

456 526 855 611 iquoroncia
888 528 988 593 vel
1033 529 1434 611 infirmitate
1491 529 2005 606 contrahuntur,

449 660 586 706 non
618 652 689 706 ut
723 643 1067 728 Baptisma
1124 645 1378 730 quoties
1403 655 1742 730 peccatur,
1819 646 2012 709 tocies

445 769 824 845 repetatur‚·
845 759 960 825 sed
991 762 1154 847 quia
1179 762 1324 847 ipso
1346 759 1521 846 quod
1551 761 1752 826 semel
1772 760 2001 839 datter,

444 875 547 957 sic,
630 885 699 940 ut
757 895 894 941 non
957 877 1172 942 solum
1225 890 1449 957 antea,
1514 898 1747 943 verum
1802 878 2006 942 eliam

433 1003 664 1079 postea
744 995 1191 1079 quorumlibet
1301 1006 1727 1080 peccatorum
1810 995 2011 1060 ven-ia

445 1111 756 1194 fidelibus
781 1114 1196 1199 impetretur.
1250 1113 1429 1189 Quid
1454 1115 1635 1179 enim
1661 1113 2012 1200 prodesset

453 1228 555 1293 vel
658 1240 813 1294 onte
876 1231 1300 1315 Baptismum
1364 1232 1797 1309 Paenitentia,
1871 1231 2012 1296 nisi

458 1343 841 1429 Baptismus
900 1346 1331 1434 sequeretur?
1399 1348 1502 1412 vel
1578 1358 1810 1433 postea
1873 1345 2012 1411 nisi

454 1460 882 1543 praecederet,
928 1473 1051 1528 etc.
1089 1462 1267 1527 Idem
1327 1461 1483 1528 dicit
1517 1462 1631 1528 lib.
1676 1465 1741 1528 4.
1775 1474 2010 1529 contra

460 1578 630 1644 duos
736 1579 1049 1665 epistolas
1125 1580 1674 1667 Pelayianorum,
1740 1599 1888 1665 eop.
1937 1579 2003 1649 7.

456 1715 605 1783 quae
660 1696 860 1763 verba
928 1697 1070 1784 ejus
1162 1698 1250 1764 ita
1325 1696 1748 1784 intelligenda
1827 1707 2004 1777 sunt,

461 1823 533 1878 ut
598 1833 796 1898 supra
854 1812 1294 1899 explicuimus
1361 1824 1590 1902 quoest.
1667 1821 1723 1884 1.
1810 1814 2012 1900 hujus

462 1927 938 2007 distinctionis,
1013 1939 1335 2016 quatenus
1416 1930 1790 2017 Baptismus
1857 1929 2012 1996 facit

462 2046 832 2131 subjectum
931 2066 1129 2133 capax
1192 2046 1581 2126 mediorum,
1657 2067 1771 2133 per
1862 2067 2011 2134 quae

465 2162 713 2250 reliqua
789 2173 934 2250 post
992 2162 1207 2251 ipsum
1287 2178 1547 2252 peccata
1641 2164 2006 2242 remittunt,

469 2287 539 2345 ut
578 2287 745 2363 patet
799 2298 878 2344 ex
910 2277 1213 2345 discursu
1264 2279 1643 2366 Augustini.
1687 2283 1861 2367 Ergo
1902 2299 2013 2346 va-

474 2523 686 2580 torum
721 2533 800 2578 ex
868 2522 1086 2578 mente
1131 2512 1508 2598 Augustini,
1546 2513 1641 2579 sic
1677 2513 2016 2580 commode

472 2629 885 2715 interpretari
925 2640 1158 2716 potest,
1208 2650 1334 2696 non
1394 2631 1564 2717 quod
1619 2630 1757 2718 ipse
1789 2632 2013 2698 remit-

467 2762 559 2817 tat
624 2761 883 2838 peccata
953 2749 1018 2817 in
1095 2759 1250 2817 casu
1308 2750 1610 2834 fictioniS‚
1679 2749 1791 2817 sed
1842 2750 2012 2838 quod

464 2866 691 2933 reddat
763 2867 1132 2955 subjectum
1201 2887 1404 2954 capax
1473 2878 1537 2933 et
1622 2866 2013 2954 dispositum

464 2996 759 3069 respectu
802 2982 1233 3071 poenitentiae,
1282 3003 1397 3069 per
1435 3004 1629 3069 quam
1663 2984 2014 3050 remittun-

461 3115 592 3183 tur,
628 3113 693 3169 et
734 3100 1055 3189 dependet
1085 3101 1209 3167 hoc
1266 3120 1461 3167 sensu
1520 3100 1821 3168 remissio
1871 3121 2012 3188 pec-

463 3231 753 3286 catorum
814 3238 849 3283 a
918 3216 1273 3302 BaptismO,
1343 3216 1535 3282 etiam
1608 3215 1672 3280 in
1749 3212 2015 3283 fictione

470 3345 798 3421 susceptu,
844 3353 972 3399 non
1015 3331 1228 3400 solum
1279 3353 1505 3398 eorum
1538 3353 1686 3420 quae
1719 3353 1834 3418 per
1877 3353 2013 3419 poe-

471 3450 812 3517 nitentiam
873 3470 1029 3516 mox
1097 3449 1310 3536 primo
1376 3449 1818 3527 remittuntur,
1899 3450 2013 3516 sed

469 3567 665 3635 etiam
716 3587 941 3634 eorum
1015 3586 1163 3652 quae
1219 3566 1434 3633 denuo
1491 3566 2011 3646 committuntur,

471 3703 603 3749 non
661 3693 876 3750 autem
936 3680 1108 3767 quod
1171 3680 1543 3768 Baptismus
1574 3680 1650 3748 ad
1682 3701 1757 3746 ea
1787 3680 2014 3747 remit-

470 3801 666 3867 tenda
717 3800 953 3865 habeat
1000 3798 1334 3867 virtutem.

560 3922 693 3984 Hoc
724 3915 916 3983 modo
951 3914 1228 4003 intelligi
1269 3916 1464 3982 etiam
1498 3926 1778 4003 possunt
1816 3915 2016 3983 verba

471 4031 959 4120 subsequentia,
1020 4031 1101 4097 de
1162 4031 1485 4118 baptismo
1554 4031 2015 4098 haereticorum

469 4162 533 4219 et
572 4148 1163 4228 schismaticorum,
1225 4148 1484 4235 quando
1538 4147 1696 4215 dicit
1744 4149 1883 4235 ipsa
1918 4170 2016 4215 re-

467 4267 922 4335 conciliatione
951 4278 1016 4333 et
1066 4286 1222 4353 pace
1292 4266 1615 4352 praestari,
1671 4278 1740 4333 ut
1779 4267 1858 4332 ad
1917 4288 2016 4334 re-

470 4384 857 4453 missionem
938 4394 1358 4469 peccatorum
1416 4382 1787 4469 Baptismus
1863 4404 2018 4469 pro-

466 4503 657 4570 desse
717 4501 1005 4588 incipiat.
1065 4501 1173 4567 Sic
1233 4499 1511 4587 intelligi
1564 4511 1842 4586 possunt
1872 4500 2019 4567 aliae

467 4616 889 4686 auctoritates
930 4616 1075 4703 ejus
1115 4614 1279 4681 locis
1327 4613 1568 4693 citatis,
1644 4625 1716 4680 ut
1796 4614 1912 4682 lib.
1948 4617 2016 4693 3,

471 4756 625 4820 cop.
710 4735 778 4802 3.
843 4733 955 4800 lib.
1028 4734 1091 4798 6.
1145 4753 1291 4819 cap.
1360 4736 1423 4797 5.
1469 4751 1617 4817 quae
1694 4730 1863 4796 idem
1918 4751 2018 4797 so-

472 4862 671 4930 nant;
718 4860 782 4916 et
831 4851 1058 4917 eodem
1118 4849 1313 4916 modo
1372 4847 1479 4914 alii
1533 4851 1755 4914 Patres
1821 4867 2019 4934 supra

476 4965 652 5033 citati
703 4965 1082 5052 loquuntur.

566 5076 662 5143 Ad
708 5097 780 5143 ea
840 5096 987 5162 quae
1037 5092 1153 5160 pro
1198 5070 1500 5158 opposito
1539 5092 1737 5159 supra
1794 5072 2020 5139 citavi-

480 5213 627 5261 mus
655 5214 735 5260 ex
769 5190 1169 5271 Tridentin0‚
1198 5189 1574 5275 responderi
1607 5201 1839 5275 potest,
1863 5193 2019 5256 Con·

477 5313 699 5381 cilium
740 5312 916 5399 loqui
960 5307 1373 5397 regulariter,
1423 5320 1487 5374 et
1526 5319 1717 5395 prout
1747 5308 1852 5374 lex
1884 5320 2019 5375 sta-

478 5432 604 5502 tuit
650 5428 1087 5498 accedendum
1119 5446 1262 5494 esse
1299 5425 1377 5491 ad
1414 5425 1846 5513 Baptismum,
1890 5447 2020 5492 non

476 5562 693 5618 autem
751 5547 832 5615 de
887 5568 1043 5616 casu
1099 5545 1406 5627 fictionis,
1472 5564 1600 5632 quo
1649 5543 2014 5631 supposit0,

604 5663 757 5716 Tom.
790 5662 937 5716 xv1.

472 2394 604 2461 lere
678 2394 1076 2481 Baptismum
1141 2394 1219 2460 ad
1281 2395 1733 2462 remissionem
1796 2417 2019 2483 pecca-

3550 363 3669 424 449

2121 527 2228 595 via
2268 528 2500 596 salutis
2534 531 2888 616 quaerenda
2919 542 3017 597 est
3048 551 3162 618 per
3194 526 3670 615 poenitentiam,

2124 666 2240 730 per
2298 666 2492 732 quam
2546 645 2718 714 fictio
2780 648 3049 729 directe,
3096 660 3331 714 caetera
3389 643 3684 711 veroin-

2122 760 2367 827 directe
2440 764 2901 845 remittuntur;
2958 786 3168 851 neque
3231 775 3488 851 peccata
3541 760 3674 848 pri-

2120 894 2257 955 ora,
2307 874 2394 942 ita
2435 877 2759 963 pertinent
2790 863 3085 966 rigorose
3115 879 3192 944 ad
3235 877 3663 964 Baptismum,

2121 1000 2194 1056 ut
2230 991 2284 1056 si
2343 1012 2418 1058 ea
2467 1014 2594 1059 non
2644 995 2937 1062 remittat
2976 1018 3057 1062 ex
3114 996 3302 1082 culpa
3357 993 3663 1071 fictionis,

2121 1108 2364 1173 remitti
2423 1110 2675 1194 possint
2723 1132 2834 1198 per
2876 1114 3275 1199 Baptismum
3330 1132 3411 1177 ex
3468 1130 3666 1196 opere

2120 1223 2630 1314 operato(cujus
2671 1230 2882 1295 virtus
2936 1228 3424 1295 sacramentalis
3464 1238 3674 1292 trans-

2121 1347 2171 1413 it
2243 1361 2391 1406 cum
2462 1341 2603 1428 ipsa
2665 1346 2932 1410 materia
2990 1357 3052 1411 et
3112 1346 3346 1424 forma,
3416 1355 3479 1409 et
3534 1342 3677 1408 sine

2120 1456 2357 1542 quibus
2432 1479 2691 1526 manere
2747 1482 2874 1528 non
2937 1474 3147 1548 potest
3205 1459 3458 1532 sublata
3511 1458 3676 1526 ficti-

2118 1571 2295 1660 one),
2333 1573 2444 1639 sed
2487 1587 2641 1642 tunc
2669 1577 2949 1644 subsunt
2984 1576 3390 1665 poenitentiae
3423 1597 3539 1662 per
3568 1595 3678 1641 ac-

2119 1687 2343 1754 cidens
2401 1701 2512 1756 aut
2553 1690 2888 1773 indirecte,
2928 1693 3139 1780 quoad
3182 1691 3668 1772 remissionem,

2118 1804 2272 1890 quia
2329 1806 2570 1873 habent
2627 1810 3136 1896 repugnantiam
3204 1831 3353 1876 cum
3432 1809 3671 1876 effectu

2122 1919 2560 2004 poenitentiae.

2212 2056 2336 2122 Sed
2378 2058 2530 2144 quid
2592 2059 2671 2126 de
2712 2080 2904 2146 poena
2956 2061 3215 2127 illorum
3256 2072 3672 2147 peccatorum
3750 2082 3974 2196 Duffit'xm

2122 2183 2255 2236 tam
2322 2184 2564 2240 aeterna
2629 2195 2824 2261 quam
2905 2176 3245 2262 temporali
3322 2175 3670 2242 dicendum
3740 2208 3803 2256 de
3832 2225 3979 2278 poena

2124 2286 2268 2354 est‘?
2311 2292 2602 2377 Vasquez
2647 2292 2885 2357 asserit
2933 2293 3176 2359 remitti
3211 2313 3470 2379 poenam
3516 2305 3676 2358 tem·
3730 2270 3989 2398 deggjzsin

2126 2403 2414 2491 poralem
2496 2427 2609 2492 per
2677 2408 3107 2495 Baptismum,
3181 2409 3389 2477 citans
3458 2397 4017 2510 Gabrimoegft‘ffir·

2126 2520 2290 2586 elem
2348 2533 2412 2587 et
2480 2535 2773 2589 nostrum
2825 2528 3161 2592 Doctorem
3216 2525 3281 2591 in
3338 2545 3479 2592 eam
3531 2547 3675 2592 sen·
3734 2522 3997 2648 ζξζξέἑὲθ

2126 2637 2420 2718 tentiam,
2467 2651 2530 2704 et
2577 2640 2925 2722 ¹Alensem.
2990 2643 3110 2709 Sed
3167 2646 3401 2709 Doctor
3445 2642 3507 2707 id
3550 2661 3676 2707 non
3736 2647 4003 2712 lmpugna-

2122 2751 2292 2818 dixit
2333 2752 2397 2819 in
2432 2755 2706 2840 praefato
2747 2756 2912 2838 loco,
2990 2780 3203 2846 neque
3241 2759 3419 2838 alibi,
3476 2780 3679 2846 quan·
3822 2714 3926 2760 tur.

2125 2882 2264 2937 tum
2297 2890 2412 2957 pro
2464 2892 2637 2938 nunc
2677 2874 2984 2954 occurrit,
3031 2895 3267 2963 neque,
3322 2897 3465 2943 meo
3497 2876 3680 2943 vide-

2128 2986 2206 3064 ri,
2260 3001 2739 3082 consequenter
2782 2988 2907 3056 dici
2959 3003 3192 3077 potest,
3239 3013 3389 3058 nam
3450 2993 3506 3058 si
3545 3004 3676 3058 tota

2128 3101 2428 3171 remissio
2499 3104 2569 3171 fit
2635 3107 2845 3194 quoad
2890 3106 3146 3195 culpam
3180 3129 3296 3195 per
3359 3108 3682 3196 poeniten-

2126 3220 2307 3299 tiam,
2405 3220 2500 3287 sic
2559 3223 2755 3289 etiam
2808 3225 3023 3291 omnis
3076 3226 3378 3293 remissio
3429 3224 3504 3291 fit
3561 3247 3677 3311 per

2124 3338 2403 3423 gratiam
2467 3339 3007 3424 poenitentialem,
3061 3364 3211 3430 quae
3252 3341 3429 3408 nullo
3489 3343 3680 3409 modo

2129 3454 2324 3519 habet
2353 3454 2529 3521 hunc
2560 3456 2888 3538 effectum,
2925 3470 2997 3525 ut
3028 3459 3317 3526 decernit
3348 3460 3677 3549 Tridenti-

2127 3592 2286 3638 num
2317 3595 2475 3639 sess.
2524 3576 2629 3647 14.
2676 3596 2799 3661 cap
2840 3578 2902 3642 2.
2943 3575 3008 3640 in
3044 3574 3194 3657 fine,
3245 3576 3367 3642 nisi
3416 3575 3501 3642 sit
3532 3597 3673 3663 per-

2127 3688 2507 3768 fectissima,
2573 3711 2722 3776 quae
2769 3711 2897 3757 non
2953 3691 3310 3779 requiritur
3366 3692 3444 3760 ad
3487 3691 3682 3760 remi-

2127 3804 2379 3872 sionem
2417 3804 2732 3873 fictionis,
2781 3810 2858 3873 Et
2899 3808 3233 3894 probatur,
3289 3809 3439 3897 quia
3471 3832 3685 3896 poenae

2127 3932 2393 3987 aeternae
2425 3922 2572 3988 talis
2604 3934 2705 3989 est
2754 3924 3079 4003 remissiO,
3115 3925 3330 4012 qualis
3392 3937 3493 3992 est
3544 3928 3685 3995 vir-

2126 4047 2231 4103 tus
2297 4057 2536 4115 causae,
2602 4059 2716 4124 per
2765 4059 2958 4124 quam
3037 4040 3390 4106 remittitur
3456 4043 3668 4128 culpa,

2128 4154 2282 4241 quia
2313 4164 2383 4221 ut
2416 4153 2872 4220 Tridentinum
2913 4176 3065 4221 sess.
3114 4157 3177 4221 6.
3234 4177 3381 4242 cap.
3434 4160 3544 4223 14.
3590 4158 3684 4223 di-

2130 4271 2244 4350 cit,
2289 4289 2551 4356 poenam
2603 4280 2916 4335 aeternam
2985 4291 3099 4357 per
3165 4273 3681 4354 Sacramentum,

2129 4400 2240 4455 aut
2301 4389 2702 4453 Sacramenti
2772 4399 2926 4453 voto
2984 4387 3225 4453 remitti
3288 4387 3485 4453 simul
3534 4409 3685 4454 cum

2131 4502 2363 4588 culpa;
2417 4502 2529 4569 sed
2601 4502 2992 4569 Poenitentia
3037 4522 3165 4568 non
3234 4503 3430 4570 habet
3488 4505 3681 4569 talem
3723 4515 4036 4567 Poenitentia

2131 4609 2487 4677 efficaciam
2562 4611 2932 4677 remittendi
2993 4611 3248 4697 culpam
3301 4623 3364 4678 et
3422 4631 3680 4697 poenam
3714 4584 4040 4694 225022‘22‘12‘

2130 4739 2443 4793 aeternam
2478 4728 2687 4814 quoad
2740 4741 3073 4815 peccatum
3106 4729 3318 4814 ipsum
3373 4729 3678 4809 fictionis,
3734 4710 4020 4821 gfficssfflffi

2131 4844 2304 4910 circa
2368 4843 2540 4932 quod
2609 4843 2821 4931 primo
2881 4856 2944 4910 et
3015 4865 3131 4932 per
3197 4866 3269 4911 se
3352 4857 3681 4932 operatur,
3742 4846 4033 4959 teffigssali,

2131 4961 2290 5049 quin
2335 4973 2594 5027 mancat
2641 4981 2832 5047 poena
2887 4961 3303 5048 temporalis;
3359 4983 3518 5049 ergo
3566 4963 3688 5029 mi-

2132 5099 2258 5144 nus
2330 5088 2546 5164 potest
2635 5078 2969 5144 remittere
3051 5099 3311 5164 poenam
3378 5092 3690 5146 aeternam

2132 5215 2386 5274 eorum,
2422 5193 2500 5258 ad
2533 5214 2683 5279 quae
2712 5193 2965 5258 ratione
3008 5191 3279 5260 effectus
3319 5195 3697 5262 extenditur

2136 5331 2251 5397 per
2296 5309 2623 5385 accidens,
2688 5308 2777 5375 ita
2836 5321 3067 5375 utnon
3134 5323 3468 5377 remaneat
3506 5332 3697 5398 poena

2084 5502 2090 5509 ⁶
2133 5423 2354 5512 aliqua
2401 5425 2782 5512 temporalis
2825 5446 2940 5511 pro
2981 5425 3146 5513 ipsis
3191 5426 3526 5494 solvenda.
3582 5431 3697 5493 Pa-

2136 5553 2229 5611 tet
2310 5543 2798 5631 consequentia,
2858 5543 3010 5629 quia
3058 5544 3265 5631 gratia
3324 5543 3695 5631 poenitenti·

3461 5657 3521 5707 29
