4287 6313
559 421 680 490 442

568 584 802 651 bonnm
836 588 1011 672 quod
1036 590 1328 655 nondum
1371 591 1566 656 habes
1598 590 1877 676 (scilicet
1922 591 2114 656 fidem

570 717 951 787 operantem
1004 725 1118 790 per
1174 705 1584 795 charitatem)
1628 719 1694 772 ne
1734 709 1945 791 prosit
1999 707 2119 772 cibi

576 817 814 883 bonum
872 819 1047 905 quod
1101 820 1318 900 Ιιαὸεε,
1411 824 1645 909 supple
1721 825 2110 908 Baptismus.

578 933 930 1019 Gregorius
1000 937 1276 1022 Magnus
1344 936 1457 1002 lib.
1522 941 1585 1004 9.
1668 939 2115 1025 epistolarum,

281 1056 501 1122 Gregor-
574 1049 848 1134 epistola
918 1054 1027 1119 61.
1099 1053 1417 1118 Sanctum
1496 1056 1866 1139 Baplz'sma,
1948 1057 2120 1141 qnod

266 1119 510 1233 &effi-gg:
571 1178 724 1232 sunt
762 1169 945 1253 apud
996 1169 1338 1234 lzoerel‘icos
1406 1173 1753 1248 consecuti,
1830 1184 1982 1236 {eene
2051 1176 2121 1238 in

571 1297 667 1360 eis
748 1296 928 1360 vires
981 1295 1478 1361 emundationis
1517 1299 1776 1383 recipit,
1824 1323 1967 1364 cum
2022 1303 2121 1365 vel

577 1413 689 1478 illi
755 1433 878 1498 per
946 1413 1439 1498 impositionem
1500 1437 1735 1480 manus
1792 1420 2118 1504 Spiritum

570 1538 876 1593 sanctum
906 1531 1306 1614 acceperim,
1358 1532 1458 1596 vel
1490 1533 1605 1596 isli
1638 1546 1914 1618 propter
1969 1559 2123 1621 pro-

575 1642 937 1726 fessionem
1018 1641 1181 1723 fidei
1266 1655 1508 1707 εει-πρίω
1606 1656 1666 1707 ec
1723 1648 2123 1711 um'aewrsalis·

567 1755 882 1820 Ecclesice
920 1757 1278 1822 visceribus
1298 1759 1553 1840 sne-rinc
1597 1762 1792 1836 nizizi,
1832 1773 1953 1826 ete.
2002 1762 2115 1826 lsi-

566 1870 766 1937 dorus
800 1871 1206 1957 Hispalensis
1233 1872 1346 1937 lib.
1393 1877 1455 1939 2.
1511 1873 1787 1941 officior.
1828 1898 1968 1963 cap.
2007 1883 2111 1944 ⁶24.

570 1987 771 2052 Habet
806 1988 1069 2073 quidem
1121 1989 1534 2073 Baptismum
1583 1991 1843 2057 Christi
1907 1997 2118 2059 lesere-

572 2105 758 2182 ticuS,
805 2105 921 2169 sed
949 2107 1107 2190 quia
1138 2117 1330 2169 exera
1370 2110 1694 2173 unitatem
1723 2112 1908 2192 fidei,
1942 2116 2121 2178 nihil

570 2223 633 2286 ei
682 2221 991 2306 prodesc3
1037 2232 1105 2286 at
1163 2221 1276 2286 ubi
1324 2223 1658 2308 inm-exsus-
1703 2228 1938 2311 fuerit,
1982 2242 2113 2294 sta.-

575 2339 695 2402 tz'm
743 2339 1112 2423 Baptisma,
1181 2338 1353 2424 quod
1411 2341 1729 2406 habuerat
1793 2347 1967 2428 foris
2032 2347 2120 2410 acl

567 2455 960 2541 perniciem,
1016 2455 1255 2540 incipit
1307 2456 1419 2520 illi
1464 2460 1609 2544 jam
1649 2461 1963 2545 prodesse
2033 2463 2121 2527 acl

571 2573 875 2651 salutem,
914 2582 1035 2636 ete.
1088 2571 1262 2636 Idem
1309 2572 1496 2638 docet
1537 2589 1762 2640 auctor
1800 2583 2122 2644 sermonis

577 2694 659 2755 de
720 2695 910 2758 Coena
968 2696 1249 2770 Domini,
1285 2701 1351 2757 et
1394 2714 1588 2760 serm.
1648 2701 1724 2762 de
1755 2702 2117 2779 cocionepe-

583 2815 758 2886 dum,
807 2816 978 2875 inter
1056 2829 1254 2890 opera
1310 2812 1638 2893 Cypriani,
1690 2814 1851 2878 infra
1936 2821 2125 2882 vide-

577 2921 774 2986 bitur.

255 3048 534 3166 Conflzrssa-
668 3034 1046 3098 Confirmari
1117 3042 1334 3116 potest
1391 3055 1473 3100 ex
1529 3040 1817 3104 Trident.
1859 3062 2003 3106 sess
2058 3048 2118 3109 6.

346 3186 451 3231 tur.
588 3173 730 3233 cap.
763 3155 820 3216 4.
872 3153 1051 3232 quod
1086 3153 1280 3215 docet
1329 3155 1469 3217 sine
1517 3159 1847 3235 Baptismo
1905 3161 1968 3221 in
2024 3182 2120 3235 re,

577 3275 678 3336 vel
731 3281 879 3337 voto
914 3290 1048 3335 non
1093 3272 1230 3335 fieri
1278 3272 1818 3353 justificationem
1866 3297 1901 3341 a
1959 3299 2122 3357 pec-

579 3395 718 3451 cato
750 3390 1083 3469 originali;
1120 3395 1184 3451 et
1227 3410 1369 3468 cap.
1420 3392 1479 3453 6.
1534 3392 1686 3455 dicit
1741 3400 1984 3474 requiri
2014 3417 2120 3459 vo-

579 3511 736 3579 tum,
798 3521 918 3567 seu
959 3506 1367 3567 voluntatem
1438 3509 1841 3586 suscipiendi
1872 3514 2120 3589 Baptis-

277 3668 494 3719 Peccata
574 3638 791 3696 mum;
866 3625 931 3682 et
958 3639 1102 3682 sess.
1172 3622 1264 3683 14.
1299 3638 1436 3699 cap.
1496 3623 1547 3683 l.
1584 3630 1639 3684 ec
1666 3627 1726 3686 2.
1780 3630 2119 3689 materiam

224 3736 540 3856 Bapffitnffum
573 3739 741 3800 circa
800 3754 996 3815 quam
1059 3738 1367 3814 Baptismi
1414 3756 1561 3800 esse
1634 3749 1901 3817 peecata
1968 3753 2116 3805 ante

249 3855 513 3967 οοῑὲυιῐῐῑιίιεεε
572 3856 973 3935 Baptismum
1054 3859 1421 3932 commissa,
1515 3863 1860 3923 commissa
1959 3867 2112 3924 vero

272 3981 486 4053 materia
569 3978 716 4051 post
758 3973 1160 4051 Baptismum
1187 3991 1340 4036 esse
1384 3975 1723 4037 materiam
1784 3979 2106 4053 poeniten-

320 4059 444 4108 ejus.
565 4103 685 4172 tiae,
733 4099 853 4161 sed
899 4099 1286 4176 poenitentia
1333 4100 1563 4161 nonin
1608 4109 1755 4162 voto
1801 4104 2115 4180 Baptismi

557 4218 925 4280 remitteret
1006 4215 1108 4276 illa
1197 4225 1465 4293 peccata
1564 4219 1904 4279 commissa
1962 4225 2114 4281 ante

559 4333 986 4411 Baptismum,
1052 4332 1203 4410 quia
1270 4348 1401 4393 non
1464 4337 1564 4393 est
1622 4333 1768 4393 talis
1813 4334 2111 4398 subordi-

557 4452 732 4511 natio
811 4447 949 4526 eJ'us
995 4447 1076 4509 ad
1136 4451 1587 4525 Baptismum;
1655 4469 1812 4530 ergo
1878 4454 2113 4515 virtute

555 4548 863 4642 Baptismi
979 4572 1131 4626 sunt
1229 4566 1660 4639 remissibilia,
1749 4578 1813 4628 et
1888 4571 2105 4631 remit-

557 4686 782 4742 tuntur
852 4696 984 4741 non
1033 4683 1272 4743 virtute
1312 4683 1732 4759 poenitentiae,
1769 4692 1833 4746 et
1878 4702 2112 4747 conse-

559 4805 844 4877 quenter
924 4800 1294 4874 Baptismus
1358 4808 1705 4878 susceptus
1782 4805 1955 4863 valet
2026 4805 2106 4864 ad

559 4917 1021 4978 remissionem
1096 4932 1347 4989 eorum,
1449 4922 1520 4977 ut
1604 4918 1801 4978 verba
1883 4918 2107 4981 Conri-

560 5033 623 5094 lii
684 5031 1055 5093 secundum
1115 5031 1401 5111 rigorem
1472 5034 1900 5112 intelligenda
1969 5053 2106 5113 prae

562 5164 634 5210 se
665 5146 907 5209 ferunt.

240 5305 518 5371 Responsio
643 5265 835 5327 Dices
883 5283 1033 5328 cum
1088 5266 1387 5343 vasquez
1443 5266 1680 5327 remitti
1753 5285 1871 5345 per
1939 5286 2102 5332 acci-

250 5369 501 5435 vasquez.
565 5382 756 5449 dens,
803 5395 923 5457 per
976 5379 1276 5458 gratiam,
1319 5395 1461 5456 quae
1518 5378 1710 5439 datur
1764 5381 1829 5440 in
1889 5386 2104 5457 poeni-

568 5497 789 5568 tentia,
832 5510 975 5573 quae
1018 5511 1136 5572 per
1167 5510 1238 5555 se
1290 5493 1556 5573 quidem
1615 5495 1879 5557 remittit
1946 5495 2102 5555 fieti-

563 5625 786 5682 onem,
820 5624 940 5685 per
969 5608 1280 5670 accidens
1334 5625 1489 5672 vero
1534 5608 1856 5687 quidquid
1898 5627 2096 5686 repu-

1750 429 1892 491 [ΑΒ.
1943 430 2041 492 lv.
2089 429 2680 493 SENTENTIARUM
2769 501 2774 506 ¹

2229 594 2387 667 gnat
2426 591 2670 668 gratiae,
2733 591 2924 670 quale
2973 595 3073 652 est
3116 588 3460 666 originale,
3512 593 3577 648 et
3625 588 3770 649 reli-

2232 722 2384 783 qua,
2411 722 2553 784 quae
2583 707 2988 768 antecedunt
3031 705 3455 783 Baptismum.
3512 704 3771 777 Contra,
3833 711 4112 776 lmpugna-·

2238 824 2387 900 quia
2415 822 2687 899 praefato
2719 823 2863 886 loco
2889 823 3240 884 Concilium
3275 822 3469 884 docet
3491 821 3777 883 necessi·
3923 784 4022 826 ω’

2235 941 2433 998 tatem
2477 938 2811 1015 Baptismi,
2847 946 2915 999 ut
2946 943 3045 999 est
3091 935 3385 998 medium
3418 938 3484 998 in
3514 950 3611 1008 re,
3660 938 3774 995 aut

2232 1061 2382 1116 voto
2441 1054 2521 1114 ad
2567 1052 3105 1132 justificationem
3145 1051 3577 1130 requisitum;
3610 1065 3769 1128 ergo

2232 1172 2457 1232 dicens
2504 1188 2634 1233 non
2667 1172 2907 1231 remitti
2960 1170 3303 1249 originale,
3340 1169 3457 1230 nisi
3506 1184 3624 1245 per
3655 1168 3768 1227 Ba·

2233 1287 2539 1362 ptismum
2570 1287 2635 1345 in
2679 1303 2774 1355 re,
2809 1293 2918 1347 aut
2947 1286 3012 1346 in
3043 1290 3219 1357 voto,
3253 1283 3563 1361 supponit
3594 1280 3774 1360 quod
3817 1283 4107 1335 Necessitas

2235 1417 2364 1464 non
2424 1404 2506 1462 sit
2561 1402 2735 1463 aliud
2809 1401 3102 1462 medium
3152 1401 3297 1481 ejus
3368 1398 3770 1472 remittendi,
3828 1349 4100 1468 ὶξεὲἒῗῗιιι

2231 1517 2390 1578 alias
2436 1522 2705 1594 possent
2739 1517 2935 1578 etiam
2968 1518 3332 1597 excogitari
3363 1515 3483 1576 alia
3527 1513 3769 1585 media,
3846 1479 4070 1645 5121?ssst

3914 1612 4011 1646 aia

2235 1638 2301 1694 ut
2347 1632 2525 1712 quod
2571 1633 2989 1695 Circumcisio
3049 1638 3115 1694 et
3169 1629 3530 1693 remedium
3604 1628 3772 1708 legis
3855 1657 4078 1708 remedia

2233 1758 2482 1810 naturae
2529 1752 2593 1809 in
2627 1765 2703 1809 eo
2738 1764 2893 1809 casu
2925 1749 3241 1819 valerent,
3277 1746 3454 1824 quod
3485 1762 3617 1808 non
3648 1744 3771 1805 alia

2234 1870 2484 1929 ratione
2510 1868 2814 1942 negatur,
2840 1865 2958 1924 nisi
2993 1866 3144 1942 quia
3173 1865 3305 1925 haec
3341 1862 3636 1924 efficacia
3667 1863 3769 1922 tri-

2232 1986 2454 2047 buitur
2483 1983 2600 2044 soli
2637 1981 2963 2059 Baptismo
2987 1984 3048 2042 in
3077 1997 3174 2049 re,
3201 1979 3304 2041 vel
3326 1981 3389 2040 in
3420 1984 3596 2050 voto,
3645 1982 3775 2037 tam

2233 2118 2267 2159 a
2300 2102 2627 2176 Scriptura
2670 2115 2867 2175 quam
2913 2114 2948 2158 a
2993 2097 3310 2168 PatribuS,
3373 2113 3449 2156 ac
3493 2092 3769 2173 proinde

2234 2216 2595 2277 excluditur
2659 2213 3127 2291 quodcumque
3197 2209 3374 2272 aliud
3459 2211 3769 2272 medium.

3913 1739 4021 1770 esse

3833 1786 4076 1840 efficacia.

2311 2336 2494 2397 Patet
2527 2337 3024 2414 consequentia,
3068 2336 3218 2415 quia
3268 2335 3350 2396 ob
3386 2333 3770 2396 determina·

2236 2461 2358 2515 tam
2384 2458 2844 2517 necessitatem
2871 2454 3175 2530 Baptismi
3200 2459 3265 2514 et
3284 2451 3675 2513 Poenitentiae
3696 2448 3778 2510 ad

2235 2572 2690 2633 remissionem
2723 2570 2975 2648 peccati
3007 2569 3341 2648 originalis
3404 2574 3469 2628 et
3510 2567 3780 2628 actualis

2233 2690 2628 2767 respective,
2661 2687 3132 2748 subordinatur
3161 2689 3313 2764 ipsis
3339 2685 3638 2747 contritio
3662 2701 3782 2745 seu

2234 2806 2613 2884 poenitentia
2654 2803 2971 2882 perfecta,
3022 2819 3165 2881 quae
3221 2819 3354 2864 non
3415 2802 3610 2874 valet,
3658 2819 3773 2863 ne-

2238 2941 2365 3002 que
2413 2927 2795 3001 acceptatur
2843 2922 2923 2982 ad
2982 2920 3434 2983 remissionem
3492 2918 3769 2998 peccati,

2235 3049 2305 3103 ut
2347 3043 2508 3103 locis
2539 3040 2746 3100 citatis
2781 3038 3378 3111 docetConcilium,
3409 3042 3474 3098 et
3501 3054 3646 3099 ses&
3679 3038 3773 3098 14.

2235 3176 2376 3233 cap.
2423 3159 2482 3218 4.
2531 3156 2654 3216 nisi
2699 3152 3122 3233 conjunctum
3156 3152 3238 3212 sit
3281 3158 3502 3214 votum
3548 3151 3772 3213 Sacra-

2235 3275 2460 3342 menti,
2511 3274 2800 3350 quamvis
2885 3270 3044 3332 alias
3088 3274 3240 3330 ante
3300 3270 3771 3330 institutionem
3838 3307 4102 3359 contritio

2232 3392 2464 3450 horum
2516 3391 3087 3448 sacramentorum
3145 3385 3469 3456 absolute,
3504 3388 3570 3445 et
3626 3385 3768 3445 sine
3801 3371 4134 3485 ssssssfiaffissffti

2231 3507 2769 3567 subordinatione
2832 3503 2915 3564 ad
2975 3502 3430 3563 remissionem
3501 3503 3771 3563 actualis
3843 3499 4106 3547 inefficax.

2229 3627 2530 3695 valebat3
2568 3642 2726 3699 ergo
2761 3625 2850 3684 ita
2880 3621 3304 3701 intelligenda
3343 3625 3443 3683 est
3473 3625 3770 3685 remissio

2230 3743 2479 3820 peccati
2512 3739 2650 3801 fieri
2682 3757 2714 3799 a
2749 3740 3169 3800 sacramento
3201 3736 3266 3797 in
3309 3755 3405 3808 re,
3440 3743 3553 3799 aut
3594 3744 3773 3811 vom,

2229 3868 2300 3922 ut
2345 3860 2531 3919 aliter
2571 3856 2711 3918 fieri
2753 3874 2886 3917 non
2933 3857 3138 3933 possit
3187 3853 3268 3916 de
3300 3856 3450 3934 lege
3509 3854 3774 3917 ordina-

2226 3977 2344 4047 ria,
2393 3990 2610 4051 neque
2665 3989 2784 4048 per
2825 3988 2921 4041 se,
2985 3986 3206 4048 neque
3251 3987 3372 4048 per
3417 3970 3768 4042 accidens;

2228 4093 2307 4154 ab
2371 4089 2493 4151 alio
2541 4089 2833 4150 remedio
2876 4089 2949 4147 de
3006 4086 3145 4163 leffe
3207 4088 3551 4149 ordinaria
3603 4087 3774 4161 dim,

2228 4214 2300 4270 ut
2349 4205 2778 4267 excludamus
2823 4203 3238 4282 privilegium
3295 4203 3601 4278 Baptismi
3656 4199 3771 4261 fla-

2226 4324 2418 4386 minis
2475 4322 2794 4383 infantum
2831 4366 2846 4392 ,
2936 4323 3049 4380 aut
3132 4318 3515 4396 sanguinis,
3575 4324 3774 4395 atque

2230 4442 2424 4502 etiam
2472 4440 2830 4517 potentiam
2878 4437 2988 4496 Dei
3024 4436 3415 4497 absolutam.

2306 4555 2437 4619 Sed
2470 4570 2600 4615 non
2630 4556 2839 4629 magis
2870 4558 3215 4613 revocatur
3259 4551 3555 4613 remissio
3614 4567 3772 4627 pec-

2229 4677 2347 4735 cati
2394 4674 2456 4733 in
2487 4686 2739 4752 genere
2801 4669 2882 4730 ad
2928 4671 3072 4730 haec
3117 4671 3538 4729 Sacramenta
3594 4667 3658 4726 in
3705 4680 3776 4725 re

2227 4795 2335 4850 aut
2363 4794 2539 4860 voto,
2577 4803 2771 4865 quam
2806 4784 2888 4845 ad
2935 4782 3276 4864 quodlibet
3304 4783 3563 4855 horum,
3599 4780 3775 4860 quod

2224 4914 2325 4970 est
2386 4921 2665 4985 propriae
2726 4907 3048 4976 materiae,
3107 4910 3416 4981 tanquam
3489 4901 3574 4963 ad
3629 4918 3768 4963 me-

2222 5023 2394 5085 dium
2457 5022 2950 5087 necessarium:
3015 5039 3173 5100 ergo
3240 5021 3347 5117 *ita
3423 5023 3769 5096 peccatum

2216 5144 2535 5224 originale
2631 5147 2694 5203 et
2785 5144 3041 5205 actuale
3123 5147 3277 5203 ante
3361 5140 3765 5217 Baptismum
3799 5150 4105 5203 Necessitas

3928 2389 4009 2437 27.

2219 5265 2584 5331 commissa,
2631 5267 3024 5323 revocantur
3087 5259 3172 5321 ad
3235 5261 3449 5338 ipsum
3519 5220 4090 5346 Raptis—respeffiim

2219 5395 2410 5451 mum,
2444 5382 2515 5438 ut
2567 5393 2785 5455 neque
2840 5391 2959 5453 per
3000 5391 3095 5450 se,
3158 5388 3378 5451 neque
3435 5387 3554 5448 per
3598 5369 3761 5431 acci·
3818 5352 4107 5451 ssfflgffiffi

2218 5495 2381 5555 dens
2439 5494 2676 5555 remitti
2764 5494 3018 5571 possint
3093 5509 3208 5569 per
3279 5488 3752 5567 poenitentiam.
3814 5463 4142 5576 maggen-

2209 5610 2631 5673 Antecedens
2703 5617 2884 5689 patet
2951 5626 3033 5671 ex
3092 5609 3330 5672 iisdem
3393 5606 3749 5687 principiiS,
