4287 6313
1716 421 1915 485 Dls'r.
1948 421 2049 484 Vl.
2086 419 2448 499 QUAEsrlo
2481 423 2529 487 1.

3650 425 3770 487 535

549 580 840 643 rationes
884 577 1203 659 Cajetani,
1239 582 1390 661 quia
1436 580 1925 644 Sacramentum
1970 597 2091 660 per
2201 598 2413 645 smum
2444 598 2566 660 per
2604 582 2933 663 Angelum
2987 584 3237 647 honum
3269 583 3472 648 fuisse
3528 585 3746 648 minis·
3818 611 4062 678 ptismum

550 699 768 758 actum
813 697 1079 760 vitalem
1135 697 1640 761 ministraretur.
1685 696 1873 760 Adde
1916 697 2087 760 simi·

545 812 695 876 liter
734 815 1063 894 Angelum
1118 814 1454 878 mediante
1513 832 1786 894 corpore
1843 832 2084 878 assum-

545 933 683 1005 pt0‚
724 944 807 990 ex
838 931 1269 992 concessione
1298 930 1440 1005 Dei,
1500 945 1697 1007 posse
1741 933 1826 995 ita
1855 930 2081 993 minis-

544 1047 714 1107 trare
773 1046 1221 1122 Sacramenta,
1278 1047 1368 1109 ita
1414 1052 1487 1110 ut
1531 1063 1769 1125 corpus
1816 1047 1900 1109 ad
1956 1047 2083 1110 hoc

542 1161 750 1222 solum
812 1161 1196 1236 deserviret,
1243 1170 1317 1224 ut
1372 1162 1669 1225 minister
1713 1166 1891 1224 esset
1933 1165 2081 1225 visi-

543 1272 710 1348 bilis,
768 1293 900 1337 non
954 1291 1112 1339 vero
1169 1283 1242 1339 ut
1307 1276 1821 1339 instrumentum
1907 1283 2084 1340 esset

542 1389 865 1463 actionis;
972 1391 1153 1454 unde
1245 1392 1489 1457 tollitur
1574 1391 2082 1455 fundamentum

191 1512 257 1562 D.
316 1509 500 1563 Thom.
537 1509 1014 1570 controversiae.
1117 1507 1308 1585 Quod
1422 1509 1619 1571 etiam
1737 1508 2079 1573 manifeste

536 1627 720 1699 patet
814 1639 896 1684 ex
979 1626 1056 1686 D.
1106 1625 1333 1686 Thom.
1444 1624 1504 1686 3.
1587 1632 1761 1701 part.
1843 1642 1902 1701 q.
1970 1626 2074 1687 64.

534 1745 659 1801 art.
731 1741 793 1801 7.
857 1741 1060 1802 verba
1151 1740 1306 1818 eJus
1376 1744 1530 1802 sunt
1611 1742 1676 1802 in
1748 1756 2072 1818 corpore:

530 1845 889 1911 Sciendum
956 1857 1177 1912 tamen
1234 1848 1406 1934 quod
1463 1849 1632 1913 sicut
1694 1849 1865 1912 Deus
1930 1850 2074 1913 vir-

532 1973 733 2028 tutem
784 1982 975 2027 suam
1034 1984 1169 2028 non
1216 1964 1528 2048 alliyavit
1591 1965 2066 2041 SacramentiS,

534 2080 697 2165 quin
760 2080 973 2164 possit
1026 2080 1171 2144 sine
1244 2080 1699 2144 sacramentis
1765 2077 2074 2165 effectum

533 2194 1120 2270 Sacramentorum
1233 2195 1564 2278 conferre,
1674 2196 1772 2258 ita
1872 2196 2071 2259 etiam

532 2309 843 2374 virtutem
915 2330 1104 2374 suam
1178 2330 1315 2374 non
1372 2311 1685 2396 alligavit
1762 2311 2073 2376 Ecclesia?

531 2425 888 2505 ministris,
963 2427 1128 2511 quin
1217 2427 1419 2491 etiam
1513 2427 1786 2510 Anqelis
1864 2428 2071 2512 possit

529 2541 840 2607 virtutem
921 2542 1212 2607 tribuere
1286 2542 1729 2609 ministrandi
1796 2544 1870 2608 in
1947 2545 2070 2607 Sa-

523 2658 906 2723 cramentis.
1022 2658 1106 2724 Et
1174 2660 1331 2745 quia
1409 2657 1565 2724 boni
1620 2660 1862 2746 Anqeli
1916 2672 2070 2724 sunt

524 2774 751 2838 nuntii
817 2774 1140 2853 veritatis,
1212 2775 1274 2838 si
1333 2773 1610 2859 aliquod
1690 2794 2067 2840 sacramen-

520 2888 653 2953 tale
796 2889 1253 2955 ministerium
1349 2912 1389 2955 a
1484 2889 1670 2955 bonis
1788 2890 2062 2976 Anqelis

523 3005 980 3089 perficeretur,
1084 3017 1247 3070 esset
1349 3015 1572 3070 ratum
1664 3005 2060 3086 habendum,

526 3122 683 3208 quia
750 3120 1011 3187 deberet
1076 3132 1383 3188 constare
1447 3122 1570 3188 hoc
1624 3123 1780 3205 sieri
1835 3122 2064 3189 volun-

527 3252 658 3308 tate
730 3241 992 3321 divina,
1055 3244 1228 3307 sicut
1284 3243 1589 3329 quaedam
1648 3246 1888 3331 templa
1955 3245 2065 3311 di-

523 3377 763 3433 cuntur
817 3367 1137 3452 Anqelico
1206 3368 1581 3434 ministerio
1654 3381 2059 3450 consecrata,

522 3501 647 3558 etc.
736 3496 875 3557 Haec
940 3495 1167 3556 omnia
1255 3494 1489 3557 asserit
1560 3497 1825 3570 Doctor,
1907 3498 2068 3561 nihil

522 3611 745 3681 aliud;
793 3610 973 3671 idem
1011 3614 1240 3673 tenent
1288 3614 1487 3675 etiam
1529 3613 1660 3675 alii.

300 3740 361 3810 7..
599 3722 686 3807 (c)
708 3724 792 3787 Si
811 3727 1008 3786 etiam
1036 3727 1248 3789 matus
1266 3728 1544 3805 Anqetus
1569 3730 1638 3790 in
1666 3745 1938 3806 corpore
1966 3748 2063 3791 as-

199 3800 471 3917 dissffi‘ssm
519 3848 796 3920 sumpto,
849 3849 973 3905 etc.
1020 3842 1189 3905 Dicit
1246 3844 1451 3904 etiam
1509 3844 1689 3923 quod
1739 3843 1792 3906 si
1850 3846 2063 3908 malus

203 3926 463 4054 Bapffimo
518 3958 810 4039 Angelus
839 3957 1202 4036 baptizaret
1233 3956 1317 4019 de
1350 3962 1689 4035 praecepto
1739 3962 1806 4019 et
1848 3959 2060 4038 impe-

235 4054 432 4166 ᾊζωῖἓ
521 4079 613 4141 rio
659 4079 800 4153 Dei,
850 4082 1107 4140 teneret
1165 4079 1561 4154 Baptismus,
1621 4078 1773 4156 quia
1820 4095 2060 4141 neces-

238 4182 434 4229 ⁰⁰¹²³²⁰·
515 4216 662 4263 sum
708 4203 811 4262 est
858 4198 1101 4259 malum
1160 4195 1485 4276 Angelum
1550 4196 1823 4260 obedire
1893 4199 2057 4273 De0,

517 4319 711 4379 etiam
756 4316 1070 4386 invitum;
1142 4311 1330 4375 addit
1385 4322 1630 4385 tamen,
1682 4314 1807 4377 nisi
1864 4330 2054 4377 cons-

514 4435 687 4494 taret
718 4435 896 4492 certa
927 4429 1332 4491 revelatione
1395 4428 1523 4490 tale
1568 4429 1941 4506 imperium,
1994 4435 2061 4492 et

509 4549 905 4627 Baptismum
1004 4560 1088 4606 ex
1192 4559 1271 4606 eo
1329 4542 1527 4606 fuisse
1595 4544 2055 4615 ministratum,

510 4663 919 4726 credendum
980 4677 1125 4723 esse
1185 4662 1589 4738 Baptismum
1639 4659 1779 4722 fore
1836 4663 2057 4724 invali-

511 4782 708 4855 dum3
747 4788 882 4844 tum
944 4780 1097 4858 quia
1142 4780 1321 4839 Deus
1377 4793 1511 4841 non
1564 4778 1885 4840 ministrat
1940 4781 2059 4840 Sa-

511 4893 921 4961 cramentum
970 4875 1102 4971 'per
1145 4893 1452 4955 exclusos
1499 4891 1779 4954 finaliter
1818 4909 1855 4953 a
1887 4893 2054 4954 salu·

512 5021 614 5087 te;
677 5018 814 5075 tum
876 5011 1028 5090 quia
1102 5009 1229 5073 nisi
1298 5011 1416 5071 Dei
1490 5008 1765 5086 imperio
1822 5008 2056 5072 fuisset

509 5134 818 5203 arctatus,
862 5126 1276 5206 praesumitur
1330 5141 1413 5188 ex
1457 5124 1606 5187 odio
1669 5130 1736 5188 et
1778 5142 2054 5205 perver-

510 5251 702 5311 sitate
733 5246 1208 5318 fraudulenter,
1251 5249 1319 5307 et
1361 5261 1495 5308 non
1558 5244 1772 5307 valide
1827 5246 2051 5308 minis-

515 5372 712 5428 trare.

166 5522 469 5574 niffen-entia
591 5482 720 5568 Hoc
768 5496 927 5560 ergo
975 5479 1258 5542 interest
1319 5479 1490 5540 inter
1555 5480 1877 5560 Angelum
1928 5479 2045 5540 bo-

197 5587 333 5637 inter
365 5588 461 5637 Ba-
513 5613 673 5660 num
762 5601 829 5658 et
892 5596 1161 5674 malum,
1223 5596 1402 5676 quod
1484 5592 1764 5658 sufficiat
1833 5600 2053 5677 Bapti-

2197 705 2473 773 tratum‚
2505 704 2579 761 ut
2632 705 2876 773 teneat,
2926 701 3083 781 quia
3138 702 3244 764 hic
3287 705 3355 766 in
3409 703 3584 766 nullo
3649 719 3747 764 re·
3804 676 4049 796 ‘fflffguffi

2198 814 2379 876 cedit
2440 831 2477 876 a
2531 815 2869 878 voluntate
2953 818 3098 890 Dei,
3176 834 3302 879 nec
3375 820 3517 881 sine
3592 817 3737 899 ejus
3769 802 4088 919 &ng33⁶

2194 931 2463 1006 speciali
2523 932 3008 996 commissione
3045 933 3451 1011 Baptismum
3509 934 3728 996 minis-

2194 1047 2418 1106 traret.
2486 1045 2785 1125 Angelus
2827 1063 2983 1109 vero
3029 1048 3243 1109 malus
3286 1047 3454 1110 sicut
3495 1048 3745 1111 invidet

2194 1160 2388 1222 saluti
2428 1160 2791 1235 hominum,
2853 1170 2921 1225 et
2969 1163 3089 1225 Dei
3135 1162 3335 1225 cultui
3426 1178 3504 1224 ac
3559 1180 3745 1227 reve-

2192 1277 2410 1340 rentiae
2460 1278 2892 1351 Sacramenti,
2979 1279 3160 1342 valor
3217 1278 3533 1355 Baptismi
3608 1295 3742 1343 non

2193 1391 2521 1472 colligitur
2563 1389 2976 1455 sufficienter
3030 1408 3109 1453 ex
3167 1393 3312 1473 ejus
3343 1392 3540 1467 fact0,
3619 1394 3742 1456 sed

2196 1511 2647 1571 necessarium
2720 1515 2898 1571 esset
2967 1515 3270 1572 constare
3329 1526 3446 1589 per
3493 1515 3741 1574 certam

2189 1622 2657 1685 revelationem
2699 1620 2768 1684 id
2824 1620 3073 1684 factum
3132 1638 3279 1684 esse
3341 1640 3425 1687 ex
3468 1626 3739 1702 speciali

2189 1737 2307 1798 Dei
2347 1737 2649 1815 imperi0,
2675 1752 2896 1817 neque
2942 1738 3064 1815 ipsi
3096 1737 3507 1801 credendum
3550 1756 3732 1815 esse;

2189 1858 2327 1913 tum
2351 1852 2501 1931 quia
2531 1850 2861 1926 mendax;
2900 1856 3034 1914 tum
3060 1855 3208 1931 quia
3258 1855 3431 1916 Deus
3463 1871 3594 1917 non
3636 1874 3738 1918 so-

2187 1970 2281 2030 let
2309 1970 2405 2031 uti
2457 1970 2601 2049 ejus
2631 1970 2991 2031 ministerio
3020 1970 3086 2032 in
3116 1971 3215 2043 iis,
3252 1987 3394 2049 quae
3437 1969 3522 2032 ad
3563 1972 3733 2034 salu-

2186 2094 2320 2149 tem
2348 2087 2598 2150 faciunt
2664 2087 3024 2149 hominum.
3060 2088 3131 2149 ld
3169 2104 3326 2150 vero
3387 2104 3733 2153 commune

2187 2218 2288 2275 est
2344 2213 2610 2292 utrique
2655 2212 2836 2291 quod
2891 2215 3033 2275 sine
3084 2216 3200 2276 Dei
3248 2215 3515 2292 speciali
3560 2233 3733 2279 com-

2186 2322 2499 2383 missione
2543 2337 2675 2383 non
2718 2321 2972 2399 possint
3018 2322 3376 2399 baptizare,
3409 2324 3562 2402 quia
3604 2325 3731 2386 hoc

2185 2438 2615 2499 ministerium
2672 2438 2946 2515 requirit
3018 2439 3487 2501 institutionem
3567 2439 3728 2503 divi-

2187 2572 2365 2626 nam,
2424 2570 2565 2632 quae
2631 2551 2715 2645 de
2772 2552 2926 2632 lege
2984 2559 3084 2614 est
3139 2554 3401 2633 alligata
3481 2555 3727 2618 homini

2186 2671 2442 2734 viatori.
2492 2669 2846 2749 Gregorius
2917 2686 2950 2730 a
3011 2669 3305 2731 Valentia
3361 2669 3476 2751 (ut
3518 2671 3728 2751 solet)

2181 2795 2335 2850 tom.
2383 2788 2443 2847 4.
2491 2786 2658 2861 disp.
2702 2786 2760 2846 3.
2823 2801 2886 2862 q.
2932 2787 2993 2848 5.
3045 2791 3285 2861 puncto
3330 2789 3389 2848 3.
3449 2786 3726 2866 imponit
3776 2792 4045 2913 3323&

2180 2907 2403 2966 nostro
2437 2904 2721 2977 Doctori,
2783 2919 2938 2965 eum
2995 2904 3358 2966 asseruisse
3391 2905 3725 2970 diabolum

2180 3019 2396 3083 valide
2489 3020 2862 3081 ministrare
2929 3019 3447 3096 Sacramentum,
3534 3024 3719 3101 quasi

2177 3140 2304 3202 hoc
2339 3138 2420 3203 de
2453 3140 2605 3222 lege
2646 3140 2973 3203 ordinaria
3017 3145 3085 3203 et
3139 3141 3281 3203 sine
3338 3142 3720 3206 limitatione

2179 3261 2393 3335 posita
2452 3255 2771 3332 docuerit,
2833 3274 2909 3319 ac
2957 3257 3234 3336 proinde
3282 3275 3438 3322 eum
3484 3276 3716 3338 parem

2174 3371 2329 3436 facit
2371 3374 2677 3438 Luthero.
2713 3374 3111 3439 Contrarium
3153 3383 3333 3454 patet
3380 3392 3463 3440 ex
3511 3382 3717 3453 textu,

2177 3507 2369 3570 quem
2401 3499 2622 3554 tamen
2667 3508 2985 3570 praesumo
3017 3496 3274 3556 sincere
3326 3496 3568 3574 egisse,
3601 3494 3725 3558 sed

2177 3622 2260 3668 ex
2286 3608 2542 3685 scriptis
2571 3609 2848 3672 aliorum
2891 3610 3068 3670 hunc
3129 3626 3422 3673 errorem
3467 3611 3719 3673 hausis-

2174 3741 2272 3788 se.
2317 3725 2547 3804 Neque
2591 3727 2779 3803 plura
2823 3725 3169 3789 meditanti
3207 3731 3397 3789 vacat
3423 3728 3721 3808 singulos

2173 3841 2468 3904 minutim
2546 3845 2955 3920 perquirere,
3020 3844 3177 3904 dum
3247 3844 3393 3923 quis
3452 3848 3716 3906 senten-

2172 3959 2352 4033 tiam,
2397 3973 2530 4020 non
2573 3963 2907 4021 auctorem
2944 3958 3325 4023 insectatur.

2253 4077 2587 4151 Quantum
2657 4074 2743 4137 ad
2810 4078 3160 4139 veritatem
3229 4085 3444 4138 autem
3517 4093 3714 4138 nemo
3871 4117 3924 4168 8.

2173 4191 2476 4256 dubitare
2535 4191 2761 4268 debet,
2823 4193 2982 4272 quin
3060 4195 3237 4255 Deus
3278 4210 3401 4271 per
3467 4192 3715 4255 malum
3742 4179 4061 4294 ffifflsffisso

2167 4310 2498 4390 Angelum
2554 4310 2752 4387 possit
2797 4309 3162 4372 ministrare
3219 4307 3432 4371 valide
3494 4311 3713 4371 Sacra·
3744 4305 4060 4418 *4353th-

2169 4433 2488 4500 mentum,
2543 4432 2610 4489 et
2669 4429 2760 4489 uti
2805 4427 3163 4489 ministerio
3226 4427 3370 4507 ejus
3430 4425 3514 4488 ad
3557 4427 3706 4501 hoc,
3772 4436 4008 4543 vafiffffssz

2171 4545 2254 4607 de
2342 4544 2636 4621 potentia
2719 4544 3045 4617 absoluta,
3131 4559 3328 4623 quam
3410 4543 3712 4624 intelligit

2169 4663 2429 4735 Doctor,
2475 4664 2549 4720 ut
2594 4675 2676 4720 ex
2717 4659 3152 4738 sequentibus
3197 4660 3393 4722 etiam
3435 4675 3709 4738 appare-

2166 4777 2279 4849 bit,
2314 4790 2433 4853 per
2461 4778 2877 4852 praeceptum
2936 4773 3244 4848 divinum,
3307 4790 3438 4853 quo
3497 4777 3708 4839 malus

2163 4892 2456 4973 Angelus
2499 4896 2903 4968 arctaretur-3
2968 4907 3119 4952 nam
3175 4891 3559 4969 praecipiens
3603 4892 3707 4955 vel

2165 5027 2362 5089 supra
2413 5011 2520 5071 vel
2577 5015 2806 5070 contra
2875 5010 3091 5088 legem
3149 5025 3185 5069 a
3245 5024 3316 5070 se
3369 5014 3701 5082 statutam,
3733 4983 3909 5110 fflffii
3941 4986 4052 5100 ἐξῇ

2168 5132 2479 5192 censetur
2525 5127 2913 5205 dispensare
2967 5127 3032 5188 in
3090 5128 3235 5203 ipsa
3267 5127 3487 5206 quoad
3517 5129 3704 5190 illum
3763 5115 4021 5238 prffpffiffi

2165 5253 2405 5321 actum,
2454 5263 2534 5309 ex
2582 5246 2911 5308 communi
2941 5246 3266 5308 sententia
3297 5249 3611 5318 omnium,
3639 5254 3707 5311 et
3735 5235 3897 5362 ’ἓξὲξ
3891 5251 4042 5349 [1¹3⁸

2164 5378 2365 5441 agere
2398 5366 2886 5439 consequenter
2915 5377 3047 5423 non
3078 5362 3446 5425 secundum
3475 5368 3702 5440 poten-
3729 5339 4046 5476 {igrftsserfg

2164 5480 2318 5542 tiam
2377 5477 2801 5552 ordinariam,
2859 5479 2979 5541 sed
3037 5479 3402 5542 secundum
3461 5485 3697 5559 poten-

3792 5486 3984 5537 fecerit.

2162 5597 2321 5660 tiam
2391 5595 2781 5670 absolutam,
2832 5596 3121 5675 alioquin
3177 5611 3311 5658 non
3401 5595 3702 5659 ordinate
