4287 6313
159 2062 472 2116 Sacramen-

156 2134 440 2255 nigniiiaeare

240 3130 385 3182 Finis

177 3192 430 3248 diversus.

178 4391 438 4464 Quomodo

167 4515 251 4590 ¹².
270 4462 441 4589 aazia

159 4584 432 4644 attingitur

170 4644 433 4754 ’ἐπ’

1684 392 1882 455 DlST.
1929 393 1976 455 1.
2020 390 2381 469 QUAESTlo
2426 397 2527 460 vt.

185 550 446 670 Agffifi·
518 571 642 620 nus
698 554 886 641 epist.
933 558 1041 623 73.
1079 567 1144 622 et
1182 555 1315 637 alii,
1371 557 1481 645 qui
1538 569 1755 624 tamen
1794 578 1923 624 non
1953 557 2050 623 in-

183 678 443 809 glyeggffi.
510 669 707 737 travit
729 669 794 737 in
817 671 1057 738 coelum
1080 684 1227 739 ante
1255 684 1771 741 consummatam
1796 673 2053 740 redem-

510 788 822 875 ptionem,
880 810 1090 878 neque
1147 792 1360 859 anima
1428 792 1573 879 eJus
1649 792 1771 859 ruit
1845 792 2053 859 beati-

507 906 718 974 ficata.

596 1025 714 1113 (m)
769 1026 871 1092 Ad
912 1027 1241 1108 ultimum,
1298 1044 1422 1096 etc.
1466 1029 1838 1115 Respondet
1878 1028 2050 1117 quod

508 1140 902 1228 Baptismus,
947 1142 1141 1209 etiam
1186 1155 1503 1231 quantum
1560 1145 1639 1211 ad
1681 1157 1895 1212 actum
1938 1166 2047 1213 ex-

499 1259 829 1339 teriorem,
896 1280 1023 1327 non
1065 1260 1416 1348 significet,
1466 1262 1595 1330 nisi
1650 1262 2046 1330 ablutionem

499 1376 579 1442 ab
617 1375 1029 1444 immunditia
1097 1379 1440 1465 corporali,
1494 1389 1618 1446 etc.
1655 1379 1937 1446 Intendit
1965 1380 2049 1445 si-

500 1490 984 1578 gnificationem
1011 1496 1367 1561 naturalem
1406 1496 1779 1575 ablutioniS,
1812 1507 1875 1562 et
1905 1517 2049 1583 spe-

501 1608 849 1675 culativam
883 1609 1135 1691 formae,
1181 1633 1374 1699 quam
1408 1613 1602 1680 habet
1642 1634 1722 1679 ex
1755 1613 2050 1679 instituto

502 1710 811 1805 humano,
872 1745 997 1791 non
1057 1737 1272 1794 autem
1318 1728 1863 1815 significationem
1908 1752 2050 1818 pra-

500 1841 731 1906 cticam
757 1841 1153 1909 invisibilem
1185 1854 1249 1910 et
1272 1846 1829 1928 sacramentalem,
1855 1868 2049 1935 quam

505 1957 701 2023 habet
739 1958 819 2023 ab
868 1957 1279 2026 institutione
1308 1959 1556 2030 divina.

595 2079 666 2141 ln
707 2077 1132 2163 responsione
1185 2076 1261 2145 ad
1318 2080 1628 2168 majorem
1669 2081 1903 2147 asserit
1940 2085 2051 2149 Sa-

504 2201 832 2256 cramenta
902 2190 1111 2277 magis
1178 2193 1439 2279 proprie
1480 2193 1857 2279 significare
1902 2196 2051 2262 effe-

502 2318 674 2374 ctum
755 2307 1146 2394 peculiarem
1213 2308 1291 2374 ad
1341 2330 1533 2398 quem
1587 2309 2046 2391 instituuntur,

502 2444 694 2512 quam
737 2425 1040 2511 gratiam,
1087 2426 1259 2492 unde
1318 2425 1542 2493 eadem
1597 2427 1804 2512 gratia
1845 2439 1945 2495 est
1985 2428 2051 2493 in

501 2537 740 2623 specie,
786 2560 937 2626 quae
975 2540 1289 2607 tribuitur
1330 2542 1395 2608 in
1458 2542 1765 2610 omnibus
1827 2546 2050 2610 Sacra-

501 2655 761 2730 mentis,
807 2668 1119 2743 quantum
1187 2658 1265 2723 ad
1332 2659 1649 2726 rationem
1708 2661 1934 2727 formae
1984 2661 2048 2726 in

502 2792 612 2850 se;
678 2773 1092 2840 Sacramenta
1161 2784 1378 2842 autem
1441 2788 1594 2843 sunt
1659 2775 1920 2844 diversa
1984 2778 2048 2844 in

502 2899 819 2974 quantum
909 2890 1242 2977 quodlibet
1328 2892 1656 2979 significat
1739 2893 2042 2962 effectum

501 3007 836 3073 diversum
870 3007 1159 3095 ejusdem
1201 3010 1454 3096 gratiae.

591 3125 905 3213 Loquitur
936 3125 1015 3192 de
1055 3127 1261 3214 gratia
1323 3128 1635 3195 habituali
1683 3151 1833 3218 quae
1872 3151 2045 3197 com-

503 3241 722 3308 munis
795 3253 895 3309 est
959 3242 1265 3309 omnibus
1343 3244 1817 3322 Sacramentis;
1905 3247 2048 3314 haec

500 3367 807 3424 causatur
854 3380 889 3424 a
920 3360 1249 3446 Baptismo
1289 3382 1405 3448 per
1453 3363 1716 3429 modum
1779 3385 2044 3451 regene-

501 3475 796 3558 rationiS,
859 3477 939 3542 ab
993 3475 1395 3544 Eucharistia
1449 3499 1562 3565 per
1612 3480 1876 3546 modum
1928 3501 2046 3547 nu-

499 3591 808 3672 tritioniS,
856 3603 919 3658 et
948 3591 1043 3658 sic
1083 3593 1145 3658 in
1171 3594 1430 3660 caeteris
1469 3606 1779 3663 connotat
1824 3597 2044 3663 diver-

497 3731 609 3777 sos
673 3709 967 3788 effectuS,
1022 3721 1087 3775 et
1152 3710 1431 3777 intendit
1470 3712 1798 3792 effectum,
1852 3734 2043 3801 quem

496 3824 718 3891 statim
777 3834 841 3889 et
888 3824 967 3891 de
1005 3826 1311 3912 praesenti
1369 3826 1621 3893 confert
1667 3829 2047 3897 Sacramen-

496 3952 661 4020 tum,
697 3940 778 4007 de
808 3962 959 4028 quo,
1016 3955 1085 4007 ut
1129 3941 1479 4028 plurimum
1525 3943 1882 4031 loquuntur
1926 3950 2046 4013 Do-

494 4073 711 4126 ctores
749 4057 1025 4146 antiqui,
1087 4070 1152 4125 et
1226 4058 1305 4125 de
1369 4060 1603 4127 effectu
1672 4062 2039 4150 principali,

497 4177 612 4266 qui
651 4197 910 4264 semper
940 4178 1152 4259 datur,
1207 4178 1463 4244 secluso
1494 4179 1701 4247 obice.

591 4298 688 4360 An
740 4306 1051 4383 praeterea
1093 4296 1283 4362 detur
1316 4296 1552 4383 aliquis
1582 4297 1851 4366 effectus
1893 4321 2045 4387 gra-

500 4413 613 4479 tiae
706 4412 974 4479 actualis
1061 4425 1355 4501 tempore
1428 4434 1745 4503 congru0,
1838 4438 2046 4504 neque

499 4527 737 4593 asserit
772 4548 1105 4614 expresse,
1156 4550 1368 4617 neque
1401 4530 1594 4596 etiam
1628 4543 1846 4618 negat.
1892 4536 2042 4598 Pos-

501 4655 601 4710 set
632 4654 846 4709 tamen
878 4665 959 4710 ex
1006 4643 1196 4710 dictis
1227 4646 1373 4732 ejus
1422 4645 1646 4712 inferri
1693 4647 1885 4714 talem
1946 4649 2042 4714 ef-

501 4760 740 4825 fectum
774 4758 939 4838 dari,
993 4758 1072 4824 de
1111 4780 1240 4846 quo
1298 4781 1494 4847 supra
1554 4761 1866 4842 diximus,
1913 4783 2043 4829 non

497 4878 669 4965 quod
710 4878 1198 4944 Sacramentum
1250 4878 1539 4964 proxime
1569 4889 1633 4945 et
1671 4878 2045 4945 immediate

495 4995 774 5081 attingat
823 4994 1005 5060 illum
1065 4994 1368 5062 effectum
1441 4996 1548 5084 qui
1612 4995 1821 5077 datur,
1876 4997 2043 5063 desi-

494 5122 690 5177 nente
726 5111 1167 5190 Sacramento,
1230 5111 1340 5177 sed
1414 5122 1682 5190 remote,
1721 5112 2045 5179 mediante

491 5225 721 5293 effectu
765 5225 1064 5312 proximo
1095 5226 1326 5312 gratiae
1387 5228 1763 5308 habitualis,
1828 5239 1897 5293 ut
1927 5228 2043 5294 da-

491 5357 601 5408 tur
638 5340 719 5406 ad
752 5339 948 5408 finem
1001 5341 1392 5428 peculiarem
1444 5345 1643 5430 hujus
1700 5344 1802 5411 vel
1868 5344 2042 5410 illius

494 5458 918 5536 Sacramenti,
981 5457 1163 5524 verbi
1223 5459 1456 5545 gratia,
1522 5459 1585 5525 in
1638 5458 2041 5526 Eucharistia

3591 404 3709 471 229

2166 555 2544 629 firmitatem
2605 573 2668 629 et
2698 561 2896 631 robur
2933 562 3367 633 confessionis
3416 564 3564 635 fidei
3603 589 3713 635 co-

2164 685 2301 733 ram
2346 672 2672 756 Tyranno.
3806 686 3987 759 Gratia

2255 787 2415 852 Nam
2464 807 2540 852 eo
2584 787 2725 875 ipso
2759 789 2928 876 quod
2961 790 3172 877 gratia
3211 790 3455 860 virtute
3485 794 3714 859 Sacra·
3746 748 4040 862 hffittugpg

2165 904 2397 983 menti,
2437 906 2619 972 verbi
2659 908 2891 995 gratia,
2958 910 3412 992 Eucharistiae,
3456 922 3527 978 ut
3556 911 3714 979 dicit
3742 875 4062 1008 flnffeeiffih't

2165 1021 2418 1101 Ductor,
2454 1035 2781 1099 causetur,
2819 1037 3140 1112 quatenus
3173 1028 3370 1094 habet
3413 1028 3708 1095 ordinem
3816 998 3998 1125 353ss

2161 1138 2241 1205 ad
2283 1141 2857 1226 perseverantiam,
2913 1157 2976 1211 et
3032 1145 3388 1213 vincendas
3453 1148 3709 1214 tentati·
3773 1125 4008 1175 mmm·

2162 1277 2345 1337 oneS,
2409 1260 2921 1327 concomitanter
2976 1261 3177 1329 trahit
3209 1282 3429 1329 secum
3493 1262 3705 1328 media

2161 1374 2453 1441 ordinata
2512 1376 2589 1442 ad
2657 1377 3233 1463 perseverandum,
3276 1400 3425 1466 quae
3491 1378 3712 1446 consi-

2166 1503 2346 1559 stunt
2388 1493 2450 1557 in
2484 1492 2694 1579 gratia
2724 1494 2960 1560 actuali
3017 1496 3347 1562 excitante
3404 1510 3467 1564 et
3527 1498 3712 1585 adju-

2160 1620 2362 1676 vante
2420 1610 2780 1677 secundum
2847 1623 3140 1677 naturam
3183 1624 3247 1677 et
3311 1614 3709 1701 exigentiam

2164 1723 2496 1810 praecepti,
2534 1735 2597 1789 et
2628 1724 3002 1791 tentationis
3034 1745 3149 1792 seu
3190 1728 3408 1812 operis
3452 1728 3517 1794 in
3558 1749 3702 1815 spe-

2163 1840 2260 1906 cie
2311 1839 2645 1926 requisita,
2720 1861 2866 1907 nam
2923 1841 3056 1908 sola
3128 1843 3336 1928 gratia
3414 1844 3710 1911 habitua-

2165 1958 2246 2024 lis
2306 1958 2498 2024 etiam
2553 1959 2803 2025 intensa
2856 1959 3082 2046 nequit
3138 1959 3291 2027 dare
3344 1963 3517 2029 hunc
3556 1963 3707 2029 effe-

2165 2084 2368 2153 ctum,
2397 2073 2566 2140 sicut
2597 2096 2676 2141 ex
2699 2075 2997 2142 Patribus
3019 2088 3080 2142 et
3102 2077 3408 2145 Conciliis
3430 2091 3707 2158 constat,

2165 2202 2387 2257 contra
2431 2190 2837 2278 PelagianoS,
2890 2192 3084 2260 etiam
3129 2194 3329 2281 justis
3367 2205 3431 2260 et
3497 2196 3709 2281 perfe-

2164 2306 2285 2372 ctis
2345 2307 2785 2374 necessarium
2830 2328 2980 2376 esse
3016 2309 3413 2396 adjutorium
3478 2312 3712 2399 gratiae

2165 2424 2437 2490 actualis
2486 2437 2549 2490 et
2609 2424 2933 2511 specialiS,
2998 2425 3075 2491 ad
3117 2426 3472 2495 vincendas
3506 2439 3710 2495 tenta-

2162 2540 2377 2605 tiones
2416 2551 2479 2605 et
2510 2540 2904 2627 implendam
2945 2541 3184 2628 legem.

2252 2658 2413 2724 Hinc
2445 2658 2952 2745 perseverantiae
2981 2658 3222 2725 donum
3248 2672 3347 2726 est
3385 2661 3711 2747 peculiare
3776 2679 4016 2733 Trident.

2162 2786 2227 2841 et
2264 2774 2598 2841 diversum
2668 2797 2703 2841 a
2760 2776 2969 2862 gratia
3027 2776 3366 2856 habituali,
3412 2778 3703 2858 Trident,

2158 2913 2318 2957 sess.
2363 2896 2427 2959 6.
2472 2914 2619 2978 cap.
2660 2896 2764 2958 13.
2801 2914 2948 2958 ccm.
2987 2896 3096 2962 22.
3133 2905 3193 2959 ec
3222 2898 3332 2961 26.
3371 2898 3568 2962 Datur
3598 2916 3706 2961 au·

2159 3023 2290 3075 tem
2347 3009 2488 3076 haec
2519 3010 2727 3096 gratia
2760 3010 2953 3077 etiam
3015 3011 3262 3079 virtute
3301 3015 3699 3080 Sacramenti

2161 3129 2353 3196 modo
2387 3130 2583 3206 dicto,
2628 3141 2942 3219 quantum
2986 3141 3085 3198 est
3124 3154 3205 3200 ex
3255 3143 3438 3220 parte
3479 3136 3704 3202 Sacra-

2162 3248 2389 3326 menti,
2436 3247 2559 3314 nisi
2603 3248 2926 3335 recipiens
2960 3248 3099 3336 ipse
3157 3250 3307 3328 sibi,
3373 3263 3437 3318 et
3475 3253 3705 3338 gratiae

2161 3365 2270 3432 Dei
2314 3365 2616 3444 defuerit,
2659 3386 2789 3432 non
2821 3367 3238 3454 acceptandO,
3276 3389 3487 3456 neque
3510 3370 3704 3436 etiam

2160 3482 2452 3569 seipsum
2494 3483 2878 3570 applicando
2899 3496 2962 3551 et
2986 3483 3392 3571 disponendo
3431 3485 3509 3551 ad
3554 3489 3699 3574 ejus
3739 3498 3913 3547 Potest
3935 3496 4055 3560 poni

2159 3599 2622 3685 receptionem,
2662 3619 2809 3665 nam
2853 3600 3022 3666 sicut
3070 3602 3342 3667 effectus
3382 3602 3708 3688 principa·
3814 3561 3992 3692 §xiim

2157 3712 2238 3780 lis
2270 3715 2666 3781 Sacramenti
2710 3735 2839 3780 non
2872 3728 2970 3781 est
3003 3715 3086 3781 ita
3121 3715 3508 3796 infallibilis,
3548 3717 3705 3804 quin
3738 3684 4056 3797 ξξξζῗέξίοξξ

2158 3830 2516 3917 dependeat
2547 3851 2581 3896 a
2605 3829 3032 3916 dispositione
3061 3831 3375 3919 requisita
3406 3854 3486 3899 ex
3528 3845 3710 3919 parte
3802 3814 3998 3860 ¹¹⁰⁸“⁸·

2158 3947 2557 4033 recipientiS,
2612 3947 2722 4036 qui
2764 3947 2973 4014 eidem
3018 3958 3229 4033 potest
3291 3969 3531 4035 ponere
3573 3949 3710 4015 obi-

2157 4085 2325 4143 cem,
2361 4063 2446 4130 ita
2498 4065 2693 4131 etiam
2725 4065 2880 4131 huic
2916 4064 3174 4131 effectui
3210 4065 3442 4151 gratiae
3488 4074 3706 4131 actua·

2157 4179 2238 4245 lis
2278 4189 2490 4265 potest
2532 4179 2834 4246 similiter
2865 4199 3107 4266 ponere
3137 4178 3414 4244 obicem.

2247 4291 2370 4360 Sed
2409 4294 2681 4379 objicies
2719 4305 2942 4360 contra
2992 4297 3355 4371 Doctorem,
3412 4314 3560 4380 quae
3600 4293 3694 4357 di·
3779 4300 4012 4425 obrigetio

2159 4410 2256 4475 xit
2301 4420 2522 4475 contra
2563 4413 2945 4487 Varronem,
3016 4429 3247 4496 nempe
3304 4409 3366 4474 in
3409 4409 3704 4475 Circum·
3813 4430 3992 4496 contra

2157 4524 2404 4591 cisione
2436 4523 2681 4590 intendi
2716 4523 3141 4611 principalius
3168 4524 3473 4610 gratiam,
3509 4544 3701 4611 quam
3816 4487 3975 4540 ‘hm'

2157 4644 2612 4711 remissionem
2657 4645 2897 4730 peccati
2939 4675 2952 4721 ·,
2991 4644 3104 4710 sed
3163 4643 3559 4730 significatio
3600 4665 3704 4710 se-

2156 4761 2380 4848 quitur
2419 4760 2936 4839 institutionem3
2991 4762 3136 4827 haec
3191 4772 3407 4828 autem
3449 4760 3697 4848 perfici·

2157 4887 2264 4944 tur
2300 4886 2413 4942 aut
2452 4876 2923 4944 determinatur
2974 4897 3087 4962 per
3129 4877 3552 4943 intentionem
3616 4879 3698 4943 in-

2157 4994 2681 5083 stituentis3ergo
2713 5005 2810 5059 est
2850 4994 3060 5081 magis
3091 4994 3167 5060 ad
3203 4995 3697 5082 significandam

2156 5111 2459 5198 gratiam,
2496 5132 2687 5199 quam
2723 5111 3025 5177 effectum
3061 5111 3479 5197 peculiarem,
3517 5112 3701 5178 verbi

2155 5228 2387 5315 gratia,
2428 5227 2839 5294 remissionis
2876 5227 3143 5314 peccati,
3198 5227 3370 5315 quod
3413 5244 3512 5294 est
3550 5249 3696 5294 con·

2154 5356 2252 5412 tra
2300 5347 2408 5412 hic
2446 5345 2640 5412 dicta.

2244 5461 2717 5546 Respondetur,
2756 5480 2952 5547 supra
2985 5480 3131 5526 eum
3166 5459 3343 5549 loqui
3379 5459 3458 5526 de
3490 5460 3696 5526 inten·
3735 5480 4039 5547 Responsio.

492 5574 575 5641 ad
615 5572 810 5641 finem
846 5574 1247 5656 nutritionis,
1292 5575 1358 5641 in
1418 5574 1923 5643 Confirmatione
1962 5575 2040 5641 ad
2151 5577 2331 5643 tione
2372 5576 2507 5658 Dei,
2564 5586 2633 5642 ut
2690 5575 2854 5642 ratio
2888 5577 3031 5664 ejus
3088 5575 3378 5664 subjecta
3441 5575 3689 5663 probat,
