4287 6313
1653 391 1831 454 Dts'r
1884 394 1982 455 vt.
2019 396 2384 471 QUAESTto
2433 404 2506 464 11.

906 708 1540 776 COMMENTARIUS.

464 945 467 946 ν
523 897 618 980 (b)
691 904 1060 978 Respondeo
1131 907 1361 985 plures
1430 911 1789 987 baptizare,
1864 920 1991 975 etc.

447 1015 772 1080 Praemissa
832 1021 1266 1099 explicatione
1334 1042 1523 1088 casus
1594 1046 1712 1106 per
1786 1036 1995 1095 varias

447 1132 900 1199 distinctiones
961 1140 1225 1220 subjicit
1276 1145 1752 1208 resolutionem
1816 1166 1990 1211 com-

444 1266 714 1315 munem
769 1256 1278 1337 Theologorum‚
1340 1266 1406 1322 et
1446 1264 1773 1326 rationem
1826 1267 1989 1344 ejns,

445 1369 613 1430 circa
693 1388 836 1449 quae
912 1374 1067 1437 nihil
1136 1380 1440 1440 occurrit.
1519 1379 1721 1443 Primo
1773 1381 1991 1447 tamen

441 1482 660 1560 objicit
702 1503 836 1549 non
881 1506 1071 1567 posse
1117 1509 1265 1554 esse
1323 1494 1488 1556 duas
1531 1514 1763 1560 causas
1822 1506 1987 1562 tota·

440 1598 537 1661 les
609 1601 796 1664 unius
868 1610 935 1665 et
994 1608 1297 1687 ejusdem
1372 1611 1673 1687 effectus,
1752 1619 1988 1695 quales

441 1721 594 1777 sunt
665 1718 794 1780 duo
852 1721 1125 1784 ministri
1198 1731 1265 1787 et
1336 1725 1463 1790 duo
1546 1731 1985 1794 Sacramenta.

442 1837 578 1894 Hoc
650 1841 865 1912 ipsum
945 1841 1243 1904 secundo
1313 1845 1574 1920 probat,
1652 1849 1804 1926 quia
1873 1851 1988 1913 ubi

441 1967 648 2031 agens
680 1957 748 2015 et
776 1952 982 2016 forma
1030 1960 1389 2022 suntaliud
1436 1967 1502 2024 et
1545 1963 1745 2037 aliud,
1794 1964 1985 2026 etiam

444 2068 717 2131 effectus
776 2072 1084 2136 inductus
1142 2076 1437 2140 similiter
1509 2081 1627 2144 erit
1697 2082 1861 2144 alius
1922 2086 1987 2142 et

83 2204 203 2276 Non
232 2206 374 2278 sequi
442 2186 626 2249 alius.
720 2189 1106 2267 Respondet
1168 2200 1491 2276 quantum
1563 2198 1646 2260 ad
1721 2217 1985 2264 causam

108 2266 381 2380 dmg-zta-
441 2302 893 2381 principalem,
928 2325 962 2368 a
1010 2325 1138 2388 qua
1186 2316 1287 2373 est
1335 2314 1614 2377 effectus
1663 2317 1728 2378 in
1772 2322 1984 2382 anima

99 2392 385 2510 θίξζξξζιζέὓ
441 2437 575 2482 non
617 2423 1075 2503 multiplicari;
1123 2444 1297 2490 unus
1339 2447 1521 2505 vero,
1581 2438 1694 2495 aut
1745 2434 1982 2501 diversi

106 2517 411 2636 ᾋξξξζξιξζῑθ
442 2540 720 2604 ministri
749 2559 820 2605 se
866 2544 1114 2607 habent
1154 2554 1403 2611 tantum
1453 2551 1978 2625 ministerialiter,

132 2658 362 2771 OffeTt‘io
442 2662 509 2718 et
537 2669 669 2719 non
712 2659 1027 2723 influxum
1061 2664 1431 2743 physicum.

210 2787 276 2821 an
519 2773 649 2835 Sed
693 2776 777 2839 ad
826 2777 952 2839 hoc
1000 2779 1224 2860 objicit
1270 2782 1352 2845 de
1399 2786 1640 2848 effectu
1682 2791 1978 2866 proximo

75 2834 409 2960 ὴῗιῗιῖἒηῖἑΐτ
438 2889 733 2966 ministri,
799 2908 1042 2972 nempe
1112 2898 1253 2976 ipso
1323 2901 1741 2967 Sacramento
1800 2908 1978 2985 quod

434 3003 695 3068 videtur
735 3010 1175 3087 multiplicari,
1225 3015 1404 3091 quod
1450 3017 1724 3095 perinde
1772 3026 1873 3083 est
1901 3040 1976 3084 ac

434 3138 734 3202 quaerere
779 3141 862 3188 an
921 3128 1050 3190 sint
1108 3130 1198 3192 ibi
1262 3131 1391 3194 duo
1452 3134 1863 3215 baptismata,
1912 3144 1978 3202 et

430 3259 555 3303 non
601 3260 795 3307 usum
839 3249 1066 3310 sotum.
1113 3248 1211 3311 Ad
1260 3251 1438 3328 quod
1468 3256 1829 3331 respondet
1858 3258 1974 3319 Ga-

430 3358 594 3421 briel
642 3363 761 3425 hac
793 3367 858 3427 d.
896 3367 955 3427 l.
1000 3384 1061 3426 α.
1098 3367 1156 3428 3.
1207 3369 1357 3430 dub.
1394 3372 1453 3433 4.
1507 3371 1635 3433 duo
1679 3372 1821 3434 fieri
1866 3374 1973 3436 Sa·

428 3482 779 3551 cramenta,
815 3496 851 3540 a
893 3482 1132 3559 quibus
1186 3484 1384 3547 etiam
1423 3487 1700 3550 effectus
1748 3494 1870 3565 est,
1903 3496 1976 3552 ut

425 3610 461 3655 a
516 3595 729 3657 causis
777 3598 1108 3673 totalibuS‚
1176 3602 1355 3680 quod
1400 3602 1502 3665 hic
1559 3613 1785 3668 auctor
1840 3624 1973 3670 non

427 3717 603 3787 putat
647 3728 793 3775 esse
847 3717 1340 3779 inconveniens,
1385 3720 1579 3782 Favet
1621 3721 1974 3802 Cajetanus

425 3829 483 3890 3.
509 3836 683 3904 parc.
736 3837 953 3908 quaest.
993 3835 1094 3896 67.
1131 3841 1256 3896 arc.
1289 3837 1349 3898 6.
1403 3841 1463 3899 et
1501 3844 1796 3916 quamvis
1839 3859 1969 3904 non

426 3948 613 4022 putet
674 3946 984 4010 eumdem
1042 3951 1350 4013 effectum
1425 3955 1692 4018 totalem
1743 3974 1891 4020 esse
1935 3977 1972 4020 a

428 4062 641 4124 causis
697 4064 992 4140 pluribus
1054 4072 1119 4128 et
1165 4069 1476 4132 totalibus
1529 4075 1975 4152 principaliter

423 4180 793 4258 agentibuS,
828 4197 957 4244 non
1011 4189 1239 4245 censet
1280 4202 1427 4248 esse
1472 4187 1969 4265 inconvenienS,

420 4300 493 4357 ut
539 4296 860 4375 procedat
916 4315 954 4360 a
1012 4297 1273 4362 duabus
1328 4302 1970 4381 instrumentalibuS‚

423 4412 691 4491 quando
737 4430 942 4476 unum
975 4420 1075 4477 est
1126 4417 1483 4495 principale
1529 4435 1763 4498 agens.
1813 4422 1970 4483 Sua·

420 4547 528 4591 rez
582 4532 879 4610 sequitur
920 4539 1275 4612 utrumque
1323 4535 1488 4613 disp.
1551 4538 1649 4601 33.
1696 4530 1841 4598 sect.
1906 4539 1964 4600 3.

419 4648 528 4726 qui
601 4648 796 4709 etiam
856 4655 1147 4711 statuunt
1203 4650 1625 4713 Sacramenta
1691 4651 1963 4733 physice

420 4781 619 4845 agere
681 4783 800 4844 per
866 4768 1172 4828 virtutem
1230 4776 1341 4830 aut
1407 4770 1734 4831 actionem
1784 4786 1965 4832 rece-

421 4889 594 4960 ptam
641 4885 706 4946 in
745 4900 843 4958 se,
898 4885 1177 4962 perinde
1231 4886 1674 4964 philosophari
1721 4886 1969 4949 debent

86 5023 388 5076 consecutio
425 4999 506 5060 de
553 5000 1042 5079 principalibus,
1078 5006 1144 5064 et
1179 5001 1261 5064 de
1317 5005 1765 5066 instrumentis
1807 5005 1966 5085 phy·

91 5085 360 5153 opinandi.
425 5118 595 5191 sicis„
654 5120 707 5181 si
764 5120 893 5181 sint
947 5122 1092 5183 talis
1134 5122 1199 5182 in
1259 5124 1756 5186 actu-secundo
1804 5129 1963 5185 tota·

420 5233 596 5295 litate
631 5239 875 5299 virtutis
906 5243 973 5299 et
1002 5238 1295 5301 actioniS.
1332 5238 1682 5318 Cajetanus
1714 5245 1959 5315 autem,

418 5356 740 5428 utsupra
797 5355 1008 5414 visum
1079 5359 1201 5427 est,
1275 5354 1471 5418 docet
1542 5358 1960 5421 Sacramenta

420 5486 566 5532 esse
635 5472 1066 5535 instrumenta
1139 5475 1408 5554 physica
1469 5491 1588 5551 per
1631 5476 1747 5539 Dei
1806 5479 1959 5539 assi-

413 5591 744 5667 stentiam,
779 5596 890 5652 aut
922 5589 1120 5655 divini
1161 5590 1411 5672 imperii
1455 5592 1952 5670 intimationem,

607 5696 757 5748 Tom.
794 5697 938 5749 xw.

117 3389 318 3442 Gabfiel

112 3453 352 3510 affirmat.

3537 418 3655 482 545

2111 576 2241 638 qua
2287 563 2627 628 elevantur
2668 567 2753 629 ad
2812 569 2934 633 hoc
2996 590 3129 635 non
3174 593 3294 654 per
3355 578 3652 641 virtutem

2109 676 2395 754 aliquam
2433 689 2542 744 aut
2584 686 2950 748 motionem
3000 699 3378 770 receptam;
3416 712 3575 775 ergo
3607 697 3660 757 si

2109 792 2323 870 aliqua
2371 797 2538 858 actio
2587 805 2687 862 est
2730 803 3302 870 sacramentorum
3347 820 3661 891 respectu

2109 907 2407 983 effectu8‚
2475 920 2703 994 nequit
2777 937 2923 984 esse
2977 925 3211 998 totaliS‚
3275 927 3397 990 nisi
3463 930 3658 992 etiam

2106 1028 2572 1104 multiplicetur
2629 1036 2908 1100 effectus
2967 1050 3161 1119 prout
3213 1053 3377 1106 esta
3425 1047 3650 1109 Sacra·

2105 1146 2364 1218 mentis,
2424 1150 2575 1224 quia
2625 1152 2855 1215 eadem
2915 1164 3353 1238 repugnantia
3399 1179 3654 1223 accom-

2106 1259 2355 1322 modari
2411 1264 2512 1325 hic
2560 1274 2799 1344 potest,
2851 1271 3018 1335 sicut
3057 1280 3122 1336 et
3171 1278 3235 1338 in
3289 1278 3656 1339 actionibus

2104 1378 2558 1456 principalium
2615 1394 2919 1463 respectu
2991 1393 3294 1471 ejusdem
3352 1395 3649 1458 effectus

2104 1494 2344 1555 Suarez
2418 1498 2607 1558 etiam
2692 1501 2836 1563 loco
2925 1508 3257 1583 praemisso
3330 1511 3654 1587 approbat

2102 1610 2396 1683 modum,
2446 1632 2575 1693 quo
2642 1619 2751 1680 illa
2813 1619 2940 1682 duo
3002 1634 3476 1688 concurrerent
3533 1644 3653 1704 per

2099 1726 2369 1791 modum
2416 1735 2609 1795 unius
2639 1735 2702 1795 in
2735 1741 2882 1797 actu
2923 1741 3242 1802 secundo.

2180 1845 2254 1905 D.
2313 1848 2593 1913 Thomas
2662 1853 2766 1913 hic
2839 1859 3152 1932 supponit
3224 1875 3370 1920 esse
3443 1877 3646 1922 unum
3805 1881 3838 1930 2

2102 1962 2350 2022 tanturn
2408 1965 2924 2045 Sacramentum,
2982 1973 3162 2052 quod
3209 1974 3407 2036 docet
3451 1977 3645 2038 etiam
3677 1943 3989 2057 Dsgffggfflae

2099 2074 2291 2137 Sotus
2334 2081 2475 2140 disc.
2525 2084 2584 2143 4.
2639 2091 2856 2160 quaest.
2906 2090 3121 2159 unica,
3175 2096 3301 2149 art.
3342 2093 3402 2151 4.
3459 2092 3643 2153 Palu·
3675 2084 3993 2181 egssrffissffi

2099 2188 2312 2253 danus
2355 2197 2499 2256 dist.
2535 2198 2593 2258 3.
2630 2207 2846 2275 quaest.
2883 2204 2939 2262 2.
2974 2204 3235 2275 ibidem,
3271 2207 3641 2278 Durandus,
3767 2198 3894 2243 “¹¹¹¹-

2092 2307 2398 2386 Vasquez
2441 2314 2601 2389 disp.
2672 2318 2800 2377 148.
2861 2336 3002 2395 cap.
3076 2323 3137 2383 2.
3197 2328 3263 2383 et
3331 2324 3458 2385 alii.
3510 2324 3640 2385 Sed

2095 2430 2257 2489 ratio
2304 2428 2496 2510 hujus
2548 2435 2726 2496 varie
2798 2439 3189 2516 assignatur.
3239 2440 3457 2511 Sotus‚
3506 2443 3641 2502 Du-

2096 2545 2369 2639 randus,
2417 2548 2788 2612 Paludanus
2859 2561 3129 2616 sumunt
3168 2560 3487 2619 unitatem
3534 2559 3641 2619 Sa·

2095 2667 2415 2726 cramenti
2485 2667 2566 2728 ab
2638 2669 2884 2732 unitate.
2960 2673 3269 2750 subjecti;
3344 2678 3642 2756 Vasquez

2094 2784 2278 2856 putat
2356 2799 2504 2844 esse
2562 2801 2766 2846 unum
2836 2785 3197 2851 formaliter
3252 2794 3632 2856 Sacramen-

2093 2905 2252 2973 tum,
2324 2900 2480 2961 licet
2549 2904 2968 2967 materialiter
3052 2906 3404 2988 diversum,
3485 2917 3633 2990 quia
3753 2902 3904 2951 Ratio

3708 2963 3925 3015 unstafis

2091 3018 2500 3078 constituitur
2560 3019 2626 3079 in
2697 3036 2946 3100 genere
3012 3024 3179 3104 signi
3249 3023 3625 3104 formaliter,
3660 3024 3982 3139 Sacraassuenti

2089 3132 2277 3212 cujus
2333 3137 2549 3197 unitas
2619 3136 2683 3196 in
2741 3138 2940 3201 rebus
3010 3158 3283 3204 numero
3360 3143 3629 3208 diversis
3720 3151 3914 3228 unitate

2087 3244 2357 3326 reperiri
2417 3257 2656 3328 potest,
2725 3270 2857 3317 non
2915 3273 2996 3316 ex
3066 3261 3312 3321 unitate
3356 3262 3629 3341 physica
3660 3217 3983 3351 vesfbssfgssh-

2088 3381 2317 3427 eorum
2361 3373 2691 3441 constans,
2760 3372 2877 3432 sed
2939 3390 3019 3434 ex
3067 3378 3315 3438 unitate
3381 3378 3628 3456 signifi·
3711 3348 3940 3395 mmm&

2087 3481 2382 3544 cationis.
2435 3484 2538 3544 Sic
2570 3487 2635 3546 in
2685 3492 3047 3566 proposit0‚
3093 3492 3340 3581 ablutio
3389 3499 3456 3556 et
3486 3511 3632 3572 pro-

2084 3598 2235 3659 latio
2311 3598 2533 3663 formae
2603 3602 2776 3665 facta
2832 3623 2868 3666 a
2944 3606 3216 3670 diversis
3287 3612 3505 3688 simul,
3565 3614 3634 3674 in

2084 3717 2315 3781 ordine
2383 3719 2472 3781 ad
2544 3723 2857 3786 eumdem
2939 3725 3137 3789 finem
3199 3735 3266 3791 et
3309 3731 3632 3810 significa·

2086 3839 2246 3906 tum,
2311 3841 2715 3901 constituunt
2782 3858 2987 3904 unum
3047 3861 3321 3910 numero
3405 3849 3632 3910 Sacra-

2082 3958 2402 4023 mentum,
2451 3972 2582 4017 non
2622 3958 2799 4035 quod
2853 3960 2981 4021 sint
3031 3967 3253 4038 partes
3305 3965 3626 4043 ejusdem.

2164 4060 2392 4148 Reji'cit'
2462 4078 2776 4148 praeterea
2833 4076 3158 4138 rationem
3232 4079 3389 4152 Soti,
3480 4084 3635 4158 quia

2083 4201 2324 4264 nempe
2395 4188 2484 4249 ibi
2560 4196 2716 4252 sunt
2798 4192 3200 4268 prolationes
3274 4196 3497 4273 plures
3571 4202 3638 4259 et

2080 4303 2485 4377 ablutiones3
2532 4323 2690 4386 ergo
2742 4324 2874 4370 non
2929 4311 3242 4374 videntur
3273 4330 3349 4374 ex
3382 4319 3632 4379 unitate

2077 4421 2358 4499 subjecti
2419 4439 2565 4484 esse
2625 4439 2826 4486 unum
2904 4427 3430 4491 Sacramentum.
3505 4433 3635 4495 Re-

2079 4536 2366 4615 spondet
2409 4540 2586 4612 Soto‚
2633 4543 3031 4620 Baptismum
3078 4562 3458 4624 supponere
3513 4567 3631 4627 pro

2080 4654 2440 4731 ablutione,
2504 4673 2653 4737 quae
2719 4658 2788 4720 fit
2854 4662 2920 4722 in
2982 4664 3309 4743 subjectO,
3370 4673 3433 4727 et
3500 4683 3634 4728 non

2083 4786 2200 4847 pro
2246 4772 2613 4847 prolatione
2660 4781 2774 4836 aut
2832 4775 3066 4851 forma,
3132 4782 3283 4857 quia
3343 4778 3518 4856 dicit,
3565 4787 3636 4841 ut

2077 4905 2275 4966 supra
2326 4890 2536 4952 visum
2588 4898 2688 4954 est
2745 4896 3141 4956 distinctione
3189 4898 3245 4958 1.
3301 4904 3356 4957 ει
3406 4900 3467 4960 2.
3514 4900 3628 4959 Sa·

2080 5014 2415 5069 eramenta
2459 5025 2530 5069 se
2576 5010 2814 5071 habere
2862 5014 3030 5073 sicut
3075 5012 3443 5085 artificialia,
3492 5032 3635 5093 quae

2077 5131 2465 5202 supponunt
2511 5126 2574 5187 in
2619 5131 2801 5188 recto
2870 5146 2985 5205 pro
3044 5131 3341 5206 materia,
3391 5137 3458 5192 et
3501 5148 3633 5195 non

2074 5258 2192 5319 pro
2246 5240 2482 5304 forma.
2530 5244 2922 5305 Ablutiones
2976 5263 3137 5326 ergo
3191 5247 3331 5320 illae,
3379 5248 3630 5311 etiamsi

2072 5356 2136 5417 in
2185 5357 2464 5420 diversis
2513 5361 2807 5437 partibus
2856 5362 3134 5423 seorsim
3174 5362 3431 5437 fierent,
3466 5367 3632 5427 sicut

2075 5476 2367 5538 tribuunt
2440 5479 2741 5541 eamdem
2826 5479 3437 5544 denominationem
3511 5484 3623 5544 toti

2068 5594 2394 5674 subjecto,
2462 5611 2589 5674 qua
2650 5594 2886 5658 dicitur
2940 5600 3230 5660 ablutum
3313 5599 3617 5662 absolute

3415 5707 3475 5754 35
