4287 6313
1679 462 1877 526 DlsT.
1926 464 1972 525 1.
2007 464 2374 540 QUAESTIO
2411 467 2450 526 l.
3561 465 3637 526 33

431 628 718 707 propria,
752 632 817 690 et
847 627 1237 706 principium
1290 626 1436 706 ejus
1480 626 1543 687 in
1592 625 1983 687 instrumen-

431 748 494 806 to
532 761 608 806 ex
642 753 869 807 natura
902 745 996 805 rei
1041 744 1582 822 praerequisitum.

508 861 586 921 Et
650 860 701 920 si
779 861 942 921 ratio
1016 860 1373 922 reducatur
1447 857 1530 919 ad
1603 858 1983 934 exemplum

427 979 839 1053 propositum
883 993 920 1038 a
967 978 1043 1038 D.
1104 978 1374 1046 Thoma,
1450 975 1532 1036 de
1604 976 1817 1036 securi
1873 990 1977 1035 re-

430 1091 667 1170 quisita
716 1091 799 1152 ad
857 1092 1213 1154 dolandum
1267 1093 1470 1171 ligna,
1511 1095 1586 1152 ut
1627 1091 1981 1167 disponan-

434 1214 538 1270 tur
595 1207 682 1270 ad
738 1206 1014 1270 formam
1097 1208 1497 1271 artificialem
1564 1210 1811 1270 scamni
1872 1211 1983 1267 aut

431 1339 622 1397 arcae,
670 1341 813 1402 quae
854 1329 1083 1404 nequit
1135 1326 1201 1386 in
1241 1324 1388 1386 rudi
1439 1325 1705 1386 materia
1758 1322 1983 1384 induci

434 1456 558 1516 per
612 1440 948 1514 artificem,
1017 1441 1167 1519 quia
1221 1444 1396 1503 coire
1452 1455 1584 1500 non
1641 1445 1863 1520 potest
1921 1441 1984 1499 in

438 1554 867 1632 dispositione
894 1556 1002 1617 tali
1044 1554 1128 1617 ad
1161 1572 1553 1635 compagem
1602 1556 1985 1633 requisitam

434 1668 725 1736 artificii:
788 1672 911 1732 hoc
964 1671 1144 1733 idem
1188 1673 1468 1749 probare
1518 1679 1584 1733 et
1640 1671 1985 1733 intendere

439 1793 716 1860 constat,
826 1806 985 1869 ergo
1082 1804 1216 1851 non
1312 1791 1588 1852 cohaeret
1685 1793 1986 1853 doctrinae

433 1908 511 1966 D.
588 1907 869 1979 Thomae,
952 1909 1459 1970 instrumentum
1531 1907 1988 1969 universaliter

426 2039 568 2084 non
636 2021 882 2084 habere
964 2027 1291 2086 actionem
1370 2025 1817 2103 dispositivam
1903 2024 1988 2086 ad

431 2139 745 2199 effectum
801 2142 1060 2218 agentis
1131 2141 1504 2218 principalis
1577 2158 1655 2203 ex
1723 2142 1989 2220 propria

428 2249 671 2327 forma,
709 2270 782 2314 ac
828 2255 1106 2331 proinde
1151 2258 1387 2317 melius
1432 2259 1673 2319 Doctor
1714 2258 1991 2336 explicat

433 2369 617 2432 ittam
677 2371 1194 2447 propositionem
1254 2372 1426 2452 ejuS,
1486 2390 1682 2452 quam
1738 2371 1993 2451 praefati

439 2482 668 2562 quoad
737 2501 1027 2561 sensum,
1103 2504 1232 2567 quo
1302 2505 1452 2550 vera
1528 2505 1674 2551 esse
1737 2495 1989 2567 posset,

446 2604 747 2678 quamvis
792 2620 919 2665 nec
966 2608 1060 2667 sic
1101 2602 1295 2669 infert
1356 2611 1698 2672 intentum.

528 2718 836 2779 Secundo
885 2720 1298 2784 confundunt
1343 2723 1705 2787 doctrinam
1752 2724 1835 2785 de
1893 2725 1990 2787 in·

441 2836 850 2909 strumentiS,
915 2840 1100 2915 quasi
1165 2840 1622 2903 universaliter
1684 2840 1860 2903 idem
1920 2844 2002 2904 sit

437 2948 687 3011 modus
717 2954 1031 3029 operandi
1061 2961 1354 3021 omnium
1392 2960 1995 3030 instrumentorum,

441 3082 599 3143 quae
682 3085 767 3131 ne
846 3070 1123 3133 univoce
1217 3072 1486 3151 quidem
1575 3074 1995 3147 conveniunt,

442 3200 677 3263 neque
750 3190 1121 3251 secundum
1181 3191 1492 3253 eumdem
1557 3191 1827 3253 modum
1899 3192 2000 3253 di-

444 3309 688 3364 cuntur
754 3304 1205 3371 instrumenta.
1306 3309 1753 3388 propriissime
1827 3309 2002 3370 enim

446 3415 762 3479 dicuntur
828 3423 1261 3484 instrumenta
1331 3423 1623 3504 physica,
1700 3440 1777 3484 ea
1850 3439 1999 3502 quae

187 3587 225 3637 D
228 3589 359 3653 aph
445 3538 610 3594 sunt
679 3539 854 3609 artiS,
930 3539 1053 3600 alia
1133 3557 1254 3618 per
1323 3541 1817 3618 proportionem
1921 3537 2001 3599 ad

152 3665 425 3764 sfflffo-
451 3649 620 3724 baec,
652 3654 808 3730 quia
864 3658 1017 3717 artis
1062 3656 1503 3719 instrumenta
1559 3647 2003 3719 habent'sub-

442 3765 942 3830 ordinationem
1026 3772 1110 3833 ad
1208 3773 1563 3852 principale
1645 3789 1878 3854 agens,
1971 3788 2006 3831 a

210 3790 335 3827 rum.

152 3836 427 4013 ᾖα.
451 3901 591 3963 quo
674 3887 996 3963 recipiunt
1086 3891 1479 3968 principium
1565 3892 1861 3965 actioniS,
1946 3897 2011 3952 et

388 4002 403 4016 ⁰
449 3998 673 4076 ipsam
719 4003 1066 4076 actionem,
1108 4013 1676 4083 nempemotum,
1720 4007 1871 4084 quia
1915 4006 2005 4068 in·

450 4120 833 4178 strumento
886 4128 1277 4197 cooperatur
1318 4125 1383 4182 in
1430 4125 1718 4185 motione
1773 4120 2011 4182 actuali

451 4229 539 4290 ad
604 4245 1095 4312 quemcumque
1150 4236 1461 4298 effectum
1523 4237 1802 4317 attingit.
1860 4238 2009 4297 llaec

455 4343 592 4404 duo
667 4348 736 4407 in
802 4348 939 4409 aliis
994 4351 1442 4414 instrumentis
1493 4352 1684 4413 simul
1737 4369 1870 4413 non
1915 4351 2010 4412 in-

454 4463 842 4535 veniuntur,
907 4465 1028 4526 sed
1088 4468 1462 4543 separatim,
1521 4471 1587 4528 et
1642 4467 2010 4530 secundum

201 4596 395 4669 Sama.
457 4581 989 4653 proportionem,
1021 4585 1095 4642 ut
1136 4583 1203 4642 in
1252 4599 1446 4644 causa
1492 4582 1808 4655 secunda,
1860 4597 2010 4661 quae

185 4670 708 4774 afflffidicitur
776 4698 1287 4762 instrumentum
1342 4702 1485 4775 Dei,

263 4791 315 4837 tl.

1564 4707 1630 4762 et
1698 4702 1933 4779 recipit
1976 4719 2013 4762 a

458 4812 600 4873 Deo
661 4814 971 4874 virtutem
1029 4832 1179 4877 cum
1223 4819 1516 4892 entitate,
1575 4833 1773 4896 quam
1814 4818 2016 4879 habet

455 4928 521 4989 in
563 4946 723 4991 esse
769 4933 1018 5008 quieto,
1061 4936 1143 4993 ‘et
1195 4949 1277 4994 ex
1334 4934 1592 5011 propria
1662 4933 1894 5010 forma,
1948 4938 2014 4998 in

459 5061 593 5128 quo
648 5045 871 5107 differt
933 5047 1013 5109 ab
1071 5048 1511 5112 instrumento
1561 5049 1768 5126 primo
1816 5049 2013 5112 modo

456 5168 757 5241 sumpto,
834 5166 1024 5244 cujus
1065 5170 1269 5229 virtus
1324 5172 1425 5229 est
1484 5166 1911 5242 superaddita
1951 5167 2018 5228 in

458 5279 599 5358 ipsa
656 5281 897 5341 actuali
945 5285 1274 5354 motione;
1326 5290 1389 5345 et
1446 5285 1773 5344 concurrit
1826 5283 2020 5342 etiam

461 5394 643 5454 Deus
699 5410 853 5455 cum
901 5412 1094 5458 causa
1137 5396 1434 5459 secunda
1482 5398 1549 5458 in
1594 5398 1729 5475 ipsa
1787 5397 2025 5458 actuali

464 5512 890 5586 operatione,
944 5513 1062 5574 sed
1122 5515 1308 5576 aliter
1370 5530 1565 5594 quam
1625 5514 2022 5591 principaliS,

468 5641 619 5688 cum
670 5628 1109 5692 instrumento
1164 5633 1344 5707 artis,
1393 5633 1543 5711 quia
1594 5633 1728 5693 liaec
1774 5648 1894 5709 per
1938 5634 2029 5692 in-

598 5722 764 5776 Tom.
798 5723 944 5778 xv1.

2087 625 2336 688 fluxum
2375 626 2751 690 immediate
2800 628 3195 705 impressum
3238 628 3635 689 instrumen-

2095 747 2157 803 to
2217 744 2474 822 attingit
2535 744 2873 819 effectum,
2941 746 3374 806 instrumento
3457 739 3634 803 defe-

2081 862 2280 923 rente
2341 858 2657 920 influxum
2731 859 2814 921 ad
2878 875 3168 937 passum,
3228 864 3300 920 ut
3370 856 3634 935 quando

2090 990 2326 1035 manus
2405 976 2740 1037 mediante
2823 979 3069 1055 calamo
3143 976 3388 1038 scribit.
3466 975 3640 1034 Deus

2093 1097 2317 1154 autem
2381 1109 2528 1153 cum
2587 1109 2783 1154 causa
2846 1091 3142 1155 secunda
3204 1107 3440 1170 agens,
3507 1107 3643 1153 non

2093 1207 2299 1270 influit
2367 1210 2433 1269 in
2485 1210 2715 1287 ipsam,
2777 1210 2896 1271 sed
2970 1212 3186 1287 coagit
3247 1209 3316 1270 in
3374 1224 3644 1285 passum

2093 1324 2496 1398 immediate,
2544 1341 2665 1386 seu
2715 1325 2795 1386 ad
2851 1326 3182 1387 effectum.
3232 1328 3306 1386 Et
3359 1325 3463 1385 hic
3508 1340 3641 1386 ser-

2093 1445 2284 1501 vat-ur
2344 1441 2554 1520 major
2610 1442 2943 1520 proportio
2987 1441 3070 1503 ad
3130 1442 3642 1501 instrumentum

2097 1558 2382 1635 proprie,
2458 1575 2594 1619 non
2669 1563 2890 1619 tamen
2967 1557 3321 1620 similitudo
3391 1555 3639 1629 formae,

2096 1678 2213 1736 aut
2253 1674 2433 1737 modi
2477 1676 2843 1737 secundum
2888 1674 3439 1737 univocationem.

2175 1793 2389 1852 Tertio
2426 1789 2615 1851 modo
2650 1791 3012 1851 accidentia
3059 1795 3262 1870 agunt
3303 1793 3367 1852 in
3409 1791 3643 1851 virtute
3732 1793 3906 1863 Tertia

2099 1906 2496 1975 substantia),
2542 1902 2952 1981 disponendo
3015 1903 3098 1965 ad
3156 1903 3428 1964 formam
3487 1904 3644 1964 sub·
3707 1860 3957 1922 acceptio.

2099 2020 2490 2081 stantialem.
2539 2021 2649 2080 llic
2680 2020 3007 2081 invenitur
3054 2025 3302 2081 tantum
3344 2017 3647 2081 subordi-

2101 2137 2276 2197 natio
2309 2137 2580 2197 actionis
2611 2134 2696 2195 ad
2727 2140 3075 2206 actionem,
3110 2140 3177 2195 et
3207 2134 3656 2212 dependentia

2102 2250 2328 2314 formae
2363 2252 2788 2314 accidentalis
2819 2252 2903 2314 ad
2934 2252 3392 2325 substantiam,
3426 2252 3491 2311 in
3523 2266 3654 2328 qua

2105 2373 2228 2443 est,
2289 2374 2355 2429 et
2411 2387 2446 2429 a
2507 2386 2635 2446 qua
2688 2375 2950 2430 emanat
2997 2370 3139 2431 sine
3191 2383 3537 2440 concursu,
3594 2372 3660 2428 et

2104 2485 2397 2548 motione
2429 2485 2662 2546 actuali
2694 2485 3068 2546 substantiae
3098 2487 3409 2560 respectu
3442 2482 3660 2561 dispo·

2104 2601 2355 2660 sitionis
2385 2600 2703 2673 inductae;
2752 2600 2963 2661 minor
2992 2616 3149 2678 ergo
3195 2601 3527 2677 proportio
3571 2596 3658 2659 ad

2105 2713 2612 2775 instrumentum
2655 2713 2916 2791 proprie
2952 2714 3223 2775 dictum.

2190 2832 2428 2907 Quarto
2504 2831 2736 2892 dicitur
2794 2828 3319 2901 instrumentum,
3390 2828 3653 2907 quando
3749 2844 3947 2915 Quarta

2110 2965 2143 3007 a
2181 2950 2391 3009 causis
2422 2946 2641 3009 liberis
2675 2948 3082 3025 applicantur
3117 2948 3324 3008 activa
3356 2944 3654 3022 passiviS,
3712 2913 3961 2972 accepuo.

2111 3062 2197 3122 ad
2242 3060 2441 3123 finem
2489 3062 2754 3123 alterius
2795 3060 3071 3122 effectus
3103 3060 3184 3121 ab
3215 3059 3373 3136 ipsis
3403 3060 3658 3133 intenti,

2113 3186 2184 3242 ut
2225 3177 2506 3240 artifices
2551 3179 2905 3256 applicant,
2940 3177 3081 3237 talis
3126 3179 3226 3236 est
3266 3177 3465 3236 virtus
3494 3173 3664 3253 ignis

2113 3297 2180 3357 in
2254 3294 2703 3372 excoquendis
2765 3297 2830 3354 et
2880 3290 3291 3354 macerandis
3340 3289 3659 3363 metallis;

2114 3411 2219 3472 liic
2267 3416 2488 3471 autem
2534 3410 2748 3469 minus
2799 3412 3096 3468 servatur
3147 3405 3518 3484 proprietas
3566 3403 3662 3462 in-

2114 3526 2485 3594 strumenti,
2525 3522 2677 3599 quia
2709 3536 2831 3581 nec
2863 3520 3032 3598 ignis
3075 3520 3141 3579 in
3186 3518 3421 3579 virtute
3466 3513 3668 3593 appli-

2119 3644 2324 3704 cantis
2380 3647 2714 3719 operatur,
2770 3652 2989 3716 neque
3041 3635 3278 3713 recipit
3317 3630 3524 3694 ullum
3567 3633 3662 3692 in-

2115 3757 2385 3830 ssuxum,
2421 3774 2545 3818 nec
2576 3759 2742 3817 actio
2778 3753 2922 3832 ejus
2955 3750 3170 3813 eidem
3204 3748 3670 3811 subordinatur

2121 3891 2203 3934 ex
2233 3880 2466 3935 natura
2511 3872 2627 3943 rei,
2661 3868 2783 3930 sed
2816 3872 3067 3928 tantum
3100 3868 3253 3944 quia
3282 3866 3484 3925 utitur
3523 3863 3669 3942 ejus

2121 3991 2377 4050 actione
2411 3987 2489 4049 ad
2524 3988 2724 4049 alium
2764 3984 3072 4046 effectum
3111 3983 3461 4051 intentum,
3508 3978 3672 4039 dici-

2126 4111 2227 4165 tur
2282 4109 2811 4167 instrumentum.
2861 4098 3051 4176 Quod
3110 4114 3269 4176 ergo
3332 4097 3672 4175 proprium

2123 4229 2223 4283 est
2250 4221 2662 4282 instrumenti
2704 4224 2935 4295 quarto
2984 4219 3051 4275 et
3103 4212 3291 4276 tertio
3339 4211 3561 4284 mod0,
3608 4212 3671 4273 hi

2124 4341 2439 4400 Doctores
2484 4333 2880 4397 transferunt
2909 4331 2993 4392 ad
3023 4332 3345 4391 rationem
3378 4343 3674 4388 commu-

2123 4471 2271 4516 nem
2304 4451 2739 4522 instrumenti,
2775 4448 2953 4528 quod
2991 4451 3094 4508 est
3141 4461 3342 4524 agere
3389 4460 3471 4504 ex
3518 4459 3674 4520 pro-

2123 4577 2263 4652 pria
2333 4572 2562 4644 forma,
2641 4576 2706 4633 et
2769 4568 3144 4645 dispositive
3217 4565 3301 4629 ad
3365 4565 3677 4626 effectum

2126 4707 2337 4752 causae
2366 4687 2758 4765 principaliS,
2811 4684 2990 4763 quod
3044 4687 3144 4744 est
3197 4680 3562 4759 procedere
3595 4679 3676 4740 ab

2124 4822 2256 4866 uno
2301 4806 2783 4881 aequivocorum
2828 4798 2912 4860 ad
2957 4798 3104 4860 alia.

2207 4920 2523 4980 Probatur
2568 4933 2725 4995 ergo
2779 4911 3244 4994 propositionis
3295 4913 3464 4973 illius
3505 4910 3677 4973 falsi·

2129 5048 2245 5113 tas,
2278 5039 2342 5100 in
2375 5056 2452 5100 ea
2481 5035 2994 5110 universalitate,
3027 5034 3219 5114 (sicut
3259 5033 3384 5111 ipsi
3425 5034 3689 5094 conclu·
3828 5048 3911 5098 26.
3967 5108 3979 5118 ,

2132 5159 2296 5219 dunt
2342 5172 2422 5217 ex
2467 5153 2676 5215 forma
2720 5155 2927 5215 activa
2979 5154 3394 5215 instrumenti
3443 5167 3672 5227 opera·
3738 5110 4014 5237 ffissssgffssf'

2134 5275 2379 5334 tionem
2431 5271 2764 5350 propriam
2807 5269 2951 5348 ejus
2995 5287 3032 5330 a
3081 5284 3283 5330 sensu
3335 5264 3683 5345 contrario)
3817 5240 3932 5286 ω’·

2132 5391 2247 5451 ubi
2306 5389 2482 5449 nulla
2541 5392 2639 5448 est
2709 5385 2918 5447 forma
2991 5388 3200 5448 activa
3269 5383 3682 5446 instrumenti

2138 5505 2423 5582 prop1ia,
2482 5504 2662 5563 nulla
2736 5501 2932 5562 etiam
3003 5506 3104 5561 est
3174 5499 3317 5577 ejus
3389 5496 3684 5574 operatio

2142 5620 2560 5698 dispositiva;
2605 5617 2726 5679 sed
2769 5617 3202 5678 instrumenta
3238 5613 3397 5673 artis
3444 5611 3690 5671 nullam

3516 5717 3545 5767 3
