4287 6313
609 434 723 500 168

594 587 1154 691 suscipientis,
1219 598 1493 691 gratia
1532 598 1803 669 autem
1856 615 2140 669 causa-

599 718 732 787 tur
800 715 877 787 in
945 715 1240 799 anima,
1294 715 1481 806 quia
1552 713 1876 794 sufficit,
1937 713 2141 804 quod

591 830 1019 924 dispositio
1062 838 1142 906 et
1185 832 1451 904 forma
1495 832 1656 903 sint
1712 830 1792 902 in
1863 830 2139 901 codem

595 948 1050 1040 supposito,
1113 953 1192 1021 et
1258 948 1609 1020 maxime
1672 947 1979 1040 quando
2038 946 2145 1017 di-

520 1112 523 1157 ÷
598 1063 944 1156 spositio
979 1085 1137 1136 non
1172 1069 1296 1138 est
1327 1063 1754 1156 dispositio
1789 1084 1886 1135 ex
1912 1067 2145 1155 parte

600 1181 745 1264 rei,
820 1182 953 1259 sed
996 1180 1074 1253 in
1112 1182 1390 1255 ordine
1443 1183 1535 1255 ad
1577 1201 1825 1273 agens
1866 1181 2146 1254 volun-

599 1300 811 1374 tarie
870 1320 1216 1372 causans
1296 1298 1764 1374 terminum.

374 1431 457 1479 1⁴-
563 1488 574 1500 ,
693 1418 806 1490 Ad
866 1416 1367 1491 intellectum
1436 1417 1518 1506 (l)
1589 1416 1827 1508 hujus
1898 1414 2149 1488 scien-

248 1493 577 1626 Ῑηεινᾞῗὲἒηυ
601 1533 811 1614 (lum,
853 1534 1058 1625 quod
1111 1538 1617 1602 instrumentum
1666 1532 2150 1605 communis-

281 1622 526 1735 ⁸⁰⁰ffif⁰‘
598 1650 798 1722 sime
877 1655 1293 1744 acceptum
1378 1651 1842 1723 extenditur
1910 1668 2151 1740 quan-

597 1768 854 1860 doque
931 1770 1025 1840 ad
1104 1788 1434 1841 causam
1525 1767 1978 1848 secundam,
2063 1769 2150 1837 ut

603 1888 913 1958 tactum
989 1888 1113 1957 est
1194 1885 1272 1958 in
1343 1885 1611 1976 prima
1679 1883 2148 1976 quaestione,

606 2000 939 2094 proprie
1051 2007 1332 2075 autem'
1420 2003 1505 2072 ut
1620 1999 2155 2091 distinguitur

606 2123 897 2191 contra
931 2139 1263 2191 causam
1299 2119 1765 2198 secundam:
1804 2118 2156 2209 quando-

611 2253 760 2324 que
827 2254 1025 2306 vero
1094 2234 1499 2327 accipitur
1577 2254 1724 2326 pro
1800 2253 1894 2305 eo
1948 2230 2152 2323 quod

609 2351 999 2441 estpars,
1064 2370 1208 2443 per
1278 2370 1517 2442 quarn
1604 2353 1869 2424 totum
1939 2346 2149 2438 agiu

608 2470 688 2540 et
732 2467 847 2540 sic
882 2466 1248 2559 loquitur
1280 2468 1821 2561 Philosophus
1850 2487 2153 2539 vocans

262 2605 417 2675 Τωςι.
451 2604 498 2654 6.
530 2585 673 2654 022.
746 2587 828 2651 de
902 2590 1172 2667 Anima,
1238 2566 1584 2677 organa'
1624 2604 2006 2656 sensuum
2075 2584 2154 2654 et

353 2666 488 2716 ΜΘ·
610 2699 965 2773 aliarum
1027 2702 1585 2794 potentiarum
1663 2701 2158 2774 instrumen-

609 2819 718 2898 ta,
794 2819 963 2892 sive
1042 2824 1320 2912 partes
1384 2839 1529 2912 per
1598 2838 1794 2909 quas
1891 2820 2155 2890 totum

612 2942 1004 3033 operatur
1087 2936 1295 3007 tales
1358 2935 1903 3027 operationes.
1977 2935 2157 3007 Alio

611 3057 843 3131 modo
878 3056 1514 3129 instrumentum
1573 3052 1871 3126 dicitur
1912 3072 2162 3124 causa

610 3175 877 3248 activa
918 3172 1013 3244 ad
1075 3169 1691 3262 dispositionem
1738 3171 2156 3262 praeviam.

514 3367 517 3378 ,
611 3290 890 3365 Tertio
973 3288 1206 3361 modo
1283 3286 1580 3360 dicitur
1675 3287 2164 3362 instrumen-

614 3420 813 3497 tum,
871 3413 1081 3488 sicut
1142 3411 1776 3486 instrumentum
1842 3413 1922 3484 in
1954 3417 2158 3494 arte,

616 3536 695 3605 et
745 3530 843 3603 ab
883 3529 1043 3603 isto
1107 3529 1370 3623 primo
1414 3533 1770 3602 tractum
1831 3533 1955 3602 est
2012 3529 2166 3601 hoc

627 3647 1142 3720 vocabulum.

712 3766 828 3837 De
895 3764 1056 3838 isto
1135 3768 1409 3838 autem
1458 3763 1781 3837 dubium
1842 3767 1992 3850 est,
2066 3786 2167 3838 an

301 3862 560 3976 ⁰⁰30,st
626 3883 732 3956 sit
810 3882 1166 3956 activum
1233 3882 1634 3976 proprie?
1695 3888 1775 3956 et
1852 3885 2171 3958 videtur

332 4003 463 4038 ⁰⁰¹³·
511 3986 593 4038 ²⁴·
628 3998 1124 4093 probabilius
1168 4002 1373 4092 quod
1431 4023 1615 4074 non.
1665 4007 1912 4076 Serra
1953 4005 2167 4078 enim

279 4055 597 4103 Instrumen-

415 4119 467 4163 ¹⁸
624 4136 782 4190 non
823 4116 1064 4191 habet
1099 4116 1175 4188 in
1211 4138 1320 4201 sc,
1382 4119 1538 4190 nisi
1600 4120 2164 4212 quantitatem,

310 4185 549 4353 υέἓιῖἓὲεθ
621 4234 997 4326 figuram,
1072 4238 1153 4307 et
1224 4240 1532 4308 motum
1630 4238 1997 4322 localem,
2079 4239 2171 4310 dc

512 4339 525 4354 ⁸
625 4354 910 4448 quibus
977 4353 1341 4426 omnibus
1418 4356 1641 4447 patet
1738 4355 1943 4447 quod
2011 4375 2170 4427 non

626 4478 811 4547 sunt
854 4471 1142 4544 formae
1183 4471 1494 4546 activae.
1579 4474 1678 4546 Et
1741 4471 2165 4564 probatur,

626 4589 816 4682 quia
858 4587 1103 4662 aliter
1137 4586 1766 4661 Mathematicus
1809 4587 2172 4660 conside-

626 4706 875 4778 rando
945 4708 1333 4797 quantum
1422 4703 1902 4794 figuratum,
2014 4723 2173 4775 non

623 4819 1145 4894 abstraheret
1187 4838 1234 4891 a
1276 4822 1525 4893 motu.
1584 4818 1665 4893 Si
1718 4824 1989 4894 autem
2035 4841 2166 4913 po-

622 4942 890 5020 natur,
961 4937 1164 5030 quod
1229 4935 1570 5010 durities
1637 4935 1743 5009 sit
1815 4936 2167 5029 qualitas

624 5055 919 5137 activa,
965 5053 1115 5125 hoc
1174 5052 1375 5124 nihil
1426 5056 1574 5138 est,
1623 5052 1811 5144 quia
1845 5052 1911 5123 si
1957 5053 2173 5126 Deus

622 5174 714 5245 de
749 5171 1116 5265 potentia
1148 5170 1544 5250 absoluta,
1573 5169 1899 5261 aliquod
1934 5190 2174 5261 quan-

626 5296 800 5364 tum
853 5288 1095 5360 molle
1153 5290 1683 5360 conservaret
1754 5285 1831 5357 in
1900 5286 2174 5358 eadem

631 5405 1089 5499 quantitate
1127 5408 1207 5476 et
1248 5403 1537 5493 figura,
1632 5403 2017 5475 movendo
2065 5400 2177 5494 ip·

635 5546 813 5599 sum
855 5523 1258 5605 localiter,
1305 5543 1529 5614 aeque
1589 5521 1975 5594 divideret
2038 5520 2178 5593 ali-

637 5642 843 5735 quod
911 5661 1234 5734 corpuS,
1304 5639 1515 5714 sicut
1580 5638 1810 5711 modo
1881 5637 2179 5711 instru-

370 3799 505 3850 Vide

1747 436 1886 500 LlB.
1934 436 2032 498 lv,
2081 434 2669 498 SENTENTlARUM

2255 599 2611 670 mentum
2656 597 2946 668 durum
3021 595 3342 679 dividit;
3408 615 3605 687 ergo
3670 598 3801 671 du-
3919 626 4073 675 serm

2256 711 2514 794 rities,
2563 734 2736 805 quae
2813 718 2938 786 est
3017 713 3385 805 qualitas,
3448 734 3610 786 non
3677 719 3802 788 est
3829 689 4122 815 fmss‘i'ussm

3906 815 4077 873 eflicit,

2255 830 2604 903 formale
2687 830 3182 923 principium
3270 831 3583 922 agendi.
3646 832 3805 925 Ap-
3920 890 4072 939 qm,

2256 951 2490 1039 paret
2581 951 2856 1020 tamen
2944 967 3125 1019 esse
3198 967 3347 1040 pro
3416 969 3510 1020 eo
3600 949 3804 1041 quod
3905 939 4088 1003 ”finem

2256 1069 2380 1138 est
2441 1065 2800 1157 quaedam
2873 1064 3492 1157 impassibilitas
3571 1066 3810 1138 resis-

2259 1188 2437 1259 tens
2483 1183 3083 1276 corrumpenti;
3130 1186 3503 1255 manente
3538 1187 3804 1258 autem

2263 1301 2716 1395 quantitate
2771 1299 3149 1393 corporis
3179 1301 3256 1372 et
3315 1299 3605 1391 figura,
3651 1321 3812 1373 non

2265 1423 2580 1493 mutato
2624 1417 2811 1501 ali0,
2866 1438 3011 1489 nec
3088 1420 3508 1509 corruptO,
3567 1417 3635 1490 si
3705 1418 3816 1490 lo-

2265 1536 2557 1610 caliter
2613 1538 3018 1616 movetur,
3058 1538 3387 1627 oportet
3433 1535 3634 1626 quod
3685 1555 3815 1607 ex-

2266 1655 2516 1749 pellat
2566 1652 2780 1725 aliud
2816 1651 3537 1744 proportionatum
3575 1672 3816 1744 quan-

2266 1771 2490 1847 titati
2523 1777 2603 1843 et
2662 1769 2972 1860 figurae,
3019 1767 3227 1863 quod
3277 1788 3436 1840 non
3490 1773 3817 1861 oporte-

2267 1894 2418 1972 ret,
2467 1888 2534 1960 si
2595 1885 2770 1981 ejus
2832 1886 3250 1978 quantitas
3318 1905 3479 1957 non
3552 1904 3817 1958 mane-

2266 2007 2416 2087 ret,
2456 2003 2584 2075 sed
2629 2003 2971 2084 cederet,
3011 2001 3219 2074 sicut
3266 2004 3390 2074 est
3421 2000 3512 2073 de
3557 2001 3809 2074 molli.

2356 2119 3032 2193 Probaturetiam
3055 2118 3597 2211 propositum,
3627 2117 3812 2210 quia
3918 2130 4048 2244 Nifg

2266 2241 2745 2331 ubicumque
2786 2241 2907 2310 est
2942 2235 3318 2310 formalis
3361 2235 3811 2331 incompas-
3964 2208 3995 2243 ⁰
4059 2231 4073 2245 ’

2266 2355 2616 2429 sibilitas
2651 2355 2729 2426 in
2763 2356 3172 2436 creatura,
3201 2374 3448 2427 unum
3480 2354 3815 2431 illorum

2266 2493 2427 2546 non
2467 2471 2803 2564 expellit
2836 2470 3048 2543 aliud
3102 2471 3390 2555 active,
3456 2472 3590 2544 sed
3646 2478 3819 2546 tan-

2268 2596 2442 2664 tum
2485 2587 2977 2670 formaliter;
3016 2607 3263 2679 agens
3299 2593 3569 2662 autem
3604 2589 3818 2661 indu·

2268 2728 2457 2780 cens
2510 2726 2754 2778 unum
2789 2705 3188 2790 effective,
3225 2707 3562 2800 expellit
3603 2706 3815 2779 aliud

2269 2822 2677 2904 effective;
2717 2843 3071 2914 corpora
3114 2826 3385 2895 autem
3442 2823 3820 2897 videntur

2271 2940 2566 3012 habere
2604 2938 3501 3031 incompassibilitatem
3555 2960 3817 3033 respe-

2274 3061 2409 3130 ctu
2474 3059 2588 3124 ubi
2635 3055 3014 3150 ejusdem,
3091 3057 3302 3131 siout
3381 3057 3816 3150 qualitates

2276 3172 2716 3247 contrariae
2770 3177 3142 3266 respectu
3222 3166 3600 3266 ejusdem
3639 3175 3818 3248 sub-

2269 3290 2493 3386 jecti.
2558 3291 2782 3365 Sicut
2817 3309 3013 3381 ergo
3077 3290 3281 3363 idem
3342 3309 3593 3380 agens
3635 3289 3818 3364 effe-

2277 3407 2489 3481 ctive
2560 3406 2858 3480 inducit
2920 3406 3308 3487 calorem,
3383 3405 3496 3479 ita
3556 3406 3817 3498 frigus

2277 3523 2650 3615 expellit;
2687 3542 2846 3594 non
2883 3527 3152 3595 autem
3195 3520 3567 3595 effective
3591 3525 3821 3596 calor

2277 3640 2613 3733 expellit
2672 3639 2958 3730 frigus,
3049 3639 3183 3712 sed
3268 3644 3586 3714 tantum
3661 3638 3820 3712 for-

2282 3758 2634 3831 maliter.

2373 3877 2496 3948 Ita
2557 3875 2636 3946 in
2692 3872 3118 3965 proposito
3187 3874 3279 3946 de
3347 3873 3823 3966 expulsione
3940 3914 4099 3972 Sem

2280 3991 2658 4083 corporis
2712 3989 2809 4061 ab
2857 3992 2998 4072 ubi,
3041 4010 3184 4082 per
3217 3991 3430 4064 aliud
3491 4011 3819 4084 corpuS.
3902 3999 3968 4095 ’ἐξ
3995 3985 4121 4095 ξυῑξὶῑ

2280 4107 2591 4181 Divisio
2652 4110 2919 4179 autem
3003 4104 3204 4198 ligni
3283 4125 3428 4198 per
3504 4127 3823 4179 serram
3869 4125 4180 4222 soffsssa‘iissr

2282 4225 2410 4297 vel
2447 4222 2829 4303 securim,
2866 4242 3026 4294 non
3067 4226 3192 4297 est
3234 4222 3390 4295 nisi
3463 4224 3822 4315 quaedam
3903 4241 4144 4288 tantum.

2282 4342 2651 4434 expulsio
2715 4339 3074 4433 partium
3117 4340 3215 4411 ab
3261 4342 3397 4422 ubi,
3457 4342 3552 4413 ad
3622 4342 3825 4433 quod

2285 4465 2658 4531 movetur
2716 4455 3028 4528 securis
3079 4455 3177 4527 ab
3245 4456 3422 4548 ipso
3482 4456 3822 4544 artifice,

2287 4573 2659 4648 cedendo.

2374 4689 2739 4761 Tenendo
2785 4689 3063 4781 igitur,
3104 4689 3309 4782 quod
3343 4688 3830 4760 instrumen-

2287 4811 2368 4879 ta
2410 4804 2880 4880 artificialia
2922 4826 3079 4877 non
3123 4808 3307 4876 sunt
3361 4803 3832 4878 formaliter

2288 4922 2578 5005 activa,
2617 4924 2750 4995 sed
2817 4927 3136 4996 tantum
3190 4924 3374 4994 sunt
3419 4922 3833 5014 receptiva

2287 5041 2703 5132 cuiusdam
2747 5036 3089 5112 effectus
3152 5039 3458 5131 prioris
3516 5039 3829 5111 ordina·
3889 5068 3897 5086 ν

2289 5159 2349 5233 ti
2420 5158 2515 5231 ad
2566 5156 2949 5229 effectum
3012 5155 3416 5237 ultimum,
3490 5158 3829 5247 apparet

2290 5276 2553 5367 magis
2615 5273 3152 5366 propositum,
3210 5274 3607 5365 quomodo
3697 5276 3833 5346 Sa-

2290 5396 2801 5466 cramentum
2856 5393 3122 5483 potcst
3155 5388 3304 5462 dici
3342 5389 3832 5462 instrumen-

2287 5511 2489 5589 tum,
2554 5503 2741 5577 licet
2840 5522 2998 5574 non
3078 5501 3369 5574 habeat
3443 5501 3836 5573 virtutem

2296 5625 2649 5699 activam
2683 5621 3016 5716 proprie
3060 5622 3431 5714 respectu
3476 5618 3832 5703 termini,
