4287 6313
168 825 262 873 Non

127 885 313 955 supponit

100 956 318 998 materiam.

114 1652 187 1700 800
214 1652 353 1701 subor-

153 1715 308 1762 dinatur

171 1792 299 1825 caus-‘e

154 1846 296 1888 creetae

117 1900 338 1962 dependenti

115 1979 133 2009 a
162 1964 341 2013 materia.

116 2719 189 2764 Neu
210 2721 350 2768 sub-or·

121 2780 319 2903 ¹ffiz
373 2797 687 2870 tanquam
727 2782 1138 2869 applicante3
1175 2788 1237 2848 et
1270 2782 1392 2849 hoc
1424 2802 1578 2861 non,
1615 2782 1767 2869 quia
1797 2783 1929 2848 vir-

112 3702 213 3770 Essset
234 3710 352 3755 actu-

112 3767 332 3819 aii-simum.

1597 409 1803 473 Dls'r.
1856 406 1897 471 l.
1935 399 2297 482 QUAES'rio
2351 407 2400 474 1.
3524 400 3604 466 61

381 570 850 668 praerequisita‚
921 572 1093 649 sicut
1165 598 1492 668 generans
1562 576 1741 663 prius
1791 570 1928 658 agit

379 717 493 781 per
547 698 821 764 formam
881 699 1344 766 accidentalem
1415 697 1483 762 in
1557 691 1923 768 materiam,

380 812 582 900 ipsam
617 813 1052 900 disponend0‚
1087 834 1281 902 quam
1315 832 1429 900 per
1462 811 1736 877 formam
1770 806 1928 873 sub·

381 929 789 1010 stantialem;
834 930 900 996 in
942 931 1275 1019 proposito
1326 940 1543 995 autem
1606 945 1736 992 non
1776 942 1929 1008 sup-

380 1049 645 1135 ponitur
700 1047 777 1113 ad
828 1046 1181 1113 terminum
1241 1042 1616 1120 creationis,
1662 1039 1773 1128 qui
1832 1048 1931 1106 est

380 1184 458 1229 ex
496 1162 729 1241 nihilo,
767 1160 983 1248 aliqua
1010 1160 1278 1227 materia
1310 1156 1736 1245 disponenda,
1773 1173 1931 1240 ergo

380 1299 590 1365 neque
633 1276 1028 1364 principium
1066 1276 1415 1344 creationis
1464 1271 1933 1341 subordinatur

378 1393 565 1460 alicui
616 1391 806 1459 alteri
854 1391 1038 1477 prius
1068 1390 1291 1479 agenti
1343 1411 1459 1477 per
1491 1387 1756 1454 modum
1798 1384 1930 1452 dis-

382 1508 711 1594 ponentiS.

464 1625 578 1690 Vel
629 1624 913 1711 denique
961 1625 1103 1690 haec
1141 1620 1586 1689 subordinatio
1629 1630 1804 1687 esset
1849 1639 1931 1683 ex

380 1740 811 1826 dependentia
853 1740 1156 1827 principii
1198 1739 1663 1819 creantis-‘aut
1716 1736 1927 1823 ipsius

379 1858 640 1924 termini
711 1857 1063 1923 creationis
1120 1857 1201 1923 ab
1250 1856 1467 1943 aliquo
1535 1854 1660 1921 alio
1717 1865 1932 1919 creato

377 1986 684 2062 tanquam
744 1993 938 2040 causa
995 1972 1364 2059 principali,
1436 1970 1551 2036 sed
1621 1970 1746 2036 hoc
1804 1990 1932 2036 non

375 2090 674 2157 subsistit
707 2090 859 2177 quia
901 2101 1031 2155 tam
1098 2089 1421 2156 terminus
1477 2108 1670 2175 quam
1714 2086 1930 2172 ipsum

373 2204 771 2292 principium
803 2225 1057 2281 creanS‚
1105 2204 1472 2270 absolvitur
1511 2223 1546 2269 a
1608 2203 1875 2269 materia
1913 2226 1927 2281 ;

373 2341 525 2407 ergo
565 2321 768 2387 etiam
800 2320 881 2386 ab
912 2320 1090 2385 omni
1149 2332 1385 2407 agente
1422 2319 1863 2406 dependenter
1896 2340 1932 2385 a

375 2436 665 2517 materia,
709 2437 902 2524 quale
959 2449 1059 2502 est
1114 2456 1305 2502 omne
1353 2456 1575 2523 *agens
1639 2448 1929 2508 creatum

374 2553 736 2621 secundum
766 2553 1078 2619 virtutem
1119 2554 1431 2621 innatam.

453 2671 569 2736 Vel
613 2680 792 2735 esset
820 2667 1013 2734 tertio
1045 2670 1189 2734 liaec
1219 2667 1647 2756 dependentia
1680 2670 1760 2735 ab
1801 2668 1928 2735 alio

374 2914 475 2965 tus
514 2900 673 2965 talis
722 2899 1025 2986 principii
1057 2909 1156 2965 est
1185 2898 1621 2966 actualissima
1661 2911 1726 2966 et
1778 2918 1929 2989 pro-

376 3017 544 3083 xima
588 3016 882 3102 potentia
930 3026 1227 3101 respectu
1260 3016 1522 3082 termini
1552 3015 1923 3093 creationis,

375 3145 433 3201 et
470 3132 538 3199 in
582 3133 712 3198 hoe
741 3130 1064 3199 excedens
1100 3151 1360 3200 omnem
1392 3131 1610 3212 aliam,
1647 3152 1797 3219 quae
1820 3131 1926 3198 de·

375 3248 613 3335 pendet
664 3269 700 3315 a
754 3248 1073 3335 subjectO,
1146 3258 1257 3314 aut
1328 3248 1455 3314 alio
1530 3248 1923 3326 extrinseoe,

376 3377 604 3452 estque
651 3364 718 3429 in
775 3385 848 3429 se
891 3363 1319 3430 determinata
1368 3363 1444 3431 ad
1503 3363 1830 3441 effectum,
1867 3373 1930 3427 et

378 3500 501 3546 non
536 3480 927 3546 indifferens
966 3479 1404 3546 indifferentia
1444 3479 1752 3565 potentiae
1785 3500 1928 3566 pas-

377 3597 559 3675 sivae,
628 3617 778 3683 quae
820 3595 1114 3682 exigeret
1171 3595 1451 3683 aliquam
1494 3596 1927 3664 actualitatem

377 3712 894 3800 superadditam,
974 3710 1118 3778 sive
1168 3732 1282 3798 per
1320 3711 1585 3777 modum
1654 3711 1929 3777 conditi-

378 3828 543 3905 onis,
587 3827 741 3893 sive
805 3847 919 3913 per
960 3827 1220 3893 modum
1258 3825 1560 3913 principii
1593 3826 1928 3894 intrinseci

379 3955 485 4009 aut
523 3941 911 4021 extrinseci,
947 3943 1089 4009 sive
1128 3964 1243 4028 per
1272 3943 1776 4010 summationem
1810 3944 1929 4009 im-

378 4057 762 4144 pedimenti,
817 4058 969 4145 quia
1038 4057 1288 4124 nullum
1348 4059 1588 4145 patitur
1661 4059 1931 4145 impedi-

377 4189 696 4258 mentum,
772 4197 808 4242 a
874 4175 1051 4241 nulla
1101 4175 1497 4256 conditione,
1540 4189 1654 4244 aut
1692 4176 1930 4263 princi-

376 4291 477 4377 pio
506 4289 874 4378 dependet;
925 4301 991 4357 et
1019 4292 1323 4378 quamvis
1353 4303 1528 4358 esset
1558 4293 1763 4373 linita,
1801 4314 1929 4359 non

374 4407 617 4492 patitur
673 4406 962 4494 aliquam
1012 4407 1339 4493 sphaeram
1392 4409 1769 4488 activitatiS,
1818 4430 1932 4497 per

373 4543 561 4608 quam
606 4535 861 4609 peteret
890 4522 1202 4610 applicari
1243 4522 1322 4589 ad
1371 4524 1633 4611 aliquod
1678 4524 1930 4592 distans

373 4637 434 4704 in
464 4639 643 4727 quod
686 4651 935 4726 ageret,
992 4637 1143 4726 quia
1204 4660 1331 4705 non
1373 4641 1686 4727 supponit
1723 4653 1929 4709 mate-

371 4756 555 4836 riam,
592 4755 907 4844 quamvis
955 4755 1022 4822 in
1061 4758 1353 4845 quolibet
1392 4760 1601 4845 spatio
1660 4758 1928 4826 distanti

374 4870 531 4938 forte
583 4892 722 4937 non
789 4870 1273 4953 extenderetur,
1318 4885 1392 4941 ut
1444 4886 1666 4961 posset
1709 4897 1931 4943 creare

373 4984 673 5053 effectum
737 4985 806 5051 in
881 5006 1293 5075 quacumque
1351 4987 1685 5071 distantia,
1760 4991 1931 5058 sicut

370 5120 559 5167 causa
595 5101 997 5168 universalis
1029 5113 1092 5168 et
1124 5103 1354 5189 prima.
1394 5108 1487 5171 Ex
1518 5106 1759 5193 quibus
1790 5127 1928 5173 om-

375 5215 559 5283 nibus
600 5217 909 5304 sequitur
939 5229 1255 5305 quantum
1296 5234 1396 5287 est
1461 5242 1542 5288 ex
1579 5235 1761 5309 parte
1790 5224 1927 5289 vir-

372 5334 521 5399 tutis
560 5345 628 5400 et
670 5330 1004 5418 principii,
1053 5353 1179 5399 non
1214 5334 1500 5403 mediare
1530 5336 1793 5425 aliquod
1816 5360 1926 5406 ac-

371 5449 591 5516 cidens
648 5448 826 5513 inter
866 5445 1073 5531 ipsam
1138 5459 1201 5513 et
1250 5448 1550 5516 effectum
1617 5453 1926 5521 substan-

371 5563 585 5632 tialem
628 5572 955 5645 creatum,
1014 5561 1094 5630 de
1120 5584 1251 5653 quo
1289 5565 1397 5632 hic
1432 5565 1572 5653 agit
1602 5571 1857 5637 Doctor.

2127 572 2418 638 Alterum
2459 570 2628 658 quod
2660 568 2920 636 additur
2951 579 3072 648 est,
3116 578 3187 634 ut
3216 570 3301 635 sit
3332 570 3408 634 in
3434 589 3587 655 sup-
3686 584 3870 713 Αεῗιιὲη

2036 690 2374 774 supposito
2464 689 2781 774 perfecte,
2857 686 3011 774 quia
3077 684 3362 753 actiones
3434 697 3589 752 sunt
3636 710 3911 780 passillius

2040 805 2552 889 suppositorum,
2598 815 2669 870 ut
2715 803 3020 890 principii
3072 803 3267 889 quod,
3342 813 3405 869 et
3472 801 3590 868 ali·
3611 786 3929 890 ᾱξζίἓξζῗξι..

2040 920 2299 1006 quando
2356 942 2437 988 ex
2480 919 2970 1006 imperfectione
3028 919 3404 1006 particulari
3436 938 3590 1005 sup·

2041 1035 2260 1122 positi,
2329 1047 2539 1123 potest
2604 1035 2902 1121 impediri
2961 1034 3175 1102 virtus
3243 1034 3455 1101 activa
3512 1036 3593 1100 ab

2042 1153 2295 1219 actione
2324 1173 2465 1231 sua,
2511 1153 2662 1240 quia
2692 1150 2874 1218 deest
2903 1151 3117 1241 aliqua
3153 1151 3440 1218 conditio
3471 1151 3596 1216 sal·

2043 1278 2172 1334 tem
2242 1265 2657 1333 accidentalis
2723 1266 3038 1353 requisita
3098 1265 3177 1332 ad
3231 1266 3586 1355 agendum,

2042 1382 2228 1449 verbi
2277 1381 2508 1468 gratia,
2549 1380 2724 1468 ignis
2753 1379 2820 1445 in
2853 1379 3123 1446 materia
3156 1401 3300 1447 rara
3340 1403 3421 1448 ex
3462 1383 3594 1450 dis-

2044 1498 2349 1587 persione
2412 1500 2625 1566 virtus
2686 1497 2909 1586 nequit
2948 1517 3143 1584 agere
3200 1499 3482 1585 perfecte
3512 1499 3592 1565 ad

2043 1639 2236 1687 suum
2288 1618 2617 1697 effectum,
2680 1616 2850 1683 sicut
2899 1628 3122 1701 ageret
3187 1616 3250 1680 in
3325 1615 3592 1682 materia

2042 1736 2285 1814 densa3
2322 1754 2403 1800 ne
2443 1753 2601 1820 ergo
2633 1731 2707 1797 ad
2735 1733 2857 1797 hoc
2897 1751 3108 1817 genus
3163 1731 3590 1817 impedimen-

2043 1852 2090 1916 ti
2133 1861 2527 1927 recurratur,
2566 1846 2826 1913 additur
2859 1846 2964 1913 illa
2996 1846 3308 1932 particula
3352 1867 3594 1914 conno-

2042 1983 2189 2036 tans
2262 1965 2724 2054 perfectionem
2784 1963 3128 2051 suppositi.
3183 1968 3414 2030 Totum
3473 1964 3598 2030 hoc

2043 2097 2502 2172 argumentum
2563 2081 2930 2149 desumitur
2979 2100 3060 2146 ex
3100 2092 3330 2145 natura
3387 2090 3450 2147 et
3488 2101 3594 2147 es-

2042 2202 2255 2268 sentia
2296 2199 2605 2288 potentiae
2651 2197 2982 2275 creativae,
3047 2209 3118 2263 ut
3163 2195 3595 2282 distinguitur

2040 2338 2076 2383 a
2119 2316 2402 2404 potentia
2443 2313 2827 2402 productiva
2865 2312 3274 2399 dependente
3324 2332 3361 2378 a
3397 2332 3592 2379 causa

2044 2432 2361 2499 materiali
2402 2442 2466 2498 et
2497 2431 2816 2517 subjecto.

2129 2552 2224 2614 Ex
2266 2569 2394 2635 quo
2445 2547 2540 2614 sic
2579 2559 3003 2633 argumentor
3059 2556 3284 2613 contra
3346 2550 3589 2615 Duran-
3641 2556 3898 2632 Probatur

2039 2663 2237 2729 dum:
2274 2666 2419 2751 Ipse
2452 2665 2513 2729 in
2558 2664 2786 2751 primis
2843 2663 3147 2742 admittit,
3186 2664 3355 2751 quod
3404 2674 3587 2730 actus
3622 2634 3932 2734 ffinciiffissn

2040 2779 2456 2846 accidentalis
2498 2800 2626 2845 non
2661 2780 3171 2867 praerequiratur
3211 2779 3277 2845 in
3326 2791 3588 2847 creante
3610 2752 3931 2861 Dussgffiffm.

2041 2895 2495 2975 substantiam,
2535 2896 2637 2963 vel
2670 2908 2740 2962 ut
2777 2908 2960 2963 actus
2992 2895 3439 2984 productivuS,
3485 2894 3587 2963 vel

2042 3026 2111 3079 ut
2171 3013 2563 3100 principium
2624 3013 3019 3099 producendi
3087 3014 3397 3093 formale3
3479 3013 3591 3080 sed

2040 3130 2489 3218 probationem
2531 3129 2699 3197 banc
2765 3129 2922 3197 dicit
2959 3128 3374 3212 diminutam,
3437 3129 3592 3218 quia

2038 3259 2250 3334 potest
2317 3246 2635 3337 praeexigi
2714 3248 2778 3312 in
2837 3257 3074 3334 agente
3131 3268 3247 3333 per
3303 3247 3588 3334 cogniti-

2039 3382 2232 3427 onem
2293 3382 2408 3448 per
2459 3361 2721 3427 modum
2772 3361 3096 3429 directivi.
3167 3364 3427 3442 Contra,
3481 3362 3592 3429 ubi

2042 3479 2218 3544 nulla
2257 3489 2355 3544 est
2397 3477 2880 3558 defectibilitas,
2914 3479 3018 3545 vel
3072 3500 3217 3547 esse
3261 3489 3473 3565 potest
3524 3478 3589 3544 in
3647 3454 3889 3581 prgffigi

2041 3594 2296 3660 actione
2353 3606 2417 3660 et
2467 3591 2791 3682 principio
2838 3595 3234 3679 producendi
3305 3582 3928 3690 formalistc‘ffssfftass‘g

2043 3730 2173 3776 non
2228 3721 2437 3796 potest
2500 3731 2870 3797 supponere
2923 3723 3138 3778 aetum
3197 3710 3587 3778 directivum
3610 3701 3936 3754 directivum.

2040 3825 2121 3891 ad
2171 3827 2656 3913 operationem3
2703 3826 2815 3893 sed
2858 3826 2920 3892 in
2965 3828 3251 3914 potentia
3306 3828 3593 3894 creativa

2043 3943 2219 4009 nulla
2287 3955 2499 4029 potest
2564 3964 2709 4011 esse
2777 3944 3232 4012 defectibilitas
3286 3946 3351 4011 in
3397 3966 3468 4011 se
3527 3956 3599 4012 ut

2044 4060 2440 4148 principium
2479 4076 2599 4141 est,
2655 4062 2760 4129 vel
2810 4062 2877 4129 in
2908 4063 3162 4130 actione
3203 4075 3273 4130 ut
3332 4066 3412 4132 ab
3455 4063 3595 4149 ipsa

2043 4178 2359 4265 procedit,
2450 4200 2608 4267 ergo
2696 4199 2825 4245 non
2930 4192 3144 4267 potest
3223 4200 3599 4267 supponere

2042 4307 2257 4361 actum
2298 4294 2761 4363 accidentalem
2796 4317 2910 4383 per
2950 4297 3214 4364 modum
3264 4296 3590 4364 directivi.

2041 4414 2243 4500 Maj0r
2281 4434 2396 4499 per
2445 4434 2516 4479 se
2547 4424 2744 4499 patet,
2802 4415 2955 4502 quia
3011 4416 3131 4480 sub
3181 4414 3433 4501 objecto
3478 4434 3597 4499 po-

2041 4529 2266 4596 tentiae
2340 4528 2676 4596 directivae
2751 4530 2912 4596 nihil
2998 4530 3391 4608 continetur,
3469 4528 3595 4594 nisi

2042 4643 2216 4731 quod
2246 4657 2345 4712 est
2376 4644 2736 4733 regulabile
2765 4657 2829 4713 et
2886 4645 3241 4732 dirigibile,
3285 4643 3439 4733 quia
3479 4665 3597 4712 ne-

2040 4760 2183 4843 quit
2226 4758 2686 4827 transcendere
2725 4780 2917 4827 suum
2969 4760 3322 4848 objectum.

2131 4876 2341 4943 Minor
2370 4878 2720 4964 probatur:
2767 4876 3194 4964 Dirigibilitas
3235 4887 3336 4943 est
3367 4895 3593 4963 respe-
3634 4900 3917 5015 Dirtifftipffi.

3805 4981 3850 5015 18

2008 5004 2146 5081 ‘ctu
2179 4993 2469 5074 effectuS,
2515 4994 2625 5081 qui
2650 5004 2860 5080 potest
2889 4994 3102 5061 taliter
3140 5004 3205 5060 et
3244 4993 3460 5060 taliter
3493 5003 3591 5059 at·
3641 5030 3907 5078 terminus.

2041 5108 2234 5197 tingi,
2274 5110 2336 5176 id
2378 5123 2502 5192 est,
2538 5112 2898 5178 secundum
2957 5109 3390 5178 substantiam
3440 5129 3591 5176 cum

2037 5223 2346 5291 omnibus
2370 5245 2484 5310 per
2515 5245 2588 5290 se
2618 5223 2953 5312 requisitis
2986 5222 3596 5310 perfectionibus,et

2040 5340 2319 5428 integre,
2359 5339 2462 5408 vel
2504 5352 2678 5407 certe
2739 5339 3098 5406 secundum
3158 5337 3590 5404 substantiam

2036 5477 2185 5522 cum
2218 5456 2472 5523 defectu
2506 5456 2782 5545 alicujus
2843 5453 3260 5541 perfectionis
3308 5453 3593 5541 requisi-

2036 5584 2121 5639 tae
2183 5572 2249 5639 in
2299 5575 2534 5642 effectu
2570 5595 2586 5653 ;
2620 5574 2745 5641 hoc
2784 5585 3002 5642 autem
3070 5570 3418 5660 contingit,
3489 5569 3595 5636 vel
