4287 6313
1602 406 1799 469 DlS'r.
1835 407 1961 467 Vll.
2010 404 2378 480 QUAESTlo
2427 407 2473 466 1.

164 591 394 642 Secunda

203 655 242 701 b·
305 654 345 704 ti
558 566 893 653 Oinciunt
921 567 1235 648 secundO,
1272 591 1432 655 cap.
1518 575 1579 635 1.
1650 570 1731 633 dc
1779 571 2019 634 Sacra·

169 668 198 703 o
225 670 304 719 Jec
346 668 394 702 o.

469 687 708 750 mentis
753 686 1273 765 -nonite1·andi3,
1334 687 1441 779 ubi
1478 686 1777 752 Pontifex
1833 706 2021 771 roga-

470 812 599 881 tus,
635 821 717 866 an
748 801 963 869 denuo
1019 802 1236 868 iterari
1279 801 1542 868 deberet
1601 801 2020 868 Confirmatio

471 918 536 984 in
567 939 667 999 e0,
695 918 797 985 cui
838 940 919 984 ex
958 940 1176 986 errore
1216 920 1362 986 data
1394 919 1515 985 fuit
1563 920 1629 983 in
1679 917 1819 984 oleo
1876 929 2019 982 tan-

472 1046 654 1113 tum;
692 1034 1046 1121 respondet
1090 1057 1216 1101 non
1258 1057 1404 1101 esse
1440 1034 1845 1113 iterandum,
1908 1032 2019 1097 sed

472 1163 659 1217 caute
695 1151 1157 1237 supplendum,
1194 1151 1363 1238 quod
1398 1152 1654 1217 incaute
1696 1162 1790 1216 est
1822 1147 1989 1214 omis

137 1295 438 1360 Responsio.
473 1288 646 1349 sum,
735 1268 1186 1353 respondetur,
1294 1267 1395 1334 vel
1463 1290 1543 1334 ex
1610 1265 2021 1333 confessione

475 1385 763 1470 ipsorum
794 1385 1318 1451 adversariorum
1350 1385 1687 1450 materiam
1712 1383 1887 1450 illam
1921 1401 2020 1446 es·

475 1518 547 1563 se
609 1496 875 1564 dubiam
950 1508 1016 1564 et
1090 1498 1448 1575 incertam3
1525 1496 1590 1562 in
1630 1496 1742 1561 tali
1803 1508 2020 1560 autem

476 1634 629 1680 casu
660 1615 1151 1681 Sacramentum
1193 1636 1274 1681 ex
1303 1613 1633 1680 communi
1675 1616 2021 1678 Doctorum

134 1728 449 1835 dubigffm
477 1730 843 1796 iterandum
913 1728 1379 1816 essesssaltem
1440 1730 1563 1795 sub
1619 1726 2017 1803 conditione,

145 1844 427 1960 iterztggum
480 1866 626 1911 nam
669 1846 725 1912 si
755 1846 1018 1913 daretur
1066 1846 1133 1911 in
1182 1867 1259 1911 eo
1287 1866 1440 1912 casu
1485 1845 1703 1912 unctio
1747 1866 1859 1931 per
1891 1843 2023 1909 bal-

137 1973 440 2025 conditione.
477 1982 730 2028 samum
771 1962 1007 2040 solum,
1045 1974 1156 2028 aut
1196 1984 1309 2048 per
1349 1962 1563 2028 oleum
1618 1961 1837 2038 etiam,
1896 1982 2022 2025 non

478 2080 715 2153 faceret
772 2079 851 2145 ad
915 2079 1344 2167 propositum,
1409 2079 1561 2166 quia
1622 2089 2022 2164 praeceptum

475 2194 556 2261 de
604 2197 909 2262 unctione
960 2217 1074 2282 per
1132 2196 1431 2262 Chrisma
1463 2210 1562 2260 est
1610 2194 1688 2259 de
1731 2194 1890 2280 ipsa,
1957 2204 2023 2259 ut

477 2312 893 2398 supponitur,
931 2312 1137 2378 forma
1167 2311 1594 2386 Sacramenti,
1656 2322 1724 2376 ut
1776 2331 1890 2395 per
1922 2310 2023 2395 ip-

478 2452 617 2496 sam
658 2430 1172 2508 determinanda,
1219 2429 1391 2515 quod
1424 2441 1487 2496 et
1557 2428 1753 2493 verba
1812 2426 2023 2511 ipsius

480 2546 709 2613 formae
766 2547 1168 2632 important;
1248 2566 1405 2631 ergo
1490 2545 1544 2610 si
1625 2555 2026 2629 repeteretur

481 2663 723 2740 uncti0‚
772 2684 899 2728 non
931 2662 1201 2749 repetita
1242 2661 1471 2739 forma,
1528 2681 1654 2725 non
1704 2672 1877 2725 esset
1924 2679 2024 2747 sa-

139 2807 437 2873 Explicatur
481 2777 915 2842 cranientaliS.
963 2776 1275 2861 iutelligit
1311 2796 1469 2860 ergo
1546 2773 1846 2839 Pontifex
1895 2793 2024 2837 non

166 2872 418 2925 Pontifex.
482 2893 840 2960 iterandam
915 2892 1315 2960 sacramenti
1383 2892 1857 2957 solemnitatem
1943 2888 2022 2954 ad

482 3011 865 3077 evitandum
905 3010 1314 3091 scandalum,
1375 3007 1488 3075 sed
1529 3028 1675 3072 esse
1715 3006 2024 3093 supplen-

481 3128 636 3194 dum
673 3127 947 3214 private,
994 3126 1204 3192 dando
1237 3128 1726 3192 Sacramentum
1760 3125 1837 3190 de
1906 3145 2022 3191 no-

482 3267 589 3324 VO,
653 3244 861 3332 quoad
910 3241 1394 3322 substantialia,
1469 3242 1642 3330 quod
1709 3243 1867 3308 alias
1900 3242 2023 3308 fuit

479 3360 775 3440 dubium,
821 3375 932 3428 aut
960 3373 1135 3428 certe
1168 3361 1442 3427 nullum.
1489 3364 1651 3425 Nam
1709 3360 1878 3425 idem
1922 3360 2023 3445 ip-

480 3502 553 3546 se
583 3480 882 3545 Pontifex
954 3477 1140 3544 docet
1208 3478 1542 3543 materiam
1623 3476 2020 3542 Sacramenti

480 3617 625 3662 esse
681 3595 990 3675 chrisma,
1067 3606 1135 3660 ut
1192 3593 1504 3673 vidimuS,
1569 3595 2023 3678 nempelnno·

480 3713 735 3779 centius
772 3714 880 3778 111.
919 3711 1029 3797 qui
1062 3711 1256 3777 etiam
1305 3731 1450 3796 cap.
1486 3710 1897 3794 praecedente
1945 3711 2025 3776 de

483 3850 665 3896 sacra
693 3828 1001 3896 unctione
1031 3828 1330 3894 similiter
1363 3827 1655 3914 loquitur
1687 3827 1766 3893 de
1796 3828 2023 3894 Archi-

484 3944 788 4030 episcopo
819 3944 1264 4022 Bracharensi‚
1313 3943 1483 4030 quod
1542 3964 1670 4008 non
1730 3942 1854 4008 fuit
1913 3965 2025 4009 un-

484 4073 624 4125 ctus
690 4080 767 4123 ex
827 4059 1081 4125 defectu
1141 4058 1538 4138 chrismatiS,
1618 4080 1813 4146 quem
1874 4059 2027 4125 fecit

483 4175 769 4241 ordinari
811 4195 924 4261 per
954 4174 1356 4240 Cardinalem
1420 4175 1877 4254 Albanensem,
1916 4196 2024 4240 as-

485 4290 869 4356 sistentibus
940 4289 1195 4355 duobus
1262 4289 1408 4354 aliis
1477 4290 1841 4376 Episcopis,
1879 4310 2026 4376 quae

485 4408 704 4474 unctio
737 4407 856 4474 fuit
886 4405 1397 4486 sacramentalis,
1425 4426 1499 4471 ac
1540 4405 1809 4491 proinde
1839 4426 2026 4492 repe-

484 4524 597 4590 tita
631 4525 877 4600 forma;
925 4525 1029 4589 liic
1060 4536 1276 4588 tamen
1318 4522 1470 4587 dicit
1512 4543 1581 4588 se
1649 4522 2027 4611 supplevis-

485 4661 579 4715 se,
640 4640 810 4727 quod
872 4641 1391 4726 praetermissum
1433 4649 1555 4718 est,
1612 4659 1769 4724 ergo
1829 4639 2025 4705 etiam

487 4756 552 4821 in
592 4755 877 4821 secundo
911 4756 1032 4820 hoc
1061 4775 1214 4820 casu
1250 4775 1379 4819 non
1433 4753 1823 4840 intelligitur
1855 4758 2027 4820 Pon-

485 4871 645 4938 tifex
725 4872 1061 4938 intendere
1153 4882 1403 4938 tantum
1497 4871 2028 4958 supplementum

488 4989 903 5068 accidentale,
976 4988 1088 5055 sed
1144 4986 1595 5067 substantiale,
1681 5008 1894 5074 neque
1948 5008 2031 5054 ex

442 5131 448 5136 ·
492 5106 682 5171 modo
730 5106 842 5172 illo
874 5103 1186 5192 loquendi
1230 5103 1293 5168 id
1324 5104 1626 5170 infertur.

576 5220 911 5312 Objiciunt
1002 5224 1191 5286 tertio
1256 5220 1779 5305 congruentiam,
1879 5220 2032 5307 quia

492 5338 851 5404 balsamum
893 5338 1119 5424 nequit
1148 5335 1374 5402 haberi
1408 5334 1747 5400 commode
1775 5333 1854 5399 ad
1896 5335 2036 5401 suf·

493 5453 865 5533 ficientiam,
913 5456 1103 5541 cujus
1133 5473 1293 5520 usus
1334 5463 1432 5518 est
1465 5451 1530 5515 in
1565 5450 1787 5517 multis
1828 5451 1972 5516 aliis
2007 5472 2023 5528 ;

497 5570 666 5639 unde
697 5571 945 5638 Plinius
992 5572 1178 5637 docet
1215 5567 1429 5636 solum
1473 5568 1538 5633 in
1569 5571 1596 5633 J
1607 5567 1791 5634 udaea
1818 5567 2023 5649 nasci,

152 1655 451 1706 Sacramen-

219 5238 395 5288 Tertia

159 5300 244 5365 obj
250 5300 382 5349 ectio
392 5340 405 5353 .

3556 403 3675 465 671

2140 579 2205 633 et
2239 568 2349 633 vix
2408 568 2687 633 inveniri
2741 587 2968 653 parum
3004 590 3019 646 ;
3081 570 3252 633 Deus
3290 579 3505 633 autem
3546 587 3677 632 non

2132 682 2337 748 voluit
2389 685 2904 762 Sacramentum,
2950 682 3120 771 quod
3170 664 3518 749 commune
3578 695 3682 749 est

2130 799 2437 865 omnibus
2480 799 2559 865 ab
2592 799 2913 886 ejusmodi
2960 799 3228 865 materia
3276 798 3674 885 dependere.

2132 916 2584 1002 Respondetur
2616 918 2929 983 hactenus
2984 937 3060 982 ex
3110 916 3221 983 Dei
3272 916 3681 1004 providentia

2132 1053 2262 1098 non
2338 1032 2619 1099 defuisse
2685 1032 2958 1099 balsami
3036 1034 3317 1118 copiam,
3390 1033 3562 1100 unde
3600 1055 3679 1100 ex
3745 1018 3995 1072 solvitur.

2132 1147 2312 1214 India
2344 1148 2635 1226 affertur,
2676 1148 2847 1235 quod
2896 1148 3045 1214 licet
3086 1168 3121 1213 a
3161 1150 3426 1235 Syriaco
3467 1150 3683 1216 colore

2131 1263 2370 1341 differt,
2412 1265 2476 1329 in
2544 1264 2814 1352 reliquis
2873 1266 3183 1331 convenit
3214 1277 3279 1331 et
3311 1265 3558 1332 'sufficit
3603 1264 3681 1331 ad

2153 1379 2485 1446 materiam
2545 1379 2741 1467 hujus
2800 1379 3230 1459 Sacramenti,
3304 1391 3372 1446 ut
3403 1358 3576 1467 patet
3604 1400 3686 1446 ex

2132 1495 2567 1562 declaratione
2613 1496 2791 1562 Pauli
2839 1500 2950 1562 lll.
3006 1511 3070 1562 et
3119 1497 3211 1562 Pii
3263 1499 3368 1564 IV.
3406 1497 3576 1564 sicut
3605 1495 3685 1563 ad

2138 1613 2480 1678 materiam
2532 1613 3044 1680 consecrationis
3102 1613 3323 1678 calicis
3356 1613 3583 1679 vinum
3617 1613 3684 1678 in

2134 1729 2352 1813 specie
2381 1727 2644 1808 sufficit,
2694 1730 2844 1794 licet
2875 1729 3092 1795 colore
3157 1730 3262 1795 vel
3325 1729 3471 1795 aliis
3520 1729 3684 1795 acci-

2134 1843 2466 1923 dentibuS,
2536 1865 2685 1909 cum
2763 1845 2909 1911 aliis
2983 1845 3107 1910 hoc
3186 1857 3298 1911 aut
3351 1844 3507 1912 illud
3554 1865 3684 1912 non

2134 1957 2512 2025 conveniat.

2225 2071 2297 2158 (Ι)
2350 2073 2516 2139 Cum
2565 2076 2920 2140 chrismate
2974 2077 3411 2157 sanctificate,
3451 2087 3511 2141 et
3566 2077 3686 2142 hoc
3839 2081 3919 2132 28.

2134 2208 2177 2250 a
2207 2189 2515 2253 ministro
2557 2187 2819 2269 idonea,
2879 2200 3005 2255 etc.
3072 2192 3250 2256 Hanc
3301 2190 3684 2276 particulam

2132 2299 2556 2383 definitionis,
2632 2324 2781 2390 quae
2846 2306 3137 2371 continet
3205 2316 3504 2391 quartam
3561 2305 3690 2370 cir·

2131 2421 2590 2486 cumstantiam
2626 2422 2937 2500 materiae,
2979 2421 3065 2487 ita
3130 2422 3410 2507 explicat
3449 2422 3620 2488 infra
3670 2444 3684 2488 :

2136 2540 2642 2621 Sanctificatum
2688 2540 2962 2628 (supple
3015 2541 3423 2630 chrismate)
3481 2545 3691 2630 speci·

2136 2657 2340 2722 aliter
2370 2656 2450 2720 ab
2500 2657 2559 2720 E
2557 2658 2852 2743 piscopO,
2890 2659 2994 2723 vel
3034 2658 3116 2724 ab
3156 2660 3318 2738 alie,
3369 2659 3476 2723 cui
3529 2658 3687 2724 talis

2133 2774 2577 2855 sanctificatio
2623 2777 2868 2861 poterit
2922 2776 3267 2857 committi,
3315 2788 3439 2843 etc.
3507 2780 3688 2843 Patet

2138 2890 2347 2974 prima
2422 2910 2573 2975 pars
2641 2891 2839 2978 hujus
2915 2893 3381 2976 conclusionis,
3456 2913 3690 2979 nempe

2136 3004 2405 3092 requiri,
2453 3020 2521 3073 ut
2552 3007 2837 3075 chrisma
2868 3009 2954 3076 sit
2975 3009 3388 3077 benedictum
3421 3012 3499 3077 ab
3531 3010 3688 3098 Epi-
3769 3060 3997 3120 Floreat.

2135 3141 2355 3208 scop0,
2417 3144 2497 3190 ex
2559 3124 2971 3195 Florentino:
3040 3127 3370 3209 Chrisma,
3440 3127 3675 3215 inquit,
3721 3124 3985 3245 beffigguiff

2133 3259 2218 3302 ea:
2244 3239 2386 3303 oleo
2433 3250 2494 3304 et
2522 3240 2814 3307 balsamo
2861 3265 2986 3329 per
3059 3245 3463 3331 Episcopum
3502 3244 3686 3311 bene·
3817 3207 3951 3306 neig-
3978 3210 4041 3246 ⁰-

2134 3351 2406 3434 dictum,
2445 3368 2567 3421 etc.
2607 3356 2730 3422 hoc
2759 3369 2976 3424 autem
3017 3357 3256 3426 dicitur
3302 3361 3693 3428 necessitate

2135 3470 2561 3538 Sacramenti.
2597 3472 2783 3538 Unde
2873 3477 3094 3541 Patres
3139 3487 3204 3541 et
3253 3476 3538 3543 Concilia
3579 3498 3691 3543 vo-

2135 3599 2283 3651 cant
2319 3599 2618 3654 sanctum
2662 3590 2997 3675 Chrismq,
3037 3604 3107 3658 ut
3147 3591 3371 3659 videre
3400 3605 3499 3661 est
3530 3595 3695 3662 locis

2134 3702 2372 3769 citatiS.
2408 3704 2707 3772 Clemens
2749 3710 3082 3773 Romanus
3115 3709 3235 3775 lib.
3298 3712 3362 3776 7.
3417 3713 3682 3777 constit.

2136 3843 2192 3884 c.
2244 3823 2349 3888 13.
2424 3821 2860 3890 Laodicenum
2904 3846 3052 3890 can.
3081 3827 3191 3893 48.
3245 3827 3697 3892 Constantino·

2138 3938 2496 4023 politanum
2531 3943 2581 4005 1.
2637 3963 2786 4006 can.
2841 3945 2904 4007 7.
2963 3942 3166 4008 ‘Nicen
3223 3945 3273 4008 1.
3326 3965 3412 4009 ca:
3486 3945 3697 4009 versi-

2135 4073 2258 4117 one
2306 4055 2614 4134 Arabica,
2705 4077 2854 4122 can.
2934 4058 3043 4123 68.
3127 4057 3405 4125 Basilius
3465 4058 3578 4124 tib.
3617 4057 3699 4124 de

2140 4169 2408 4254 Spiritu
2458 4183 2704 4250 sancto,
2771 4192 2923 4258 cap.
2990 4174 3102 4239 027.
3147 4173 3588 4241 Tertullianus
3619 4173 3698 4240 de

2140 4285 2492 4369 Baptismo,
2530 4307 2670 4371 cap.
2709 4290 2771 4354 7.
2818 4287 3111 4374 Eyressi,
3188 4289 3423 4377 inquit,
3473 4290 3557 4356 de
3601 4290 3699 4356 la-

2140 4421 2339 4466 vacro
2370 4400 2767 4487 inunqimur
2804 4401 3147 4471 benedicta
3198 4408 3531 4488 unctione,
3569 4419 3691 4474 etc,

2141 4518 2464 4584 Fabianus
2530 4539 2728 4606 supra
2804 4520 3099 4587 eamdem
3165 4523 3691 4591 benedictionem

2142 4635 2349 4702 docet.
2424 4637 2788 4724 Cyprianus
2846 4639 2912 4704 in
2978 4660 3178 4705 serm.
3224 4639 3306 4706 de
3381 4642 3689 4710 unctione

2141 4752 2516 4819 chrismatis
2553 4775 2565 4818 :
2609 4755 3088 4837 Sanctificatis,
3130 4755 3364 4844 inquit,
3420 4760 3699 4826 elemen-

2146 4867 2250 4947 tia,
2293 4871 2442 4954 jam
2492 4890 2630 4935 non
2654 4873 2941 4957 propria
2981 4883 3230 4938 natura
3251 4852 3500 4960 praebet
3538 4877 3697 4962 effe-

2142 4995 2338 5064 ctum,
2378 4985 2494 5050 sed
2525 4987 2739 5052 virtus
2787 4988 3028 5054 divina
3080 4981 3420 5076 potentius
3467 5014 3700 5080 opera-

2146 5110 2275 5181 tur,
2322 5113 2446 5169 etc.
2498 5101 2577 5170 ad
2626 5104 2921 5171 eamdem
2984 5106 3569 5177 sanctificationem
3611 5111 3701 5177 al-

2143 5217 2333 5298 ludit,
2371 5240 2487 5286 seu
2564 5219 2783 5305 potius
2823 5221 3121 5288 eamdem
3166 5225 3426 5306 asserit,
3476 5238 3546 5292 ut
3577 5248 3697 5293 ne-

2141 5334 2496 5400 cessariam
2576 5338 2768 5421 epist.
2847 5339 2954 5404 70.
3032 5339 3096 5405 in
3162 5361 3290 5427 qua
3347 5362 3428 5408 ex
3480 5363 3701 5410 errore

2141 5464 2282 5518 tum
2363 5452 2635 5519 tolerato
2696 5454 2762 5519 in
2831 5455 3069 5538 Africa,
3108 5479 3223 5524 seu
3257 5460 3602 5548 quaestioni
3635 5472 3700 5527 et

2141 5567 2638 5655 interrogationi
2726 5571 3047 5659 subjectO,
3147 5587 3344 5663 negat
3430 5577 3694 5663 quidem
