4287 6313
258 2186 451 2232 Omnes

279 2245 435 2293 etiam

212 2306 479 2372 ³justificati

237 2373 480 2419 tenentur

220 2432 287 2482 ad
320 2433 517 2496 Baptis-

278 2510 437 2544 mum.

548 374 667 441 452

535 536 642 603 tic,
693 536 878 592 aliter
929 536 1438 590 contemneretur
1495 532 1869 602 BaptismuS,
1936 542 2081 585 cum

535 635 804 691 aliorum
837 632 1145 689 scandalo·
1174 634 1257 689 Ita
1297 630 1647 688 communis
1678 632 2023 687 Doctorum.

636 877 1110 969 Respondeo
1171 875 1297 963 (b),
1390 871 1806 944 dicendum
1878 867 2082 961 quod

548 998 728 1086 post
854 986 1361 1090 Baptismum
1468 987 2082 1082 promulgatum

544 1132 690 1203 per
724 1110 1044 1187 modum
1081 1107 1494 1203 praecepti,
1533 1105 1864 1198 quilibet
1900 1122 2085 1194 qua·

538 1229 1075 1320 litercumque
1138 1225 1664 1319 justificatus,
1720 1224 1854 1315 qui
1923 1239 2083 1296 non

539 1345 908 1439 implevit
996 1345 1188 1417 illud
1279 1346 1803 1438 praeceptum,
1898 1364 2079 1415 cum

538 1485 694 1557 quo
728 1466 943 1537 Deus
986 1484 1149 1535 non
1189 1462 1688 1556 dispensavit
1721 1461 2085 1554 speciali-

535 1585 689 1663 ter,
753 1585 841 1654 ut
902 1601 1059 1653 non
1113 1583 1536 1653 teneretur
1575 1578 1670 1650 ad
1723 1578 1941 1662 illud,
1979 1583 2086 1653 te-

534 1701 777 1770 netur
845 1698 939 1770 ad
1026 1697 1536 1790 Baptismum
1615 1695 1933 1775 affectu,
2003 1700 2083 1769 et

539 1836 687 1908 pro
720 1814 903 1886 loco
946 1819 1026 1887 et
1060 1818 1430 1903 tempore
1461 1812 1778 1891 effectu,
1819 1811 1887 1884 si
1922 1831 2082 1883 ma-

539 1937 673 2006 net
706 1933 979 2005 viator
1009 1931 1455 2013 nobiscum,
1497 1951 1911 2023 quousque
1948 1950 2085 2022 po-

542 2053 701 2124 test
754 2048 1170 2122 commode
1207 2048 1570 2141 recipere
1630 2048 1708 2120 in
1764 2046 2081 2121 effectu.

546 2164 804 2256 Hujus
902 2163 1116 2237 ratio
1212 2162 1837 2236 fundamentalis
1933 2168 2081 2244 est,

548 2281 732 2373 quia
772 2280 904 2353 lex
955 2279 1533 2353 universaliter
1565 2280 2089 2371 promulgata

550 2418 827 2470 omnes
885 2397 1189 2487 obligat
1242 2400 1738 2487 (universaliter
1765 2396 1940 2468 dico
1994 2394 2087 2466 il-

548 2516 709 2587 lam
746 2514 1282 2606 promulgari,
1337 2513 1419 2585 in
1459 2513 1689 2605 cujus
1738 2513 2088 2604 promul·

546 2632 875 2723 gatione
960 2653 1118 2704 non
1178 2635 1302 2705 est
1361 2631 1634 2722 aliqua
1719 2629 2086 2722 acceptio

544 2771 937 2843 personae,
1001 2750 1170 2820 sive
1211 2747 1791 2841 cujuscumque
1857 2769 2088 2820 exce-

544 2866 715 2957 ptio
751 2886 1146 2958 personae,
1216 2864 1343 2937 vel
1423 2864 2086 2957 circumscriptio

542 2983 1246 3070 circumstantiae);
1309 2982 1471 3054 tale
1547 2981 1701 3053 fuit
1795 3001 2089 3073 praece-

545 3106 772 3195 ptum
813 3102 903 3174 de
972 3100 1394 3193 Baptismo
1443 3096 1974 3192 suscipiendo,
2010 3101 2091 3173 et

544 3221 695 3293 hoc
735 3218 1362 3297 rationabiliter,
1412 3216 1595 3308 quia
1636 3233 2088 3306 congruum

545 3336 699 3409 fuit
753 3355 1028 3408 omnes
1071 3335 1161 3406 de
1211 3334 1387 3424 lege
1457 3331 1926 3407 Christiana
1958 3333 2092 3403 ha-

544 3453 732 3524 bere
794 3472 1041 3523 unum
1094 3451 1439 3542 signum,
1487 3450 1567 3522 in
1611 3471 1765 3543 quo
1807 3468 2089 3521 conve-

544 3569 816 3640 nirent
851 3568 1065 3640 inter
1108 3588 1214 3646 se,
1252 3569 1331 3638 et
1389 3565 2090 3657 distinguerentur

544 3685 642 3756 ab
672 3684 887 3763 aliis,
914 3687 999 3756 ut
1031 3683 1328 3755 dictum
1363 3685 1487 3754 est
1528 3682 1610 3754 in
1646 3680 2088 3776 quaestione

542 3803 633 3874 de
668 3802 1179 3875 institutione
1216 3801 1723 3874 Sacramenti
1758 3800 1838 3872 in
1880 3819 2089 3872 com·

546 3917 792 3998 muni,
829 3919 909 3989 et
947 3917 1297 3990 maxime
1333 3916 2089 4014 illudxsignumsper

547 4036 748 4127 quod
792 4035 1417 4126 ingrederentur
1479 4033 2086 4107 observantiam

544 4151 781 4245 hujus
832 4152 1078 4244 legis;
1147 4173 1290 4244 per
1330 4152 1505 4245 ejus
1549 4152 1762 4224 enim
1825 4171 2086 4222 susce-

546 4270 903 4362 ptionem
973 4269 1547 4343 adscribuntur
1600 4268 1718 4341 illi
1768 4267 1951 4359 legi,
2007 4270 2088 4340 et

542 4387 919 4459 dicuntur
948 4387 1038 4459 de
1072 4384 1385 4458 familia
1427 4384 1758 4459 Christi.

637 4501 922 4573 Posset
950 4499 1221 4582 ,etiam
1273 4499 1434 4570 alia
1472 4498 1684 4571 ratio
1718 4496 2087 4588 assigna-

547 4616 641 4698 ri,
700 4618 887 4708 quia
931 4616 1265 4708 quilibet
1298 4616 1572 4687 viator
1612 4617 1937 4688 tenetur
1969 4632 2087 4683 es-

547 4755 629 4805 se
678 4733 1129 4805 membrum
1181 4730 1567 4804 Ecclesiae
1622 4728 2081 4809 militantis,

546 4870 705 4923 non
741 4854 1061 4924 tantum
1104 4850 1182 4922 in
1217 4848 1558 4923 scientia
1609 4847 1905 4931 divina,
1955 4847 2086 4919 sed

540 4968 788 5041 etiam
848 4970 1239 5058 quantum
1317 4966 1410 5038 ad
1481 4964 1862 5039 notitiam
1939 4964 2086 5036 ali-

544 5105 778 5156 orum
835 5084 1415 5164 membrorum,
1463 5082 1969 5174 quantumin
2003 5101 2086 5153 se

542 5205 693 5284 est,
757 5199 945 5291 quia
988 5204 1312 5274 tenetur
1354 5220 1535 5273 oum
1608 5197 1793 5271 aliis
1846 5217 2088 5270 mem-

541 5316 711 5388 bris
748 5316 1355 5389 communicare
1391 5319 1470 5388 in
1502 5315 1654 5398 his,
1693 5337 1867 5408 quae
1919 5336 2090 5409 per-

545 5432 803 5506 tinent
874 5434 970 5506 ad
1042 5431 1644 5522 observantiam
1712 5432 1945 5524 legis,
2006 5435 2088 5505 et

541 5572 680 5625 eos
750 5571 911 5624 non
986 5551 1563 5625 scandalizare.
1636 5551 1720 5626 Si
1814 5555 2086 5626 autem

1689 369 1831 431 Llss.
1860 368 1988 453 lv.
2020 366 2618 430 smmurmnuu

2197 545 2359 598 non
2436 524 2842 617 acciperet
2914 523 3559 598 Sacramentum,
3599 536 3744 609 per

2200 642 2406 736 quod
2448 641 2532 715 fit
2567 641 3022 714 membrum
3055 636 3440 712 Ecclesiae
3475 653 3745 707 secun-

2195 760 2380 832 dum
2414 758 2806 851 judicium
2868 756 3277 837 Ecclesiae,
3322 773 3482 826 non
3530 752 3747 824 esset

2196 879 2434 971 aptus
2466 878 2559 949 ad
2628 875 3282 955 communionem
3325 891 3506 945 cum
3561 866 3745 941 aliis

2201 993 2586 1068 membris
2648 994 2728 1066 in
2776 993 3057 1068 multis
3128 989 3441 1065 actibus
3492 985 3747 1080 perti-

2193 1103 2568 1176 nentibus
2630 1104 2723 1176 ad
2785 1101 3282 1182 Ecclesiam3
3348 1094 3745 1171 scandali-

2195 1224 2420 1292 zaret
2458 1218 2709 1293 etiam
2779 1218 3045 1292 active
3123 1214 3286 1288 alia
3349 1211 3738 1294 membra,

2197 1354 2368 1426 quae
2411 1334 2802 1408 haberent
2839 1333 3350 1407 occasionem
3386 1329 3746 1423 judican-

2195 1449 2271 1523 di
2322 1451 2587 1544 ipsum
2663 1454 3179 1524 contemnere
3211 1445 3743 1521 communita-

2195 1565 2392 1635 tem.

2289 1680 2408 1748 Ex
2442 1676 2593 1749 hoc
2675 1681 2810 1770 pot
2841 1680 2964 1749 est
3062 1676 3416 1748 formari
3493 1673 3746 1750 tertia

2200 1796 2442 1876 ratio,
2483 1795 2669 1887 quia
2703 1795 2837 1888 qui
2873 1799 3142 1888 potest
3173 1816 3272 1867 ex
3304 1798 3490 1868 actu
3524 1790 3747 1865 facili

2201 1929 2580 2000 magnam
2620 1911 2981 2002 gratiam
3016 1910 3469 2002 acquirere,
3509 1909 3577 1981 si
3610 1928 3744 1980 ne-

2199 2027 2459 2118 gligat
2527 2028 2757 2100 illum
2801 2032 3102 2111 actum,
3174 2027 3497 2100 videtur
3564 2044 3747 2118 gra-

2199 2144 2399 2218 tiam
2450 2152 2998 2228 contemnere,
3062 2146 3187 2217 vel
3259 2145 3552 2218 saltem
3585 2164 3748 2217 non

2201 2288 2381 2340 eam
2471 2266 2585 2340 ita
2633 2267 3093 2361 appretiari
3155 2269 3556 2359 quantum
3624 2267 3748 2337 est

2199 2383 2807 2476 appretiabilis;
2847 2385 2980 2456 sed
3024 2384 3182 2464 ille,
3240 2382 3375 2476 qui
3428 2403 3587 2455 non
3621 2386 3747 2455 est

2200 2499 2686 2592 baptizatus,
2723 2505 3468 2594 quantumcumque
3503 2500 3749 2573 aliter

2204 2616 2311 2690 sit
2345 2618 2871 2707 justificatus,
2910 2638 3054 2710 per
3088 2623 3361 2692 actum
3392 2617 3743 2699 facilem,

2204 2734 2518 2808 scilicet
2598 2756 2741 2826 per
2821 2736 3419 2828 susceptionem
3477 2733 3747 2826 Bapti-

2206 2851 2385 2935 smi,
2459 2854 2728 2945 potest
2774 2872 3153 2945 magnam
3197 2852 3549 2944 gratiam
3615 2872 3746 2927 ac-

2208 2969 2555 3061 quirere,
2694 2970 2880 3061 quia
3007 2975 3749 3064 quantumcumque

2205 3084 2565 3180 perfecto
2636 3086 2726 3158 de
2793 3085 2967 3178 lege
3037 3083 3449 3160 communi
3527 3104 3750 3158 acce-

2199 3201 2415 3275 denti
2450 3202 2546 3274 ad
2578 3203 3119 3295 Baptismum‚
3173 3207 3526 3295 augetur
3567 3220 3750 3294 gra-

2198 3317 2359 3400 tia;
2406 3338 2605 3410 ergo
2649 3320 2716 3391 si
2760 3319 3144 3412 negligat,
3179 3319 3501 3393 videtur
3566 3337 3746 3391 con·

2199 3439 2562 3509 temnere
2677 3437 3059 3526 gratiam,
3175 3440 3254 3509 et
3349 3437 3482 3509 dat
3559 3435 3744 3508 aliis

2210 3552 2719 3625 occasionem
2755 3553 2870 3625 sic
2904 3552 3337 3644 judicandi.

2517 3681 2552 3698 l

2636 3819 3293 3883 COMMENTARIUS.

2290 4042 2383 4130 (b)
2448 4042 2829 4129 Respondeo
2905 4043 3283 4123 dicendum,
3348 4042 3522 4130 quod
3591 4054 3740 4131 post

3894 4039 3927 4088 2

3797 4076 4079 4153 Conclusio

2201 4161 2617 4247 Baptismum
2650 4160 3167 4246 promulyacum,
3218 4173 3342 4227 etc.
3397 4160 3740 4228 Conclusio
3771 4165 4107 4223 affirmativa.

3904 4233 3958 4280 et

2201 4286 2299 4341 est
2341 4274 2707 4341 communis
2765 4275 3057 4340 omnium
3118 4276 3182 4341 in
3247 4276 3369 4342 hac
3414 4277 3742 4344 distincti·
3792 4292 4111 4345 communis.

2200 4411 2347 4469 one,
2391 4402 2450 4455 et
2481 4395 2542 4456 3.
2578 4401 2759 4478 part.
2808 4402 3039 4477 qucesc.
3094 4397 3202 4460 68.
3240 4403 3372 4460 art.
3415 4398 3474 4461 1.
3514 4406 3744 4482 estque

2200 4506 2280 4573 de
2323 4506 2478 4596 fide;
2518 4520 2690 4593 patet
2719 4507 2985 4574 Ioannis
3024 4512 3088 4575 3.
3124 4511 3276 4575 Nisi
3298 4513 3444 4597 quis
3472 4523 3746 4578 renatus

2202 4622 2429 4704 fuerit,
2476 4635 2597 4690 etc.
2644 4636 2707 4689 et
2745 4645 2819 4690 ex
2858 4624 3004 4691 aliis
3061 4625 3222 4692 locis
3279 4648 3476 4715 supra
3534 4628 3747 4695 citatis

2201 4741 2281 4808 de
2320 4742 2703 4809 necessitate
2763 4758 2826 4810 et
2872 4743 3159 4811 efficacia
3218 4747 3556 4835 Baptismi.
3618 4753 3744 4816 De-

2201 4857 2425 4926 finitur
2456 4860 2521 4925 in
2569 4859 2947 4928 Tridentino
2975 4883 3129 4931 sess.
3176 4867 3239 4931 7.
3284 4863 3365 4930 de
3415 4866 3744 4953 Baptismo

2199 4996 2343 5042 can.
2380 4982 2443 5042 ὃ.
2489 4979 2569 5044 Si
2626 4977 2774 5064 quis
2812 4978 3072 5045 dv'oeeric
3112 4982 3530 5068 Baptismum
3587 4985 3782 5051 liba,

2202 5114 2349 5159 rum
2387 5115 2539 5174 esse,
2608 5095 2727 5159 hoc
2785 5107 2900 5176 esc,
2966 5118 3102 5163 non
3167 5101 3616 5167 necessarium
3652 5101 3743 5169 ad

2198 5213 2498 5290 salute-m,
2546 5213 2902 5277 anathema
2939 5215 3068 5293 sit‚·
3128 5214 3241 5302 qui
3279 5237 3488 5284 canon
3548 5219 3744 5286 etiam

2200 5326 2427 5392 referri
2451 5338 2661 5412 potest
2682 5328 2761 5394 de
2784 5325 2930 5416 lege
2958 5329 3307 5399 ordinaria.
3336 5337 3492 5401 Item
3522 5356 3678 5404 sess,
3704 5338 3745 5402 6

2201 5464 2350 5529 cap.
2413 5448 2478 5510 4.
2550 5446 3045 5540 lonlorentino
3111 5450 3370 5517 decreto
3438 5454 3734 5533 unionis,

3817 4889 4041 4944 Trident
4051 4929 4068 4942 .

3823 5491 4063 5543 Floreat.

2203 5578 2349 5643 cap.
2385 5559 2697 5646 Majores,
2749 5561 2833 5628 de
2880 5565 3246 5652 Baptismo,
3287 5582 3352 5635 et
3405 5567 3569 5636 locis
3608 5567 3758 5637 aliis
3798 5552 4090 5611 Innooent,
