4287 6313
135 699 415 750 Chat-acte-

248 774 354 809 rem

170 838 271 872 non
325 838 435 872 esse

187 899 413 934 necessa·

249 947 378 997 riam

168 1007 447 1074 dispositio·

210 1087 325 1120 nem
344 1070 409 1120 ad

187 1133 405 1198 gratiam
416 1171 428 1183 .

286 4744 362 4793 10.

1612 454 1822 516 ms‘r.
1852 453 1956 515 vl.
2003 454 2366 530 QUAESTIO
2401 457 2501 516 lX.

577 618 981 699 Quantum
1033 616 1127 688 ad
1196 616 1577 708 primum,
1653 614 2038 704 arguitur

490 733 636 805 sic:
685 733 753 805 si
807 732 1263 824 requiritur
1317 735 1400 803 ut
1460 730 1887 823 dispositio
1942 732 2038 803 ad

491 849 873 941 gratiam,
920 851 1062 920 aut
1101 867 1299 939 ergo
1361 867 1460 919 ex
1498 853 1735 939 parte
1789 846 2038 919 susci-

495 964 813 1057 pientiS,
869 967 1008 1036 aut
1042 985 1141 1036 ex
1185 967 1419 1056 parte
1462 962 1806 1053 agentis.
1856 965 2035 1034 Non

490 1103 589 1153 ex
632 1085 867 1174 parte
908 1080 1456 1172 suscipientis,
1524 1080 1710 1171 quia
1767 1080 2037 1150 anima

487 1216 648 1270 non
707 1196 1006 1268 habens
1062 1197 1380 1269 actuale
1429 1199 1859 1289 peccatum
1912 1198 2037 1268 est

491 1334 802 1386 summe
850 1312 1248 1405 disposita
1290 1313 1388 1384 ad
1438 1311 2037 1404 suscipiendum

486 1430 887 1522 gratiam;
958 1450 1102 1502 nec
1192 1450 1289 1502 ex
1373 1434 1607 1521 parte
1678 1429 2025 1520 agentis,

484 1548 671 1640 quia
717 1567 965 1640 agens
1007 1551 1132 1620 est
1186 1546 1520 1619 infinitae
1576 1545 1942 1620 virtutis.

576 1658 673 1728 Et
733 1660 800 1727 si
853 1656 1099 1735 dicas,
1157 1655 1358 1747 quod
1427 1655 1883 1747 requiritur
1953 1658 2037 1727 ut

479 1770 912 1862 dispositio
979 1788 1461 1862 permanens
1517 1771 1608 1841 ad
1656 1768 2037 1842 effectum

481 1887 1035 1968 inducendum,
1090 1887 1562 1980 quandoque
1623 1887 2036 1980 posterius

481 2005 876 2095 tempore,
952 2003 1085 2096 qui
1151 2024 1312 2075 non
1382 2005 1663 2078 statim
1732 2004 2038 2077 induci-

483 2120 647 2199 tur,
744 2123 1029 2211 utpote
1108 2120 1203 2192 ad
1270 2119 1444 2202 hoc,
1519 2122 1725 2212 quod
1799 2121 2036 2194 fictus

484 2234 944 2327 baptizatus
1030 2241 1313 2328 postea
1405 2237 1744 2329 recipiat
1839 2240 2039 2313 effe-

487 2357 711 2425 ctum
756 2351 1196 2443 Baptismi;
1240 2356 1529 2426 contra
1580 2353 1727 2427 hoc
1769 2358 2039 2446 argui·

491 2471 631 2541 tur
664 2472 751 2541 ut
784 2468 1039 2560 prius.
1077 2471 1235 2541 Aut
1277 2468 1495 2540 enim
1539 2489 1686 2562 pro
1730 2471 1870 2543 illo
1910 2493 2039 2565 po-

491 2584 854 2667 steriori,
910 2586 1221 2676 quando
1286 2585 1573 2678 recipit
1658 2585 2039 2662 effectum

492 2701 874 2774 ultimum
930 2701 1357 2793 Baptismi,
1431 2701 1866 2777 character
1922 2725 2040 2774 re·

493 2817 855 2908 quiritur
934 2822 1021 2891 ut
1102 2817 1531 2910 dispositio
1618 2839 1717 2891 ex
1806 2826 2040 2911 parte

492 2933 958 3025 susceptivi,
1019 2939 1158 3007 aut
1215 2955 1312 3006 ex
1388 2940 1622 3027 parte
1680 2935 2034 3026 agentis;

490 3051 570 3121 et
607 3053 772 3123 stat
808 3051 1025 3123 ratio
1082 3054 1168 3122 ut
1213 3051 1467 3143 prius.

580 3167 984 3259 Arguitur
1061 3170 1156 3240 ad
1220 3168 1371 3241 hoc
1454 3169 1702 3242 etiam
1793 3171 2042 3264 speci-

492 3283 767 3365 aliter,
826 3283 1013 3377 quia
1081 3284 1255 3357 sine
1288 3284 1436 3357 tali
1483 3286 1718 3377 signo
1763 3292 2041 3379 posset

495 3401 707 3471 Deus
765 3400 1157 3473 assistere
1208 3401 1655 3493 Baptismo,
1708 3404 1835 3475 vel
1904 3404 2039 3476 ba-

497 3517 800 3608 ptizato
892 3518 988 3589 ad
1054 3518 1546 3590 causandum
1651 3519 2034 3594 effectum

496 3632 921 3724 Baptismi,
972 3633 1387 3707 recedente
1433 3633 1783 3718 fictione,
1831 3637 2039 3710 sicut

498 3746 901 3819 astitisset
987 3746 1066 3817 in
1150 3746 1328 3838 ipso
1425 3749 1872 3840 Baptismo‚
1974 3751 2042 3823 si

500 3864 725 3954 prius
812 3883 972 3935 non
1031 3862 1319 3938 fuisset
1368 3865 1631 3939 fictus.
1696 3870 1794 3939 Et
1855 3888 2045 3939 con-

496 3979 902 4064 firmatur,
975 3981 1161 4071 quia
1227 3977 1566 4053 effectus
1640 3983 2042 4076 Baptismi

496 4116 655 4167 non
694 4096 935 4168 datur
968 4095 1112 4175 illi,
1168 4096 1301 4187 qui
1364 4098 1697 4189 ponitur
1747 4099 2043 4174 habere

498 4211 1087 4294 characterem,
1153 4212 1306 4284 nisi
1342 4235 1532 4286 vere
1605 4217 2040 4307 poeniteat;

501 4330 632 4401 sed
688 4350 833 4422 per
899 4349 1180 4402 veram
1247 4330 1803 4421 poenitentiam
1873 4334 2046 4406 sine

506 4445 651 4520 tali
703 4445 969 4518 forma
1029 4444 1534 4518 characteris
1587 4447 1862 4538 gratia
1911 4450 2044 4520 da-

510 4570 767 4639 retur.

597 4685 999 4764 Quantum
1070 4684 1341 4752 autem
1420 4681 1513 4751 ad
1582 4680 1787 4752 alios
1864 4681 2046 4753 effe-

507 4804 709 4880 ctus,
765 4797 897 4889 qui
939 4797 1505 4870 attribuuntur
1556 4796 2044 4881 characteri,

508 4915 909 5006 probatur
994 4912 1536 5004 propositum,
1630 4915 1816 5005 quia
1875 4914 2047 4986 sinc

506 5031 776 5103 forma
851 5027 1296 5103 inhaerente
1353 5035 1627 5122 posset
1697 5032 2050 5123 baptiza-

508 5155 638 5222 tus
681 5146 1130 5219 assimilari
1162 5148 1598 5240 baptizatO,
1643 5154 1724 5222 et
1763 5150 2049 5223 distin-

509 5264 646 5355 gui
680 5283 726 5334 a
773 5282 935 5335 non
975 5263 1413 5354 baptizato,
1458 5284 1601 5355 per
1640 5264 1792 5337 hoc
1844 5269 2049 5358 quod

513 5378 803 5470 recipit
853 5378 1386 5471 Baptismum‚
1426 5380 1633 5453 sicut
1688 5386 1911 5472 patet
1969 5383 2047 5454 in

513 5494 791 5567 multis
825 5495 1034 5575 aliis,
1085 5494 1269 5587 quia
1322 5498 1737 5587 professus
1804 5498 1882 5570 in
1939 5520 2049 5571 re·

512 5609 840 5703 ligione,
904 5610 1417 5686 assimilatur
1456 5612 1701 5686 alteri
1745 5610 2050 5707 profes-

3541 463 3544 466 ’
3603 451 3717 515 601

3845 3388 3959 3439 Non

2156 636 2271 696 so,
2352 620 2433 690 et
2516 616 3051 707 distinguitur
3118 615 3215 687 ab
3291 615 3453 687 alio
3537 633 3698 685 non

2154 729 2552 822 profess0,
2636 752 2797 803 non
2860 752 3005 824 per
3075 731 3433 823 aliquam
3540 728 3701 801 for-

2156 866 2368 918 mam
2405 847 2556 921 sibi
2599 847 3133 922 inhaerentem
3177 849 3359 940 post
3398 845 3701 939 profes-

2155 964 2490 1044 sionem,
2531 965 2661 1036 sed
2696 964 2884 1057 quia
2925 964 3178 1038 talem
3231 965 3503 1036 actum
3568 960 3700 1032 ha-

2154 1079 2325 1152 buit
2362 1080 2439 1151 in
2483 1081 2936 1172 praeterito,

2243 1195 2540 1267 Eodem
2629 1196 2859 1268 modo
2920 1196 3011 1267 de
3080 1192 3330 1266 tertio
3380 1190 3809 1270 effectu,A‹1
3862 1204 4041 1255 distin-

2155 1310 2467 1384 scilicet
2501 1312 2703 1403 quod
2755 1311 3089 1404 ponitur
3160 1308 3478 1400 signum
3518 1327 3701 1380 con·
3741 1269 4016 1403 gueffium’

2153 1427 2681 1520 figurativum
2734 1429 3085 1509 cnr-isto,
3127 1427 3296 1499 sive
3332 1398 4043 1528 obligati-⁰⁰⁰¹<i'gffiffl‘

2152 1566 2342 1617 vum
2369 1569 2383 1625 ;
2414 1547 2685 1637 potest
2716 1545 2931 1617 enim
2966 1543 3262 1635 aliquis
3297 1562 3476 1613 esse
3513 1540 3699 1612 obli·
3769 1519 4004 1630 ξζῑζῑζζξέ

2153 1668 2393 1754 gatus
2425 1662 2692 1742 alicui,
2740 1666 2819 1735 et
2853 1661 2968 1735 ita
3002 1660 3562 1751 configuratus
3599 1657 3693 1729 si·
3738 1642 4027 1771 ζξξξξίῗζξξ,

2155 1777 2254 1859 bi,
2303 1781 2691 1870 quantum
2733 1778 2827 1848 ad
2870 1776 3446 1868 obligationem
3510 1792 3698 1847 con·
3754 1768 4011 1881 chssggcfe·

2151 1895 2577 1986 figurandi,
2625 1894 2795 1966 sine
2868 1894 3089 1965 omni
3134 1889 3402 1965 forma
3465 1891 3701 1964 inhae-

2155 2023 2409 2092 rente,
2471 2012 2681 2083 sicut
2741 2010 2901 2092 ille,
2968 1993 3110 2101 qui'
3178 2008 3371 2082 fecit
3433 2008 3705 2086 homa-

2153 2125 2377 2218 gium
2447 2125 2692 2198 alicui
2763 2125 3112 2207 dominc,
3184 2125 3367 2216 post
3429 2123 3708 2194 homa-

2156 2242 2380 2334 gium
2435 2243 2848 2333 obligatur
2891 2241 3041 2313 sibi
3084 2242 3178 2312 ad
3236 2239 3708 2313 fidelitatem

2157 2360 2661 2440 servandam,
2751 2362 2832 2430 et
2925 2357 3039 2430 ita
3119 2357 3215 2428 ad
3283 2356 3709 2447 quamdam

2156 2473 2920 2564 configurationem,
2985 2477 3066 2545 et
3128 2472 3552 2564 professus
3612 2490 3711 2542 ex

2157 2589 2663 2685 professione
2769 2594 3098 2663 tenetur
3202 2586 3708 2660 conformari

2156 2729 2295 2781 seu
2330 2689 2827 2797 configurari
2872 2705 3224 2778 Praelato
3269 2724 3442 2787 suo,
3480 2708 3562 2776 et
3594 2707 3708 2775 ta*

2158 2844 2339 2897 men
2416 2844 2560 2895 nec
2629 2822 2935 2893 faciens
2993 2819 3487 2912 homagium,
3561 2839 3706 2892 nec

2157 2941 2548 3034 profitens
2592 2938 2887 3030 recipit
2933 2937 3289 3029 aliquam
3355 2936 3706 3007 formam

2157 3057 2644 3139 absolutam,
2711 3075 2885 3146 quae
2929 3053 3033 3125 sit
3094 3053 3418 3144 signum
3469 3051 3706 3124 confi-

2157 3175 2530 3267 gurandr

2245 3293 2359 3364 De
2411 3293 2707 3383 quarto
2750 3288 3065 3370 effectu,
3133 3287 3444 3359 scilicet
3502 3285 3705 3377 quod

2159 3408 2495 3500 ponitur
2579 3406 2898 3497 signum
2980 3402 3705 3476 rememorativum
3789 3449 3980 3515 requiri

2159 3525 2414 3617 ipsius
2476 3519 3010 3602 sacramenti,
3084 3519 3471 3611 arguitur
3541 3518 3702 3591 sic:
3750 3510 4032 3626 {0533}

2159 3640 2384 3723 Quia,
2424 3642 2564 3712 aut
2607 3639 2974 3730 respectu
3014 3634 3524 3709 Sacramenti
3568 3646 3706 3728 po*
3823 3652 3972 3750 uffeffit

2157 3756 2385 3829 nitur
2489 3755 2650 3828 tale
2736 3753 3055 3845 signum
3137 3748 3711 3824 rememorati·
3787 3764 3987 3827 signum

2161 3892 2374 3952 vum,
2428 3875 2770 3963 propter
2808 3867 3374 3941 excellentiam
3430 3870 3710 3940 Sacra·
3749 3839 4052 3939 ”etffiffim'

2165 3986 2411 4059 menti
2445 3987 2526 4058 in
2587 4006 2712 4066 se;
2758 3987 2896 4056 aut
2961 3989 3300 4075 propter
3349 3982 3707 4075 aliquam

2162 4100 2708 4175 habitudinem
2750 4100 2845 4172 ad
2877 4099 3110 4181 alios,
3151 4099 3284 4191 qui
3323 4119 3423 4170 ex
3482 4099 3712 4190 signo

2163 4223 2662 4312 cognoscant
2714 4217 3151 4307 signatum.
3217 4216 3392 4287 Non
3442 4214 3710 4306 primo

2165 4337 2422 4415 modo,
2452 4333 2640 4426 quia
2671 4329 3257 4403 excellentiora
3296 4335 3484 4404 sunt
3524 4329 3713 4401 fides

2163 4455 2244 4524 et
2294 4451 2684 4528 charitas,
2750 4466 2991 4539 quarn
3055 4446 3510 4538 suscepisse
3571 4447 3713 4517 Ba-

2167 4569 2581 4661 ptismum‚
2649 4569 2730 4638 et
2798 4569 3072 4638 tamen
3133 4563 3290 4636 ista
3345 4582 3504 4634 non
3582 4561 3718 4633 ha-

2167 4686 2349 4759 bent
2394 4683 2719 4776 aliquod
2759 4683 3079 4773 signum
3151 4680 3714 4753 rememorati-

2165 4822 2354 4873 vum
2407 4804 2837 4893 postquam
2872 4797 3313 4870 infuerunt.
3368 4798 3533 4869 Nec
3593 4818 3713 4868 se-

2166 4918 2419 4992 cundo
2457 4917 2714 4997 mod0,
2753 4913 2963 5006 quia,
3000 4913 3253 4985 autin
3297 4931 3714 5005 compara·

2166 5036 2385 5110 tione
2418 5035 2511 5105 ad
2559 5034 2840 5111 Deum,
2885 5029 3011 5103 vel
3078 5030 3170 5100 ad
3214 5029 3706 5121 proximum.

2167 5156 2348 5227 Non
2380 5153 2473 5224 ad
2514 5153 2795 5232 Deum,
2842 5149 3029 5241 quia
3069 5150 3285 5221 Deus
3320 5147 3490 5218 sine
3549 5167 3712 5218 om-

2166 5272 2247 5343 ni
2325 5270 2558 5360 signo
2629 5265 3114 5340 inexistente
3178 5267 3714 5355 cognosceret

2169 5388 2416 5461 istum
2459 5382 2913 5475 suscepisse
2957 5382 3601 5458 Sacramentum,
3634 5382 3713 5452 et

2166 5504 2418 5577 fuisse
2467 5501 2992 5593 baptizatum.
3043 5496 3221 5569 Non
3279 5497 3374 5567 ad
3443 5494 3712 5586 proxi-

2168 5637 2412 5699 mum,
2470 5615 2658 5709 quia
2723 5611 2849 5683 vel
2891 5610 2985 5681 ad
3031 5608 3355 5685 beatum
3417 5608 3497 5680 in
3537 5605 3712 5700 glo-
