4287 6313
317 1674 397 1723 35.

264 1735 450 1796 Quinta

275 1798 406 1846 ratio
417 1836 429 1848 .
442 1856 452 1867 ·

222 1860 489 1911 nonnemo

297 1922 428 1972 facta

211 1984 312 2051 aliq
318 1982 483 2035 nando
494 2018 511 2035 .

211 2585 490 2660 ῌεοροηοίο

222 2663 499 2762 'mih'ffim‘

1630 437 1831 499 DlST.
1918 436 2048 496 Vll.
2080 433 2445 510 QUAESTlo
2483 436 2529 496 1.

534 611 587 673 ti
641 603 1144 687 confectionem,
1216 612 1411 688 atque
1483 611 1783 666 sanctam
1838 600 2080 665 altaris

531 724 1093 790 consecrationem
1191 719 1580 786 divinorum
1677 718 2081 799 Pontificum

531 839 914 924 efficacibus
966 835 1400 921 facultatibus
1447 833 1783 920 sinqulari
1814 851 2083 897 munere

532 954 864 1033 attribuit,
902 963 1030 1020 etc.
1065 963 1281 1018 tamen
1320 948 1722 1017 consecratio
1780 946 2080 1014 altarium

535 1081 747 1157 potest
840 1068 1179 1155 delegari;
1265 1086 1424 1153 ergo
1498 1065 1697 1131 etiam
1762 1061 2084 1129 confectio

531 1185 905 1252 chrismatis
938 1181 1225 1269 delegari
1268 1192 1504 1268 potest,
1544 1179 1668 1246 nisi
1702 1176 2085 1245 ostendatur

536 1302 698 1367 ratio
737 1300 1059 1387 specialiS,
1107 1298 1275 1365 sicut
1326 1308 1539 1385 potest
1605 1316 1754 1362 esse
1820 1294 1887 1359 in
1958 1293 2084 1358 mi-

539 1416 812 1485 nisterio
912 1415 1243 1495 ordinum,
1351 1434 1466 1480 seu
1552 1431 1775 1480 eorum
1889 1410 2082 1477 colla-

541 1534 741 1600 tione.

627 1649 868 1715 Ultimo
899 1648 1158 1714 tandem
1201 1667 1331 1713 non
1395 1646 1546 1734 leve,
1591 1643 2084 1711 fundamentum

544 1764 1049 1851 dispensationis
1122 1761 1474 1850 aliquando
1548 1761 1758 1840 factae,
1831 1756 2083 1824 desumi

548 1892 759 1969 potest
790 1901 871 1947 ex
902 1881 1212 1946 Toletano
1243 1878 1287 1943 l.
1322 1898 1462 1964 cap.
1501 1881 1609 1943 20.
1646 1876 1723 1942 In
1753 1874 2087 1961 aliquibus

550 2000 732 2077 locis,
779 1998 882 2063 vel
941 1996 1317 2083 provinciis
1348 1993 1731 2079 Presbyteri
1770 1992 2087 2057 dicuntur

541 2116 833 2180 chrisma
857 2114 1199 2196 conficere,
1258 2112 1516 2198 placuit
1545 2131 1629 2175 ea·
1658 2110 1783 2174 hac
1812 2108 1920 2173 die
1941 2108 2085 2173 nul·

546 2233 681 2298 lum
728 2231 967 2309 alium,
1008 2230 1145 2295 nisi
1174 2229 1574 2315 Episcopum
1610 2229 1899 2293 chrisma
1929 2246 2087 2290 con-

540 2351 761 2433 ficere,
807 2362 929 2417 etc.
995 2361 1059 2415 et
1118 2349 1503 2414 Bracharen.
1558 2347 1607 2414 1.
1665 2344 1957 2421 citatum,
2026 2355 2086 2408 et

544 2465 924 2551 Hispalense
955 2467 1034 2532 Il.
1075 2462 1489 2549 Respondent
1520 2461 1718 2549 aliqui
1752 2462 1894 2527 haec
1922 2463 2087 2526 Con-

545 2571 691 2638 cilia
756 2573 996 2639 factum
1060 2592 1187 2637 non
1245 2571 1628 2659 approbare,
1699 2567 1812 2635 sed
1871 2567 2086 2654 potius

545 2688 1050 2775 reprehendere,
1094 2689 1248 2776 quia
1279 2688 1648 2775 prohibent.
1707 2688 1963 2762 Contra,
2009 2702 2086 2749 eo

543 2805 685 2890 ipso
740 2806 912 2893 quod
946 2806 1189 2872 factum
1249 2805 1501 2870 irritum
1545 2802 1749 2868 fuisse
1800 2821 1926 2866 non
1975 2799 2087 2866 de-

538 2920 809 2999 clarent,
856 2941 1068 3008 neque
1102 2917 1519 3007 repetendam
1552 2937 1699 2982 esse
1729 2913 2086 2981 Confirma-

536 3036 779 3103 tionem
813 3037 1046 3104 factam
1088 3057 1167 3102 ex
1202 3035 1312 3102 tali
1353 3034 1730 3114 chrismate,
1778 3030 2087 3099 videntur

534 3174 909 3241 supponere
956 3174 1103 3221 cum
1138 3150 1434 3240 legitima
1465 3150 1750 3239 primum
1803 3146 2086 3216 auctori-

534 3281 665 3336 tate
695 3271 899 3338 fuisse
931 3270 1261 3337 inductam
1294 3267 1861 3347 consuetudinem,
1888 3285 2084 3353 quam

536 3387 853 3474 deinceps
901 3389 1251 3473 abrogant.
1284 3389 1415 3452 Nec
1461 3384 1676 3450 obstat
1713 3381 1885 3471 quod
1934 3381 2088 3447 dicit

537 3503 983 3570 Florentinum
1054 3502 1399 3589 aliquando
1501 3522 1583 3567 ex
1666 3497 2088 3567 concessione

534 3618 719 3686 Sedis
778 3618 1174 3706 Apostolicae
1232 3616 1604 3704 simplicem
1675 3612 2085 3681 Sacerdotem

536 3735 698 3804 illud
760 3736 1169 3804 ministrasse
1239 3735 1511 3822 (supple
1587 3736 2085 3800 Sacramentum

537 3852 1063 3919 Confirmationis
1083 3853 1130 3939 ),
1176 3849 1291 3918 sed
1321 3871 1403 3916 ex
1441 3849 1792 3917 chrismate
1823 3848 1903 3914 ab
1933 3848 2087 3935 Epi-

540 3989 737 4055 scopo
786 3980 1185 4036 consecrato.
1260 3965 1719 4054 Respondetur
1769 3965 1893 4032 hoc
1961 3984 2088 4031 non

542 4084 842 4171 probare,
913 4084 1070 4172 quin
1139 4083 1457 4150 committi
1529 4095 1746 4170 posset
1812 4081 2089 4148 facultas

541 4199 927 4267 conficiendi
985 4200 1382 4280 chrismatis,
1449 4199 1596 4265 licet
1646 4220 1773 4265 non
1818 4196 2013 4265 fuerit
2054 4218 2090 4263 a

542 4316 706 4382 Sede
750 4314 1116 4403 Apostolica
1171 4328 1308 4381 tum
1366 4334 1701 4394 concessa,
1768 4314 1919 4401 quia
1961 4333 2090 4380 non

546 4431 809 4520 expedit
892 4433 1239 4499 extendere
1307 4430 1799 4497 concessionem
1870 4444 2093 4497 contra

541 4551 717 4637 jura,
794 4548 918 4615 nisi
981 4548 1366 4637 inquantum
1429 4567 1625 4614 causa
1689 4567 1829 4613 eam
1888 4547 2095 4634 exigit

548 4665 859 4745 extendi;
921 4686 1050 4731 non
1082 4663 1438 4753 requiritur
1474 4674 1688 4731 autem
1730 4663 1989 4730 extendi
2032 4663 2097 4728 in

550 4803 626 4849 eo
657 4803 837 4864 casu,
888 4782 965 4849 ad
998 4803 1196 4869 quem
1240 4780 1469 4848 alludit
1500 4780 1821 4861 Pontifex,
1855 4780 1966 4868 qui
1998 4790 2098 4845 est

555 4897 849 4985 Gregorii
886 4900 1077 4986 Papoe
1110 4899 1188 4965 ad
1226 4897 1647 4984 Presbyteros
1680 4897 1745 4961 in
1778 4893 2093 4981 Sardinia,

3612 434 3730 497 675

2199 599 2378 663 mitti
2400 599 2667 684 poterit,
2744 599 2890 664 ideo
2950 599 3203 665 dicitur
3242 600 3318 663 in
3363 599 3666 685 qenerali
3695 620 3738 662 a

2198 711 2506 777 ministro
2590 712 2851 793 idoneo,
2935 727 3058 781 etc.
3132 714 3524 801 Episcopum
3594 733 3740 779 esse

2198 826 2570 893 ministrum
2621 828 3021 895 ordinarium
3077 829 3275 917 hujus
3342 828 3741 896 Sacramenti

2194 940 2383 1008 docet
2417 943 2585 1011 infra
2639 946 2795 1012 dist.
2834 948 2942 1010 24.
2989 957 3212 1033 quaest.
3252 947 3475 1025 unica,
3514 958 3742 1033 estque

2194 1083 2343 1130 cum
2376 1062 2499 1128 hac
2529 1061 2917 1129 limitatione
2947 1062 3289 1128 definitum
3327 1062 3393 1128 in
3427 1062 3742 1129 Florenti-

2200 1197 2281 1243 no
2347 1189 2410 1244 et
2478 1178 2543 1243 in
2605 1178 2985 1244 Tridentino
3021 1200 3177 1245 sess,
3242 1184 3303 1246 7.
3352 1199 3501 1245 can.
3574 1181 3638 1244 3.
3683 1191 3743 1244 ct

2195 1314 2347 1359 sess.
2393 1296 2501 1359 23.
2546 1316 2700 1381 cap.
2764 1300 2833 1361 4.
2887 1318 3034 1361 can.
3094 1301 3156 1362 Ἴ.
3197 1295 3306 1362 ubi
3347 1295 3585 1362 dicitur
3626 1316 3742 1382 po-

2196 1422 2494 1476 testatem
2578 1411 2954 1478 conferendi
3048 1412 3621 1480 Confirmationem
3682 1426 3746 1480 et

2200 1524 2471 1593 Ordines
2502 1548 2722 1595 sacros
2754 1529 3080 1614 pertinere
3123 1528 3203 1595 ad
3244 1530 3624 1615 EpiscopOS‚
3661 1551 3745 1596 ex

2202 1643 2462 1729 proprio
2527 1641 2731 1730 gradu
2792 1655 2856 1709 et
2922 1644 3353 1726 ordinatione,
3417 1645 3526 1732 qui
3574 1666 3744 1732 prae-

2199 1757 2390 1843 cipue
2447 1758 2523 1825 ad
2581 1759 2875 1826 ordinem
2927 1761 3401 1827 hierarchicum
3439 1760 3746 1828 Ecclesiae

2199 1887 2522 1959 spectant.
2570 1879 2748 1942 Patet
2813 1898 2894 1942 ex
2927 1877 3064 1963 jam
3124 1878 3338 1944 citatis
3379 1879 3734 1957 Clemente,

2203 1990 2540 2077 Dionysi0‚
2579 1992 2861 2059 Eusebio
2896 1996 3062 2080 Papa
3093 1996 3281 2080 epist.
3319 1999 3391 2061 3.
3445 1994 3743 2062 Melchia-

2200 2108 2303 2185 de,
2354 2110 2754 2191 Innocenti0,
2819 2114 3055 2195 Leone,
3100 2112 3375 2194 Gelasio,
3421 2111 3745 2198 Cypriano

2201 2227 2389 2311 epist.
2429 2230 2543 2293 73.
2589 2228 3056 2314 chrysostomo
3088 2230 3320 2295 homil.
3361 2233 3467 2298 18.
3514 2230 3587 2295 in
3618 2232 3742 2294 Ac-

2204 2353 2294 2408 ta.
2345 2344 2425 2408 Et
2495 2364 2575 2409 ne
2635 2355 3004 2430 repetamus
3053 2344 3292 2425 denuc,
3346 2366 3492 2432 quae
3573 2346 3744 2412 dicta

2200 2469 2378 2540 sunt,
2425 2458 2773 2527 videantur
2842 2464 3086 2545 PatreS,
3148 2482 3312 2548 quos
3369 2461 3740 2539 citavimuS,

2201 2573 2303 2639 vel
2344 2575 2675 2661 probando
2711 2577 2955 2664 requiri
3009 2577 3527 2644 benedictionem
3572 2576 3747 2643 chri-

2201 2690 2428 2756 smatis
2490 2691 2937 2778 Episcopalem
3003 2692 3106 2760 vel
3173 2693 3745 2759 confirmationem

2204 2826 2351 2872 esse
2391 2808 2922 2888 Sacramentum,
2985 2823 3049 2874 et
3088 2810 3454 2897 specialiter
3494 2809 3597 2876 illa
3636 2811 3749 2877 de-

2200 2936 2396 3004 creta,
2445 2925 2683 3010 quibus
2763 2937 3038 3012 negatur
3097 2927 3239 2993 haec
3294 2927 3566 2996 facultas
3603 2950 3748 2995 esse

2199 3051 2399 3115 penes
2430 3032 2835 3113 SacerdoteS,
2899 3045 2963 3099 et
3017 3035 3339 3101 reservari
3389 3037 3743 3121 ApostoliS‚

2201 3158 2521 3215 eteorum
2563 3151 3057 3218 successoribus
3099 3173 3180 3218 ex
3220 3153 3364 3221 Act.
3401 3154 3465 3218 8.
3529 3164 3590 3219 et
3639 3156 3741 3219 19.

2202 3264 2313 3331 ubi
2347 3265 2756 3353 interpretes.

2290 3379 2451 3448 Hinc
2501 3381 2867 3449 excluditur
2924 3404 3106 3449 error
3174 3381 3506 3466 Witclefi‚
3570 3407 3744 3453 asse-

2203 3498 2408 3565 rentis
2446 3519 2705 3566 omnem
2746 3502 3157 3569 Sacerdotem
3190 3523 3336 3570 esse
3367 3503 3743 3570 ministrum

2200 3616 2726 3683 Confirmationis
2785 3616 3245 3700 sufficientem,
3310 3620 3374 3685 in
3436 3621 3738 3687 eumdem

2202 3732 2430 3800 incidit
2460 3734 2906 3802 Armachanus
2938 3736 3058 3801 lib.
3108 3741 3211 3802 11.
3250 3736 3334 3802 dc
3363 3740 3745 3823 qua’stioni-

2201 3851 2314 3917 bus
2351 3851 2812 3931 Armenorum,
2857 3875 3002 3939 cap.
3073 3857 3138 3932 4,
3183 3865 3247 3919 et
3297 3875 3434 3920 rem
3484 3852 3746 3920 dubiam

2202 3977 2423 4031 censet
2452 3966 2797 4033 Durandus
2853 3968 2977 4033 hac
3033 3967 3191 4036 dist.
3240 3980 3466 4054 quoest.
3511 3971 3575 4033 3.
3623 3970 3746 4033 No-

2203 4091 2409 4148 strum
2463 4087 2798 4149 Doctorem
2832 4082 3028 4149 etiam
3060 4084 3128 4149 in
3160 4083 3451 4150 eamdem
3488 4093 3749 4150 senten-

2203 4197 2360 4264 tiam
2391 4198 2654 4267 adducit
2686 4203 2920 4268 Suarez
2951 4201 3108 4268 dist.
3146 4204 3251 4267 36.
3301 4212 3453 4269 sect.
3509 4205 3573 4280 2,
3636 4198 3751 4267 sed

2208 4313 2340 4381 fere
2385 4313 2579 4395 idem,
2631 4317 2866 4405 inquit,
2915 4317 3113 4384 sentit
3161 4319 3491 4386 Scotus.E
3522 4329 3746 4384 contra

2209 4432 2401 4498 Sotus
2444 4433 2507 4497 in
2538 4432 2933 4500 contrariam
2971 4434 3055 4500 ita
3104 4433 3381 4518 divellit,
3436 4447 3615 4501 utne
3672 4456 3753 4501 ex

2209 4548 2695 4634 dispensatione
2734 4550 2926 4616 etiam
2961 4551 3133 4618 dicat
3194 4571 3385 4639 posse
3424 4551 3753 4618 Sacerdoti

2212 4665 2494 4753 simplici
2527 4666 2651 4732 hoc
2682 4667 3121 4735 ministerium
3149 4668 3545 4743 convenire:
3585 4681 3752 4736 uter-

2212 4802 2339 4869 que
2382 4781 2595 4869 magis
2635 4782 2889 4850 invenit
2929 4785 3101 4872 quod
3132 4783 3441 4872 adJiceret
3472 4786 3751 4866 Doctori‚

2218 4919 2411 4986 quam
2451 4899 2623 4987 quod
2674 4920 2752 4966 ex
2789 4899 2898 4966 illo
2930 4902 3221 4969 referret.

3856 3415 4018 3465 Error

3798 3477 4050 3527 Witelen.
4071 3477 4098 3540 ’ζ

3799 3544 3853 3589 et
3880 3541 4060 3590 Arma-

3853 3601 4027 3653 chani.

554 5015 706 5103 quia
746 5015 812 5081 hi
855 5017 936 5081 dc
972 5014 1143 5082 facili
1175 5035 1253 5079 ex
1298 5016 1479 5095 urbe,
1515 5027 1627 5081 aut
1656 5015 1736 5079 ab
1766 5015 1910 5081 aliis
1941 5014 2101 5082 locis

559 5136 801 5203 vicinis
870 5149 1224 5224 potuerunt
1300 5136 1587 5202 chrisma
1652 5147 2101 5201 consecratum

562 5253 912 5340 quotannis
954 5253 1217 5321 habere.

331 5403 413 5455 36.
650 5369 731 5458 (f)
775 5372 858 5436 Et
889 5372 1010 5437 lzoc
1051 5394 1091 5436 a
1131 5372 1441 5438 ministro
1474 5369 1732 5448 idoneo,
1768 5380 1890 5434 etc,
1930 5372 2106 5434 Hanc

561 5486 947 5573 particulam
977 5488 1118 5574 ipse
1155 5492 1388 5554 Doctor
1408 5488 1723 5574 explicat:
1769 5487 2098 5564 Minister,

562 5603 798 5692 inquit,
840 5617 932 5672 est
979 5607 1369 5693 Episcopus,
1434 5606 1536 5671 vel
1581 5606 1758 5671 alius
1795 5606 1905 5670 cui
1935 5627 2105 5671 com-

2302 5016 2635 5083 Resolutio
2676 5017 2850 5082 enim
2892 5018 3183 5084 Doctoris
3225 5018 3288 5084 in
3335 5020 3455 5084 hac
3494 5021 3759 5106 quaesti·
3914 5051 3994 5101 87.

2221 5151 2344 5197 one
2382 5133 2754 5199 continetur
2787 5133 2850 5199 in
2884 5133 3018 5200 sola
3058 5134 3435 5203 definitione
3465 5137 3759 5223 assigna·
3790 5113 4108 5225 „lgsscet‘gggnffn

2222 5259 2309 5327 ta,
2344 5260 2407 5313 et
2463 5253 2606 5337 ejus
2646 5250 3079 5336 explicatione
3119 5253 3449 5340 subjecta;
3493 5254 3762 5340 opponit
3817 5242 4089 5355 seniilrfftia.

2219 5388 2434 5440 autem
2497 5388 2627 5441 tres
2669 5378 2976 5456 rationes,
3038 5376 3117 5443 ad
3158 5399 3319 5465 quas
3379 5400 3498 5445 suo
3536 5380 3764 5446 ordine

2221 5490 2594 5576 respondet,
2625 5492 2814 5576 juxta
2854 5493 3187 5560 diversum
3236 5493 3496 5561 modum
3538 5495 3760 5562 dicen-

2221 5607 2286 5673 di
2317 5607 2616 5674 aliorum.
2665 5611 2733 5674 ln
2777 5611 3203 5697 responsione
3241 5626 3458 5680 autem
3507 5612 3586 5679 ad
3631 5624 3764 5679 ter-
