4287 6313
662 408 742 471 26
1814 407 1958 467 LlB.
2008 407 2107 468 Ν.
2157 405 2750 470 SENTENTIARUM

636 570 720 630 ita
768 572 843 630 ut
870 566 957 628 ad
993 570 1345 631 terminum
1384 570 1735 632 creationis
1792 567 1990 645 possit
2047 582 2199 628 con·

638 702 907 748 currere
941 702 1134 748 causa
1170 685 1491 760 secunda,
1542 691 1721 747 esset
1763 690 1983 746 tamen
2038 700 2199 745 vera

634 802 905 874 creatio,
955 803 1106 881 quia
1168 801 1520 879 productio
1581 819 1663 863 ex
1735 801 1975 873 nihilo;
2040 801 2196 862 nihil

636 932 796 996 ergo
847 917 1075 978 obstat
1129 918 1478 980 terminum
1533 919 1878 980 creationis
1922 913 2198 979 identifi-

636 1035 764 1094 cari
811 1034 962 1095 huic
1012 1036 1450 1098 determinato
1498 1038 1659 1110 enti,
1695 1036 1854 1114 quin
1902 1050 2051 1097 esse
2085 1034 2195 1097 de-

635 1155 1055 1213 terminatum
1089 1153 1294 1228 possit
1324 1152 1558 1231 attingi
1590 1168 1625 1212 a
1661 1169 1866 1214 causa
1898 1152 2192 1213 secunda

635 1265 1171 1343 independenter
1216 1284 1253 1327 a
1300 1270 1602 1329 materia.
1636 1267 1820 1330 Unde
1850 1270 2192 1345 responsio

637 1382 932 1462 Cajetani
1000 1390 1379 1445 evacuatur.
1460 1386 1660 1446 Recte
1720 1401 1879 1462 ergo
1952 1386 2195 1463 colligit

641 1500 884 1561 Doctor
946 1502 1281 1562 committi·
1328 1500 1914 1579 aequivocationem
1968 1504 2032 1563 in
2092 1500 2188 1561 di·

637 1631 867 1677 scursu
898 1617 971 1678 D.
1023 1618 1307 1692 Thomae,
1358 1618 1462 1679 vel
1509 1618 1771 1679 alteram
1823 1620 2186 1696 praemissa·

639 1749 784 1794 rum
830 1748 977 1796 esse
1007 1731 1261 1795 falsam.

414 1893 488 1944 12.
718 1850 803 1933 (c)
851 1857 1003 1914 Item
1039 1855 1456 1930 probationes
1498 1856 1679 1917 illius
1703 1857 2189 1933 propositionis,

338 1957 559 2085 9133&ng
641 1972 764 2031 etc.
827 1970 936 2030 Hic
989 1970 1202 2050 rejicit
1245 1973 1490 2034 Doctor
1544 1972 1962 2048 probationes
2019 1972 2190 2033 illius

371 2096 516 2133 ones.
641 2086 1125 2166 propositionis,
1169 2102 1410 2165 nempe
1454 2104 1585 2150 esse
1634 2089 2036 2164 simpliciter,
2103 2095 2189 2149 est

629 2205 946 2279 proprius
977 2202 1238 2275 effectus
1267 2205 1405 2271 Dei,
1442 2210 1566 2264 etc.
1602 2210 1836 2281 estque
1885 2201 2133 2279 duplex
2171 2224 2184 2264 ε

637 2319 845 2380 Prima
906 2324 1029 2392 est,
1103 2318 1279 2397 quod
1335 2319 1612 2382 effectus
1683 2320 2189 2382 universaliores

640 2432 890 2496 debent
917 2433 1147 2494 reduci
1176 2436 1242 2496 in
1288 2450 1520 2495 causas
1550 2436 2054 2497 universaliores
2104 2436 2189 2497 ad

640 2567 839 2627 quam
899 2549 1283 2627 respondet,
1345 2549 1525 2629 quod
1600 2551 1669 2631 ly
1728 2541 2185 2621 universalior,

291 1440 410 1491 Com
421 1440 581 1513 mittit

309 1517 588 1569 aequivoca·

346 1572 551 1615 tionem.

635 2683 718 2727 ex
749 2673 934 2743 parte
966 2667 1310 2745 utriusque
1368 2667 1628 2727 termini
1659 2667 1936 2746 intelligi
1982 2648 2227 2745 possit·

637 2785 1002 2863 dupliciter,
1088 2786 1191 2847 vel
1251 2786 1619 2856 secundum
1679 2787 2010 2862 virtutem,
2081 2788 2187 2847 vel

634 2899 1004 2961 secundum
1092 2898 1643 2978 praedicationem.
1736 2903 1798 2964 Si
1890 2907 2191 2963 sumatur

636 3015 1068 3088 uniformiter,
1118 3021 1191 3077 ut
1234 3020 1497 3094 ponitur
1526 3034 1607 3078 ex
1657 3024 1838 3095 parte
1871 3019 2186 3097 subjecti,

635 3141 702 3196 et
733 3140 804 3196 ut
848 3152 927 3196 ex
960 3122 1144 3212 parte
1178 3133 1528 3212 praedicati,
1563 3133 1629 3198 id
1657 3141 1781 3207 est,
1815 3136 2186 3199 secundum

637 3251 1108 3328 perfectionem
1140 3258 1203 3312 et
1245 3251 1554 3312 virtutem
1609 3257 1882 3325 tantum,
1937 3252 2040 3314 vel
2085 3270 2185 3314 se-

635 3376 923 3438 cundum
965 3376 1495 3452 praedicationem
1549 3381 1823 3449 tantum,
1881 3378 2190 3440 concedit

635 3483 978 3573 n'lajo'rem,
1013 3494 1162 3571 quia
1215 3496 1623 3555 communior
1654 3493 1927 3556 effectus
1971 3500 2188 3570 potest

637 3609 863 3670 reduci
895 3608 1259 3670 in'causam
1292 3613 1498 3689 magis
1534 3626 1975 3683 communem,
2025 3628 2184 3688 per-

368 3723 578 3836 tiausin·
634 3709 868 3770 fectior
918 3708 1194 3769 effectus
1251 3711 1315 3770 in
1375 3725 1639 3771 causam
1697 3711 1905 3789 magis
1964 3710 2179 3787 perfe-

286 3801 380 3850 par
408 3803 483 3836 icu
506 3803 608 3837 aris

355 3850 547 3915 „guad
639 3835 828 3901 ctam,
876 3829 1055 3891 verbi
1101 3830 1334 3909 gratia,
1402 3846 1519 3891 ens
1571 3836 1908 3890 causatum
1959 3830 2184 3894 reduci

339 3927 559 4045 3¹23ssss
638 3952 856 4025 potest
926 3946 993 4008 in
1067 3963 1185 4008 ens
1247 3945 1427 4026 quod
1500 3952 1595 4008 est
1656 3962 1874 4020 causa,
1951 3952 2183 4035 estque

333 4051 559 4100 effecius.
635 4079 984 4125 commune
1047 4064 1181 4125 Deo
1241 4069 1307 4125 et
1363 4078 1581 4124 causae
1640 4065 1969 4136 secundae,
2032 4081 2181 4143 quae

633 4179 936 4258 producit
978 4194 1167 4240 suum
1222 4179 1557 4254 effectum,
1618 4197 1751 4241 non
1800 4183 2014 4242 solum
2059 4182 2179 4242 sub

631 4298 882 4359 ratione
928 4296 1390 4369 determinata,
1442 4297 1564 4358 sed
1618 4297 1814 4358 etiam
1857 4298 1981 4359 sub
2025 4299 2182 4359 rati-

628 4429 757 4476 one
803 4417 973 4477 entis
1008 4418 1073 4473 et
1126 4417 1320 4476 totius
1368 4415 1543 4493 quod
1593 4414 1973 4486 includitur,
2031 4417 2183 4494 quia

628 4529 886 4610 attingit
917 4529 1243 4610 quidquid
1276 4529 1631 4592 includitur
1661 4534 1725 4595 in
1756 4547 1875 4593 suo
1911 4532 2177 4603 effectu,

627 4648 813 4708 verbi
861 4651 1096 4727 gratia,
1160 4650 1331 4728 ignis
1380 4653 1663 4729 generat
1709 4649 1882 4711 hunc
1933 4652 2178 4729 ignem,

627 4769 694 4824 et
758 4763 1083 4824 rationem
1132 4767 1444 4841 corporis,
1535 4765 1935 4836 substantiae,
1982 4767 2176 4838 entiS‚

626 4885 699 4943 ut
728 4880 1154 4943 includuntur
1194 4883 1259 4943 in
1303 4881 1427 4943 hoc
1475 4884 1652 4962 igne,
1704 4891 1775 4945 ut
1823 4880 2177 4959 praedicata

633 4998 780 5077 ejus
851 4997 1262 5073 essentialia;
1314 4998 1468 5059 nihil
1528 5001 1703 5059 enim
1763 4999 2054 5060 continet
2113 5001 2178 5060 in

629 5127 748 5172 sua
777 5112 1017 5173 virtute
1049 5110 1483 5185 individuum,
1535 5111 1712 5191 quod
1742 5129 1875 5173 non
1907 5107 2183 5173 includit

629 5234 694 5293 in
743 5248 859 5293 sua
919 5233 1154 5293 virtute
1215 5233 1431 5293 omnia
1478 5231 1622 5310 ejus
1680 5230 2033 5308 praedicata
2081 5247 2179 5292 es·

629 5349 949 5419 sentialia,
996 5348 1136 5409 sine
1171 5348 1407 5425 quibus
1436 5347 1667 5425 nequit
1697 5361 1866 5409 esse.

711 5465 927 5528 Altera
980 5464 1177 5526 etiam
1229 5478 1377 5541 pars
1422 5468 1521 5522 est
1571 5461 1943 5535 manifesta,
2025 5465 2174 5540 quia

632 5600 779 5652 esse
824 5585 1104 5648 effectus
1146 5581 1575 5666 participatur
1639 5599 1675 5645 a
1722 5598 1959 5656 causa3
2017 5598 2176 5661 ergo

2313 582 2442 645 quo
2488 566 2840 646 perfectior
2902 575 3001 631 est
3065 585 3260 630 causa
3322 567 3555 629 saltem
3621 566 3853 644 princi-

2310 686 2472 763 palis
2504 685 2904 763 producens,
2936 692 3009 747 ut
3036 683 3464 747 excludamus
3494 684 3670 745 illam
3702 699 3852 743 con-

2310 803 2693 862 troversiam
2753 800 2836 864 de
2892 804 3130 863 virtute
3189 808 3256 863 et
3298 802 3628 863 activitate
3686 802 3848 862 acci-

2309 914 2523 979 dentis
2577 918 2644 978 in
2700 919 3153 993 substantiam,
3204 934 3346 997 quae
3387 918 3658 979 inferius
3721 924 3846 979 tra-

2309 1037 2521 1095 ctatur
2548 1050 2666 1096 suo
2713 1036 2878 1098 loco.
3412 1012 3424 1027 ⁶

2389 1153 2491 1213 llis
2560 1151 2941 1228 suppositis,
3003 1151 3381 1229 respondet,
3442 1153 3495 1212 si
3553 1155 3849 1211 sumatur
3885 1150 4212 1264 [ξῐοίῗὲΐὲεὲὲ

2308 1284 2389 1328 ex
2435 1275 2615 1347 parte
2652 1270 2959 1350 subjecti,
3003 1278 3074 1332 ’et
3120 1286 3199 1332 ex
3249 1273 3435 1346 parte
3486 1267 3843 1345 praedicati,
3908 1275 4194 1347 praedictas

2306 1386 2371 1465 ly
2415 1386 2868 1461 universalior,
2929 1392 3003 1448 ut
3057 1386 3327 1448 denotat
3369 1385 3844 1464 perfectionem
3933 1339 4166 1452 9222?-

2308 1519 2518 1563 causae
2574 1506 2640 1564 et
2684 1502 2981 1575 effectus,
3043 1504 3365 1582 majorem
3408 1519 3553 1564 esse
3598 1518 3844 1576 veram,

2305 1623 2626 1681 minorem
2657 1637 2812 1683 vero
2861 1620 3112 1689 falsam,
3163 1621 3315 1698 quia
3369 1620 3843 1699 universalissi-

2303 1754 2449 1797 mus
2482 1736 2757 1797 effectus
2790 1741 2888 1796 est
2918 1732 3138 1813 quoad
3184 1732 3663 1812 perfectionem
3706 1750 3842 1794 cre-

2305 1852 2475 1914 abile
2518 1851 3015 1924 nobilissimum,
3062 1866 3180 1911 ens
3226 1851 3453 1927 nequit
3497 1865 3647 1912 esse
3699 1866 3847 1928 per·

2305 1971 2539 2033 fectius
2593 1972 2875 2048 positive
2907 1973 2928 2049 (
2959 1972 3113 2033 licet
3152 1971 3559 2048 permissive,
3612 1970 3681 2032 id
3728 1974 3847 2044 est,

2301 2096 2372 2150 ut
2401 2089 2708 2165 superius
2752 2088 2837 2149 ad
2882 2089 3090 2148 Deum
3143 2093 3208 2148 et
3261 2094 3624 2149 creaturam
3670 2091 3846 2149 esset

2304 2202 2710 2285 perfectius)
2767 2220 3183 2284 quocumque
3257 2205 3514 2267 illorum
3592 2204 3656 2265 in
3719 2223 3845 2282 quo

2300 2321 2675 2383 includitur.
2732 2322 2795 2382 Si
2843 2337 2998 2383 vero
3055 2326 3350 2381 sumatur
3394 2319 3463 2399 ly
3510 2322 3839 2380 universa-

2301 2437 2452 2510 lior,
2502 2419 2633 2497 ta‘m
2677 2453 2760 2498 ex
2804 2443 2981 2514 parte
3037 2452 3255 2497 causae
3308 2454 3507 2516 quam
3565 2436 3845 2498 effectus

2301 2554 2370 2613 in
2428 2553 2656 2633 maiori
2728 2551 3135 2626 difformiter,
3205 2554 3291 2614 ita
3348 2561 3419 2614 ut
3503 2568 3584 2614 ex
3656 2558 3842 2630 parte

2304 2687 2515 2733 causae
2546 2671 2818 2732 denotet
2848 2669 3320 2748 perfectionem
3361 2669 3651 2744 essendi,
3701 2688 3837 2733 ma·

2293 2790 2404 2868 jor
2461 2793 2560 2850 est
2612 2786 2799 2859 falsa,
2846 2791 2995 2866 quia
3055 2788 3329 2850 effectus
3375 2789 3840 2850 universalissi-

2301 2921 2446 2966 mus
2488 2906 2553 2966 in
2595 2904 3093 2982 praedicatione,
3131 2911 3346 2981 potest
3385 2922 3532 2967 esse
3563 2922 3599 2966 a
3644 2921 3840 2967 causa

2299 3019 2706 3098 imperfecta,
2742 3023 2890 3098 quia
2924 3022 3210 3082 salvatur
3247 3022 3313 3083 in
3345 3024 3518 3083 omni
3571 3021 3836 3095 effectu,

2299 3135 2493 3198 etiam
2548 3137 2960 3214 imperfecto,
3009 3139 3117 3216 qui
3182 3138 3478 3217 procedit
3534 3155 3569 3200 a
3629 3143 3839 3202 causis

2297 3251 2711 3316 inferioribus
2755 3255 3122 3316 secundum
3154 3253 3646 3330 perfectionem.

2375 3366 2807 3442 Respondent
2846 3367 3216 3446 CajetanuS,
3273 3374 3333 3428 et
3384 3370 3834 3440 Ferrariensis,
3995 3389 4072 3438 13.

2295 3480 2569 3560 intelligi
2663 3482 2726 3559 ly
2795 3482 3227 3543 universalior
3298 3481 3705 3558 difformiter,
3769 3491 3842 3548 ut
3899 3453 4171 3564 1033?-

2298 3596 2567 3658 denotat
2600 3596 3064 3673 perfectionem
3099 3600 3162 3657 in
3197 3615 3415 3672 causa,
3473 3603 3840 3664 communi-
3897 3576 4161 3689 Οξὲθῐξζζῗ*

2295 3718 2493 3775 tatem
2526 3714 3000 3791 praedicationis
3031 3717 3094 3776 in
3129 3715 3412 3791 effectu;
3447 3717 3626 3779 unde
3659 3719 3835 3782 aliud
3897 3701 4173 3753 rai-tensis.

2297 3831 2397 3888 est
2442 3828 2743 3889 effectum
2809 3829 3247 3889 universalem
3304 3831 3368 3889 in
3428 3829 3838 3908 praedicando

2299 3961 2445 4006 esse
2477 3960 2598 4022 per
2639 3960 2711 4005 se
2764 3945 2971 4022 primo
3013 3962 3046 4006 a
3112 3962 3304 4006 causa
3367 3948 3720 4010 universali
3774 3951 3839 4010 in

2297 4060 2726 4140 perfectione,
2781 4061 2960 4123 aliud
3015 4078 3170 4124 vero
3204 4077 3350 4124 esse
3409 4064 3489 4124 ab
3552 4080 3629 4124 ea
3678 4066 3839 4127 sola.

2298 4177 2501 4237 Prima
2536 4182 2637 4237 est
2681 4193 2860 4248 vera,
2895 4180 2960 4236 et
2990 4177 3083 4237 sic
3115 4177 3495 4256 intelligitur
3543 4181 3833 4257 proposi·

2297 4297 2380 4355 tio
2415 4294 2487 4354 D.
2531 4293 2811 4363 'l'homae,
2861 4292 3157 4355 secunda
3190 4292 3372 4364 falsa,
3428 4302 3623 4372 prout
3672 4297 3841 4358 male

2294 4407 2619 4470 intellexit
2646 4409 2898 4470 ScotuS.
2932 4409 3129 4469 Addit
3180 4410 3628 4483 FerrariensiS‚
3664 4418 3843 4488 quod

2296 4524 2574 4586 effectus
2607 4521 3192 4585 universalissimus
3256 4515 3642 4604 intelligitur
3686 4541 3835 4588 esse

2292 4661 2327 4706 a
2375 4661 2570 4706 causa
2615 4645 2961 4706 universali
3024 4643 3218 4708 modo
3282 4643 3477 4719 dicto,
3549 4664 3683 4709 non
3742 4665 3842 4708 so-

2294 4761 2430 4822 lum
2494 4758 2714 4838 quoad
2757 4761 2931 4820 illam
2992 4758 3460 4835 praedicabilem
3520 4765 3839 4825 rationem

2295 4882 2360 4939 et
2403 4877 2589 4954 quasi
2635 4878 2994 4954 praecisam,
3046 4876 3166 4939 sed
3218 4877 3582 4940 secundum
3633 4884 3836 4941 totum

2294 4995 2608 5057 ambitum
2668 4996 2982 5067 omnium,
3046 5010 3190 5072 quae
3268 4993 3441 5055 illam
3510 5000 3833 5060 rationem

2292 5110 2710 5189 participant.

2373 5228 2513 5288 Haec
2584 5228 2923 5304 responsio
2997 5234 3217 5288 manet
3298 5229 3678 5307 impugnata
3757 5247 3838 5291 ex

2295 5344 2508 5416 diona,
2554 5344 2703 5423 quia
2763 5360 2909 5404 esse
2956 5358 3075 5419 per
3130 5358 3201 5402 se
3261 5346 3467 5420 primo
3530 5346 3834 5408 effectum

2291 5461 2936 5531 universalissimum,
2990 5459 3055 5520 id
3101 5465 3221 5534 est,
3263 5479 3371 5523 ens
3413 5464 3478 5524 in
3525 5469 3838 5540 quantum

2293 5597 2428 5655 eus,
2461 5598 2496 5642 a
2530 5593 2724 5641 causa
2769 5576 3221 5640 universaliori
3273 5582 3338 5642 in
3396 5578 3832 5659 perfectione,
