4287 6313
597 395 677 457 30
1574 401 1581 410 ‘
1715 394 1860 457 ΗΒ.
1896 395 1994 456 IV.
2029 392 2626 457 SENTEN'I'IARUM

251 575 527 649 secuudum
579 557 727 635 quia
773 557 865 618 sic
921 573 1053 619 non
1112 563 1214 619 est
1276 558 1593 621 terminus
1645 558 2122 635 productionis,

252 644 521 690 ratmnem.
574 673 695 734 sed
751 674 1082 753 singulare
1143 677 1333 750 entiS‚
1382 674 1563 736 verbi
1606 675 1837 753 gratia,
1898 674 1963 735 in
2008 675 2122 734 ho-

572 790 751 849 mine
822 789 1002 867 prius
1077 795 1307 852 natura
1384 796 1483 852 est
1555 791 1885 869 singulare
1958 790 2126 851 entis

577 923 771 986 quam
849 908 1184 985 singulare
1267 910 1556 984 corporis
1633 910 1747 967 aut
1817 905 2121 978 hominiS,

566 1025 754 1105 juxta
811 1041 887 1086 ea
963 1040 1105 1102 quae
1159 1026 1405 1085 Doctor
1476 1024 1660 1098 infra
1733 1021 2127 1085 determinat

575 1143 638 1203 d.
672 1143 731 1203 8.
766 1146 984 1218 quaest.
1030 1144 1092 1202 2.
1141 1140 1477 1218 explicans
1508 1137 1785 1199 formam
1832 1139 2124 1216 corporis

577 1258 830 1329 Christi,
877 1257 988 1318 ubi
1048 1256 1200 1317 dicit
1258 1256 1434 1334 quod
1479 1255 1547 1333 ly
1592 1255 1735 1329 hoc,
1795 1264 2125 1333 supponat

577 1390 693 1452 pro
739 1373 1052 1453 singulari
1112 1374 1301 1446 entiS,
1357 1372 1654 1450 illudque
1716 1373 2127 1435 demonstrat

580 1496 645 1553 et
695 1492 1007 1570 supponit
1050 1489 1393 1568 praedicato
1429 1510 1442 1551 :
1481 1494 1727 1565 Corpus
1770 1505 2011 1561 meum,
2062 1497 2126 1551 et

229 1582 544 1711 ᾖζῑζξιὲξζῗῇ
578 1608 853 1687 perinde
884 1606 1036 1670 facit
1077 1605 1159 1669 ad
1207 1623 1515 1685 praesens,
1570 1607 1705 1668 sive
1752 1608 1931 1669 dicas
1980 1622 2129 1668 cum

242 1710 289 1760 ri
318 1715 541 1762 ²⁸¹¹U¹¹¹¹=
581 1725 973 1804 quibusdam
1004 1733 1243 1787 nostrae
1277 1724 1532 1797 scholae,
1584 1726 1949 1803 quemlibet
1976 1742 2125 1804 gra-

582 1843 741 1904 dum
795 1843 1309 1921 Metaphysicum
1378 1841 1626 1903 habere
1694 1845 1758 1904 in
1832 1841 2129 1920 quolibet

580 1961 912 2036 propriam
959 1960 1400 2021 haecceitatem
1447 1958 1774 2022 diversam
1827 1960 1908 2021 ab
1964 1959 2127 2020 haec-

584 2075 819 2137 ceitate
890 2077 1180 2146 alteriuS,
1255 2076 1438 2137 verbi
1503 2081 1733 2154 gratia,
1797 2091 1915 2135 ens
1972 2092 2124 2152 pro-

582 2191 790 2269 priam
834 2192 1357 2271 singularitatem
1430 2191 1754 2251 diversam
1814 2206 1848 2249 a
1905 2191 2127 2268 singu-

581 2307 834 2370 laritate
896 2308 1193 2369 animalis
1247 2313 1308 2369 et
1363 2305 1685 2377 hominis;
1739 2306 1876 2367 sive
1952 2305 2129 2368 dicas

584 2442 704 2503 per
769 2440 969 2487 unam
1037 2424 1229 2486 reddi
1300 2439 1530 2485 omnes
1600 2423 1993 2502 singulareS,
2059 2428 2131 2484 ut

583 2540 811 2602 volunt
864 2540 992 2613 alii,
1053 2539 1204 2616 quia
1247 2539 1385 2599 sive
1431 2542 1546 2612 sic,
1610 2538 1746 2600 sive
1807 2538 1993 2600 aliter
2036 2536 2125 2598 di-

587 2662 791 2731 catur,
853 2654 1195 2734 productio
1255 2671 1387 2716 non
1431 2654 1696 2733 respicit
1753 2652 2128 2733 sigularita-

589 2777 719 2836 tem
749 2776 820 2832 ut
854 2773 1205 2833 terminum
1231 2769 1599 2843 formalem,
1652 2769 1776 2831 sed
1826 2776 2126 2832 naturam

589 2894 654 2951 et
682 2888 1036 2949 essentiam
1080 2887 1183 2947 cui
1226 2885 1642 2965 singularitas
1693 2893 1794 2948 est
1843 2884 2128 2948 conditio

590 3002 851 3065 essendi
899 3005 966 3063 et
1019 3000 1285 3082 agendi.

357 3150 434 3202 19.
667 3120 1015 3183 Productio
1069 3136 1226 3199 ergo
1271 3118 1636 3182 secundum
1681 3117 1978 3182 ordinem
2010 3120 2129 3181 ori-

518 3247 521 3250 '
587 3241 760 3320 ginis
828 3239 1097 3314 respicit
1169 3236 1372 3313 primo
1445 3234 1725 3315 gradum
1794 3237 1985 3312 entiS,
2057 3241 2129 3298 ut

586 3355 894 3417 affectum
952 3353 1430 3432 singularitate,
1496 3352 1599 3412 vel
1672 3354 1960 3429 propria,
2021 3351 2127 3412 vel

585 3472 936 3546 communi,
986 3468 1229 3531 deinde
1285 3467 1575 3547 reliquos
1631 3468 1880 3547 gradus
1936 3472 2130 3544 prout

582 3588 913 3651 accedunt
956 3587 1040 3649 ad
1100 3600 1239 3647 ens,
1309 3587 1449 3646 Haec
1511 3591 1728 3646 autem
1786 3584 2127 3662 productio

585 3705 819 3767 dicitur
874 3706 1117 3767 creatio
1186 3701 1319 3763 late
1419 3705 1681 3778 sumpta
1757 3702 2127 3763 secundum

584 3817 1201 3898 appropriationem,
1238 3831 1369 3876 non
1416 3815 1785 3877 secundum
1829 3814 2124 3892 proprie-

272 3909 528 4036 gennssssffiis
588 3941 812 4008 tatem,
894 3933 1042 4010 quia
1117 3933 1276 3994 ratio
1350 3931 1681 4011 generalis
1740 3932 1804 3991 in
1889 3930 2128 3993 effectu

267 4037 525 4165 azffpffiffi-
589 4051 791 4132 magis
856 4049 1314 4128 appropriatur
1384 4064 1590 4109 causae
1658 4046 2008 4108 universali
2066 4052 2130 4106 et

324 4165 488 4273 3:32⁸ss
589 4168 843 4247 primae,
885 4167 1073 4246 cujus
1117 4167 1284 4227 actio
1332 4163 1566 4226 dicitur
1614 4163 1881 4236 creatio,
1932 4179 2127 4240 quam

266 4286 515 4398 geffigali-
591 4300 801 4346 causae
841 4282 1239 4360 particulari,
1298 4296 1430 4341 non
1495 4276 1673 4357 quod
1731 4277 2003 4338 effectus
2062 4278 2127 4337 in

243 4415 294 4463 et
362 4388 558 4477 quin-et
589 4416 661 4461 se
693 4400 940 4463 divisus
983 4400 1088 4468 sit,
1137 4396 1286 4475 quia
1320 4400 1386 4456 et
1441 4393 1682 4474 gradus
1726 4393 2130 4470 particularis

589 4517 736 4598 ejus
791 4521 895 4578 est
941 4530 977 4575 a
1019 4530 1215 4575 causa
1272 4512 1650 4581 universali,
1710 4509 1877 4570 sicut
1934 4510 2128 4570 etiam

586 4631 833 4714 gradus
901 4628 1289 4692 universalis
1352 4642 1389 4687 a
1458 4642 1653 4687 causa
1733 4625 2128 4703 particulari,

583 4749 705 4812 sed
760 4750 1029 4824 propter
1084 4742 1433 4822 quamdam
1500 4739 2126 4819 appropriationem,

584 4864 737 4945 quia
784 4861 1031 4943 gradus
1078 4845 1464 4922 universalis
1506 4861 1571 4920 in
1629 4857 1877 4919 effectu
1922 4857 2132 4935 magis

581 4982 869 5045 imitatur
925 4980 1230 5041 virtutem
1289 4975 1730 5038 universalem
1793 4981 1860 5034 et
1917 4973 2132 5037 illimi-

582 5103 783 5160 tatam
829 5111 1115 5168 causam,
1163 5108 1448 5171 eamque
1502 5092 1567 5153 in
1616 5089 1813 5152 modo
1864 5087 2131 5151 essendi

585 5210 916 5275 communi
963 5214 1028 5271 et
1073 5206 1382 5268 illimitato
1416 5206 1626 5284 magis
1669 5204 1970 5281 adaequat
2014 5219 2137 5281 per

589 5327 859 5391 modum
917 5325 1185 5406 objecti,
1232 5339 1354 5385 seu
1412 5321 1694 5398 termini,
1742 5337 1939 5400 quam
1985 5337 2134 5400 gra·

593 5447 716 5510 dus
788 5441 1216 5521 particulariS,
1290 5439 1401 5519 qui
1466 5438 1766 5515 sequitur
1833 5442 2130 5500 naturam

600 5577 817 5626 causae
862 5562 1341 5631 determinatae,
1387 5573 1531 5637 quae
1588 5573 1669 5618 ex
1716 5554 1846 5617 fine
1898 5572 2019 5618 suo
2072 5565 2139 5622 et

2236 556 2552 635 principio
2599 556 2844 636 agendi
2886 555 3223 618 ordinatur
3266 555 3345 618 ad
3405 554 3778 633 producen-

2235 671 2392 734 dum
2449 674 2569 733 sibi
2628 675 2840 736 simile
2908 679 2973 734 et
3042 689 3161 734 ens
3222 672 3769 744 determinatum;

2235 792 2551 868 quamviS,
2600 798 2670 853 ut
2715 790 2867 863 dixi,
2914 792 3050 853 haec
3106 790 3480 853 secundum
3545 807 3780 868 appro-

2234 909 2627 983 priationem
2657 923 2813 968 vera
2847 908 2994 983 sint,
3035 923 3167 969 non
3196 924 3352 969 vero
3407 906 3776 969 secundum

2237 1024 2725 1100 proprietatem,
2808 1022 3367 1084 accommodando
3436 1022 3559 1083 sibi
3612 1024 3778 1083 invi-

2236 1154 2379 1200 cem
2413 1155 2677 1199 causam
2722 1145 2785 1200 et
2837 1138 3171 1210 effectum,
3219 1136 3587 1199 secundum
3633 1154 3782 1215 pro-

2236 1258 2603 1333 portionem
2650 1254 2990 1334 cujusdam
3045 1257 3447 1331 imitationiS‚
3508 1271 3589 1317 ex
3648 1271 3778 1332 quo

2236 1390 2366 1434 non
2430 1374 2732 1447 liabetur,
2792 1374 2971 1454 quod
3027 1379 3324 1435 creatura
3385 1390 3517 1435 non
3577 1375 3777 1452 possit

2240 1506 2463 1552 creare
2508 1490 2774 1570 aliquod
2803 1490 3037 1553 saltem
3068 1491 3573 1553 determinatum
3607 1490 3777 1552 esse.

2235 1611 2327 1670 Ex
2373 1609 2562 1672 dictis
2616 1617 2794 1688 patet
2854 1612 3182 1690 reliquum
3239 1608 3419 1689 quod
3478 1610 3781 1688 sequitur

2236 1727 2300 1787 in
2332 1728 2547 1789 littera
2597 1729 2909 1801 Doctoris‚
2961 1730 3113 1807 quia
3155 1729 3223 1789 in
3261 1725 3775 1804 praecedentibus

2240 1859 2386 1904 eam
2416 1843 2480 1903 in
2528 1842 2826 1906 discursu
2884 1845 3336 1921 explicuimus,

2317 1954 2406 2037 (e)
2452 1961 2635 2030 Quod
2669 1962 2863 2019 etiam
2915 1961 3181 2021 additur
3217 1961 3294 2020 de
3331 1961 3772 2030 instrumente,
3931 1979 4009 2029 ευ,

2241 2079 2367 2136 etc.
2400 2076 2488 2135 Ex
2518 2075 2767 2137 ratione
2813 2076 3138 2152 praemissa
3170 2077 3244 2135 D.
3300 2075 3580 2144 Thomae,
3634 2072 3778 2133 duae
3817 2038 4107 2153 2333}ssss

2242 2191 2698 2252 conclusiones
2761 2192 2841 2252 ab
2917 2194 3058 2269 ipso
3133 2193 3498 2254 eliciuntur.
3575 2189 3776 2250 Prima
3837 2164 4095 2280 ⁰⁰thgffii‘

2241 2315 2363 2381 est,
2415 2326 2656 2386 nempe
2703 2318 3066 2371 creaturam
3097 2316 3171 2372 ut
3221 2326 3490 2371 causam
3539 2293 3876 2385 princi-D·
3925 2291 4126 2345 Thom,

2238 2424 2457 2502 palem
2510 2442 2641 2487 non
2698 2441 2888 2505 posse
2946 2442 3207 2498 creare3
3271 2422 3566 2487 secunda
3621 2439 3775 2485 vero

2240 2540 2363 2608 est,
2415 2534 2596 2614 quod
2645 2553 2863 2615 neque
2895 2545 2965 2599 ut
2997 2554 3192 2599 causa
3237 2532 3780 2597 instrumentalis.

2236 2654 2447 2715 Prima
2509 2654 2648 2733 jam
2720 2654 3088 2716 examinata
3160 2659 3283 2728 est,
3359 2662 3487 2715 tam
3563 2650 3781 2729 quoad

2241 2772 2783 2848 consequentiam
2854 2786 3051 2848 quam
3141 2769 3359 2848 quoad
3439 2769 3782 2830 veritatem

2242 2887 2558 2965 principii.
2620 2887 2990 2948 Secundam
3037 2888 3231 2947 etiam
3292 2884 3782 2946 conclusionem

2238 3003 2343 3063 hic.
2380 3003 2589 3081 rejicit
2633 3003 2852 3080 quoad
2912 3004 3469 3081 consequentiam,
3526 3006 3593 3060 et
3636 2999 3780 3061 rati-

2239 3135 2425 3191 oneS,
2461 3120 2700 3199 quibus
2753 3118 3008 3196 probat,
3048 3124 3119 3179 ut
3157 3116 3336 3195 quod
3384 3119 3783 3180 instrumen-

2240 3240 2374 3293 tum
2416 3249 2548 3294 non
2595 3235 2938 3311 participet
2986 3233 3309 3295 actionem
3349 3248 3561 3294 causae
3601 3230 3778 3307 prin·
3893 3262 4045 3312 Ratio

2241 3353 2487 3431 cipalis,
2518 3354 2640 3413 nisi
2673 3357 2824 3431 agat
2854 3368 2973 3428 per
3000 3350 3264 3427 aliquod
3296 3350 3418 3411 sibi
3448 3349 3786 3427 proprium
3809 3325 3871 3375 D.
3891 3326 4130 3376 Thomae.

2239 3471 2324 3533 ad
2368 3472 2670 3534 effectum
2728 3471 3062 3549 proprium
3120 3486 3329 3532 causae
3372 3468 3778 3547 principalis;

2241 3595 2306 3650 et
2354 3587 2734 3667 intelligitur
2790 3586 2873 3647 de
2932 3589 3191 3649 actione
3251 3585 3654 3663 dispositiva,
3706 3592 3782 3645 ut.

2245 3708 2422 3781 patet
2495 3706 2557 3765 in
2637 3702 2939 3778 exemplo
3013 3700 3325 3771 adductO,
3410 3703 3494 3763 de
3570 3701 3785 3763 securi

2241 3819 2635 3897 disponente
2706 3818 2789 3880 ad
2859 3820 3109 3880 scamni
3178 3816 3476 3888 formam,
3542 3816 3664 3879 sed
3719 3818 3785 3878 in
3839 3864 3954 3913 Non
3982 3863 4101 3913 dari

2243 3935 2590 3999 creatione.
2666 3949 2808 4011 quae
2879 3933 3037 3994 nihil
3115 3933 3579 4009 praesupponit,
3653 3927 4137 4037 noniustffiflmjen-

2244 4050 2432 4112 datur
2476 4049 2719 4127 aliquid
2779 4047 2959 4126 quod
3002 4053 3226 4124 posset
3285 4046 3569 4125 disponi,
3629 4049 3780 4126 quia
3808 4051 4105 4102 creationis.

2240 4183 2374 4226 non
2413 4167 2802 4243 supponitur
2842 4164 3110 4243 aliquod
3161 4165 3554 4243 subjectum,
3605 4165 3783 4243 quod

2244 4281 2725 4360 disponeretur,
2807 4298 2954 4342 cum
3027 4284 3110 4342 sit
3182 4281 3525 4359 productio
3613 4285 3783 4344 entis

2244 4401 2449 4475 primo
2484 4404 2549 4459 et
2578 4414 2659 4458 ex
2699 4396 2924 4458 nihilo.

2305 4511 2701 4589 'Respondet
2754 4528 2912 4590 ergo
2979 4512 3219 4574 Doctor
3288 4512 3784 4591 interpretando

2242 4629 2584 4707 maiorem,
2657 4628 2745 4687 ita
2818 4633 2891 4688 ut
2949 4627 3266 4705 particula
3332 4645 3454 4704 per
3518 4631 3789 4705 aliquod

2233 4748 2604 4822 proprium,
2672 4741 2980 4821 designet
3048 4743 3373 4804 actionem
3429 4745 3782 4823 propriam,

2245 4860 2447 4922 etsie
2499 4859 2709 4938 maj0r
2780 4864 2956 4921 esset
3020 4858 3180 4921 falsa
3250 4877 3372 4937 per
3438 4862 3788 4930 rationem.

2246 4994 2439 5054 quam
2488 4977 2667 5051 infra
2709 4975 3068 5056 subjungit,
3142 4979 3290 5055 quia
3346 4978 3411 5037 in
3469 4995 3789 5058 quacum-

2245 5109 2376 5171 que
2421 5096 2702 5163 actione,
2751 5111 2948 5172 quam
2978 5095 3254 5158 haberet
3284 5110 3415 5158 non
3459 5096 3523 5157 in
3553 5098 3789 5160 virtute

2246 5208 2619 5286 principalis
2662 5213 2920 5289 agentis
2964 5212 3028 5273 in
3071 5210 3203 5283 illa,
3260 5228 3394 5274 non
3465 5219 3641 5274 esset
3694 5213 3787 5275 in-

2245 5328 2704 5398 strumentum,
2752 5325 2874 5387 sed
2932 5319 3289 5402 princtpale
3349 5343 3579 5408 agenS,
3639 5330 3791 5407 quia

2246 5441 2506 5502 scilicet·
2567 5457 2786 5520 neque
2862 5444 3182 5506 actionem
3256 5445 3492 5522 ipsam,
3565 5461 3788 5524 neque

2246 5557 2639 5635 principium
2679 5558 2953 5620 actionis
2993 5559 3412 5637 participaret
3440 5560 3518 5622 ab
3549 5566 3793 5643 agente
