4287 6313
610 431 727 493 428

272 589 571 703 efnffiffiu-
618 595 901 657 mitanus
941 600 1265 661 catechesi
1304 602 1743 677 mystaqoyica
1774 605 1839 660 et
1869 599 2160 660 cateche-

302 715 548 841 Οιὲῖιὲἓὲὲῐ
615 712 677 770 si
699 713 758 772 2.
797 713 1066 775 Basilius
1105 714 1215 774 lib.
1264 719 1322 780 3.
1376 717 1465 777 ad
1511 717 1918 788 memmium,
1967 715 2160 775 Sexta

267 840 589 904 (25r11.Alex.
619 824 923 902 Synodus
956 828 1658 907 Constantinopolitana
1692 848 1832 906 cap.
1865 833 1925 891 7.
1961 830 2158 908 Chry-

256 904 581 953 Tertulhan.
1004 947 1014 958 .
1809 948 1820 959 .
1946 950 1956 959 .
2109 949 2121 960 .

300 962 542 1027 cyprian.
615 948 942 1004 sostomus
989 963 1053 1006 m
1102 965 1238 1022 cap.
1287 949 1379 1008 15.
1432 949 1482 1008 1.
1533 949 1622 1007 ad
1663 948 2045 1018 Corinthios,
2092 966 2158 1007 m

300 1026 551 1077 Hilarius.
1509 1066 1518 1076 .
2015 1065 2025 1074 .

300 1091 547 1138 Amin-os.
614 1077 755 1134 cap.
816 1062 868 1120 l.
923 1063 1011 1122 ad
1057 1070 1220 1124 orat.
1273 1067 1321 1124 l.
1376 1064 1651 1143 Cyrillus
1678 1063 2158 1125 Alexandrinus

301 1152 551 1263 ffifffisss
609 1177 677 1234 in
727 1194 778 1234 c.
832 1179 932 1237 25.
992 1181 1168 1238 lsaiae
1216 1179 1325 1241 lib.
1375 1181 1465 1242 12.
1515 1181 1583 1240 in
1623 1183 1960 1248 loannem.
2009 1198 2152 1258 cap.

282 1277 561 1391 {ffiffffiffi
607 1292 708 1353 64.
755 1299 818 1350 et
866 1294 1095 1370 reliqui
1152 1294 1348 1355 Graeci
1391 1295 1632 1355 Patres
1686 1294 1863 1356 Idem
1914 1295 2159 1356 docent

612 1409 1318 1496 munh-Tertullianus
1381 1415 1457 1472 dc
1513 1413 1917 1486 spectaculis,
1979 1429 2031 1471 c,
2091 1413 2151 1471 4.

608 1519 972 1600 Cyprianus
1003 1526 1178 1599 epist.
1213 1527 1313 1586 70.
1351 1533 1404 1585 ct
1434 1525 1534 1586 76.
1574 1526 1841 1586 Hilarius
1886 1529 1951 1587 iu
1996 1530 2153 1586 Mat-

615 1643 846 1702 thaeum
878 1660 1019 1703 can.
1062 1645 1161 1704 75.
1204 1646 1578 1706 Ambrosius
1630 1646 1739 1704 lib.
1795 1648 1852 1707 2.
1908 1651 1984 1708 de
2033 1653 2153 1706 Sa·

606 1774 808 1819 cram.
866 1776 1003 1833 cap.
1066 1763 1165 1820 75.
1224 1766 1279 1819 et
1323 1762 1434 1822 lib.
1498 1763 1573 1822 dc
1620 1764 1870 1837 Spiritu
1912 1771 2151 1829 sancto.

601 1891 741 1947 cap.
800 1876 889 1934 ll.
929 1877 1357 1954 Hieronymus
1402 1877 1661 1951 dialoqo
1706 1884 1930 1937 contra
1976 1881 2153 1937 Luci-

601 1991 910 2064 ferianos‚
968 2008 1109 2067 cap.
1165 1993 1225 2051 5.
1280 1996 1366 2052 al
1409 1994 1895 2054 pammachium
1930 2000 2153 2055 contra

1885 2111 2152 2172 Rufinus

603 2226 668 2284 in
727 2225 1159 2300 explicatione
1230 2227 1546 2301 Symbote,
1616 2229 2016 2307 Augustinus
2075 2231 2152 2289 de

596 2339 723 2413 [lde
753 2347 808 2400 et
854 2341 1173 2414 operibuS,
1224 2358 1275 2400 c.
1330 2343 1388 2401 9.
1442 2347 1500 2400 et
1548 2358 1598 2401 c.
1653 2344 1754 2403 20.
1812 2348 1876 2403 et
1921 2359 2152 2405 omnes

598 2457 888 2516 ltituales
939 2459 1114 2517 idem
1169 2459 1627 2534 praescribunt,
1679 2477 1756 2520 ac
1796 2461 2150 2522 novissime

605 2124 860 2168 errores
916 2110 1458 2182 Jerosolymitani,
1522 2127 1663 2185 cap.
1730 2112 1789 2169 4.

596 2571 1053 2633 Tridentinum
1100 2591 1247 2634 sess.
1278 2575 1340 2634 6.
1378 2593 1519 2650 cap.
1566 2577 1628 2636 5.
1674 2577 1844 2638 hanc
1875 2579 2146 2654 primam

605 2690 934 2749 constituit
977 2693 1040 2750 in
1085 2690 1511 2768 dispositione.
1557 2691 1760 2754 adulti
1825 2693 1907 2753 ad
1965 2695 2150 2772 Justi-

603 2807 1005 2877 iicatione1n3
1077 2817 1139 2868 et
1203 2808 1518 2868 rationem
1594 2811 1816 2872 subdit
1879 2830 2023 2890 cap.
2087 2814 2146 2874 8.

605 2924 756 2999 quia
807 2929 907 2983 est
956 2926 1157 2984 radia:
1201 2931 1255 2982 et
1297 2926 1787 2999 fundamentum
1823 2931 2143 3005 justifica·

606 3039 821 3097 tionis

378 3180 426 3229 3.
465 3242 522 3253 ..
689 3153 990 3214 Secunda
1049 3154 1383 3234 dispositio
1445 3164 1545 3219 est
1618 3161 1991 3236 poenitentia
2066 3163 2150 3226 de

301 3243 551 3369 ξοξξξῇζζ,
608 3275 866 3343 actuali,
904 3276 1046 3337 sine
1082 3294 1205 3353 qua
1242 3280 1471 3356 nequit
1510 3282 1828 3358 consequi
1876 3286 2148 3359 gratiam

251 3430 313 3480 de
354 3367 1165 3483 ¹,gfffsstngali-sanc.tifis.·ante1n;
1239 3398 1324 3455 ita
1396 3397 1637 3457 Doctor
1706 3414 2040 3475 expresse,
2114 3402 2153 3480 g

302 3490 315 3507 ‘
350 3494 486 3543 Vera

600 3510 738 3572 Alio
789 3515 1001 3585 mode,
1052 3519 1177 3574 etc.
1233 3522 1297 3577 et
1351 3532 1548 3575 versu
1592 3520 1743 3578 Dico
1789 3526 1955 3590 tunc,
2009 3537 2151 3598 quae

598 3629 699 3686 est
756 3626 1048 3687 secunda
1112 3629 1443 3691 conclusio
1501 3632 1699 3711 hujus
1753 3636 2147 3712 quaestioniS.

595 3741 911 3803 Caeterum
958 3744 1039 3805 ab
1093 3748 1231 3806 aliis
1280 3747 1539 3823 citatur,
1576 3752 1763 3829 quasi
1794 3755 2150 3815 asseruerit

593 3875 725 3920 non
757 3862 999 3941 requiri
1034 3864 1316 3943 aliquem
1364 3865 1660 3927 dolorem
1710 3868 1794 3931 de
1846 3875 2145 3946 peccato,

593 3977 713 4038 sed
759 3979 966 4038 solam
1028 3979 1432 4042 voluntatem
1491 3985 1851 4061 recipiendi
1918 3990 2145 4048 Sacra·

262 4096 908 4204 Ca1u1nuia.menmm'
972 4094 1116 4156 sine
1173 4098 1645 4171 complacentia
1702 4102 1938 4161 actuali
1987 4116 2147 4178 pec·

287 4215 509 4267 Gabriel.
595 4210 744 4279 cati,
794 4211 878 4270 ita
939 4226 1089 4271 eum
1156 4211 1308 4273 citat
1366 4213 1625 4274 Gabriel
1669 4231 1786 4291 pro
1836 4216 1955 4277 hac
2001 4234 2146 4277 sen·

597 4327 794 4387 tentia
844 4329 907 4387 iu
952 4331 1011 4390 4.
1067 4330 1210 4389 dist.
1267 4330 1357 4389 14.
1409 4338 1623 4407 quaest.
1670 4333 1728 4392 2.
1763 4337 1884 4393 art.
1920 4335 1978 4393 2.
2014 4340 2141 4394 not.

230 4429 545 4499 uAlmainus.
593 4444 651 4502 2.
690 4451 745 4503 et
777 4446 920 4506 dist.
956 4445 1013 4504 4.
1050 4455 1269 4522 quaest.
1299 4448 1357 4508 2.
1393 4455 1515 4507 art.
1543 4450 1600 4509 2.
1623 4456 1767 4525 post
1797 4450 1854 4509 4.
1889 4451 2142 4511 conclu·

416 4508 426 4538 Ι
509 4530 521 4543 .

274 4493 557 4619 δ’ζῗῖθξὲν-
594 4561 857 4620 sionem.
913 4559 1249 4622 Almainus
1291 4565 1359 4622 iu
1408 4565 1466 4623 4.
1520 4566 1665 4626 dist.
1705 4565 1794 4625 14.
1833 4574 2046 4642 quaesc.
2080 4568 2141 4628 4.

266 4618 522 4731 ἓέεἷῗιιῗιιξῖ
594 4672 919 4735 Adrianus
952 4676 1317 4751 quodlibeto
1347 4681 1405 4739 5.
1444 4686 1566 4739 art.
1604 4682 1661 4741 3.
1707 4681 2041 4759 Sylvester
2081 4685 2145 4745 in

593 4789 881 4863 Summa,
914 4794 1125 4855 verbo
1162 4797 1485 4870 Confessio
1529 4798 1581 4856 l.
1619 4807 1832 4872 quaest.
1880 4802 1977 4860 21.
2022 4803 2145 4860 An-

598 4906 792 4982 gelus
822 4908 1061 4969 ibidem
1113 4913 1162 4971 l.
1210 4928 1385 4972 uum.
1434 4913 1533 4973 27.
1577 4913 1875 4974 Rosellus
1922 4915 1961 4994 g
2003 4916 2061 4977 4.

676 5027 942 5086 Scotum
991 5030 1071 5089 ab
1104 5028 1227 5090 hac
1261 5031 1586 5092 calumnia
1630 5034 1916 5096 vindicat
1963 5036 2143 5113 Vega

245 5171 564 5225 Vindicatur.
594 5143 703 5202 lib.
739 5144 795 5206 9.
830 5148 897 5206 in
948 5150 1221 5209 Trident.
1282 5167 1334 5210 c.
1381 5152 1442 5210 5.
1492 5157 1547 5210 et
1589 5150 1697 5212 lib.
1736 5153 1829 5214 13.
1865 5171 1916 5214 e.
1954 5156 2052 5214 33.
2087 5160 2143 5216 et

267 3558 542 3607 sententia.

277 5237 533 5350 Cgssffiga·
595 5266 695 5326 34.
730 5263 1030 5325 Corduba
1063 5264 1172 5325 lib.
1211 5269 1264 5327 1.
1315 5270 1772 5343 quaestionarii,
1820 5278 2034 5345 quae-st.
2078 5276 2136 5334 2.

271 5361 534 5477 {iffi}
599 5386 896 5462 vasquez
941 5391 1093 5445 tom.
1147 5387 1207 5445 2.
1265 5387 1330 5445 in
1381 5389 1439 5447 3.
1488 5390 1650 5462 disp.
1706 5389 1836 5450 158.
1889 5406 2031 5465 cap.
2086 5392 2135 5450 l.

242 5485 568 5604 ὃὲξζζθξιῐξξ·
598 5508 664 5563 et
698 5506 934 5563 Suarez
992 5506 1153 5579 disp.
1214 5505 1311 5565 28.
1358 5512 1505 5566 sect.
1550 5508 1600 5566 1.
1676 5507 1945 5567 conclus,
1991 5510 2039 5567 l.
2077 5514 2141 5568 et

240 5614 561 5684 terpretatio.
595 5625 839 5699 optime
871 5622 1263 5683 scholiastes
1300 5623 1405 5681 hic
1448 5623 1708 5684 Scholia
1760 5625 1820 5684 2.
1870 5630 1935 5684 et
1977 5622 2134 5685 infra

1785 438 1929 500 ΜΒ.
1978 438 2080 500 IV.
2125 437 2718 502 SENTENTIARUM

2273 599 2419 660 dist.
2456 599 2549 658 14.
2596 599 2758 659 Male
2803 605 3024 660 tamen
3075 603 3304 660 censet
3350 600 3646 675 Vasquez
3687 596 3817 656 Do-

2275 718 2525 774 ctorem
2555 715 2916 774 asseruisse
2967 714 3150 776 illum
3197 711 3494 775 dolorem
3540 710 3819 788 requisi-

2271 834 2403 889 tum
2456 845 2589 890 non
2639 845 2785 891 esse
2831 832 3417 907 supernaturalem,
3470 844 3668 905 quem
3700 841 3822 886 suo

2272 947 2416 1008 loco
2448 946 2926 1008 vindicabimus
2959 946 3363 1009 commodius
3393 945 3514 1007 illa
3544 946 3688 1007 dist.
3725 943 3819 1004 14.

2271 1063 2382 1124 ubi
2416 1062 2498 1124 de
2528 1069 2758 1125 natura
2808 1064 3227 1140 poenitentiae,
3262 1062 3542 1141 ejusque
3573 1059 3823 1122 actibus

2272 1197 2389 1257 per
2431 1196 2504 1241 se
2549 1181 2703 1260 agit.

2361 1301 2482 1364 Pro
2521 1310 2845 1384 praetensa
2876 1309 3090 1363 autem
3123 1296 3432 1383 opinione
3463 1297 3596 1382 jam
3649 1315 3818 1382 prae-
3981 1312 4030 1381 4.

2271 1416 2466 1481 missa
2528 1415 2762 1480 citatur
2820 1416 2892 1479 in
2948 1413 3013 1481 4.
3075 1414 3230 1479 dist.
3292 1411 3404 1480 14.
3469 1420 3693 1497 qucest.
3748 1409 3814 1479 3.
3868 1374 4170 1498 ἓξὲξ-ἴω

2269 1543 2398 1599 art.
2469 1536 2533 1597 3.
2599 1551 2794 1596 versu
2875 1530 3145 1595 Dicitur
3200 1549 3375 1614 erqo,
3441 1539 3558 1597 ete.
3609 1526 3819 1592 Verba
3887 1506 4120 1624 rejiztitur

2268 1649 2412 1733 ejus
2469 1659 2621 1713 sunt
2673 1671 2687 1713 :
2744 1647 2929 1724 Sicut
2997 1667 3150 1731 erqo
3199 1644 3470 1709 adultus
3521 1645 3818 1729 primam
3863 1631 4140 1741 giffffig‘ff

2266 1766 2558 1849 qratiam
2604 1764 2924 1828 delentem
2966 1761 3301 1847 oriqinale
3327 1769 3539 1844 potest
3579 1758 3820 1824 habere

2268 1881 2529 1966 duplici
2561 1883 2694 1960 via,
2740 1881 2844 1945 vel
2890 1900 2974 1943 eoe
3007 1878 3172 1943 bono
3218 1887 3397 1940 motu
3429 1875 3820 1961 disponente

2266 1997 2355 2061 ad
2397 1999 2585 2061 illam
2647 1997 2729 2061 de
2765 2016 3078 2082 couqruO,
3133 1994 3234 2059 vel
3284 2007 3368 2058 ca:
3410 1993 3820 2077 susceptione

2270 2114 2724 2190 Sacramenti,·
2760 2114 2855 2176 ita
2885 2123 2944 2175 et
2983 2113 3056 2176 in
3095 2110 3459 2197 propo-silc,
3517 2119 3640 2173 etc.
3687 2109 3821 2172 Hoc

2267 2229 2653 2294 declaratur
2703 2229 2820 2306 sic,
2885 2228 3042 2313 quia
3110 2225 3200 2290 acl
3264 2227 3556 2310 primam
3611 2244 3819 2287 susce-

2262 2348 2558 2430 ptionem
2589 2345 2847 2430 qratice,
2894 2344 3272 2429 requiritur
3318 2341 3567 2428 aliquis
3607 2353 3818 2406 motus

2270 2462 2653 2527 meritorius
2727 2459 2809 2524 cle
2882 2480 3220 2544 couqruo;
3303 2459 3394 2524 acl
3458 2458 3815 2523 secundam

2267 2589 2484 2643 autem
2560 2597 2696 2642 uon
2756 2576 3151 2661 requiritur,
3225 2575 3363 2640 uisi
3430 2575 3814 2639 voluntaria

2265 2696 2587 2780 susceptio
2631 2695 2980 2779 Baptismi,
3040 2705 3098 2757 et
3151 2695 3296 2757 sinc
3351 2693 3641 2774 fictione,
3698 2692 3816 2756 hoc

2266 2822 2358 2876 est
2397 2832 2543 2874 cum
2590 2811 2957 2874 intentione
3002 2807 3414 2893 suscipiendi
3456 2797 3634 2892 'quod
3664 2827 3815 2871 cou-

2264 2929 2400 3012 fert
2449 2928 2769 3005 Ecclesia,
2825 2938 2884 2991 ct
2929 2928 3072 2990 sine
3117 2935 3266 2990 actu
3323 2925 3427 2990 vel
3475 2925 3812 2989 voluntate

2262 3046 2516 3132 peccati
2552 3044 2878 3121 mortalis,
2935 3045 3032 3107 ita
3089 3040 3263 3127 quod
3316 3043 3390 3105 in
3433 3043 3656 3127 primo
3705 3062 3812 3106 re-

2267 3164 2563 3249 quiritur
2617 3160 2892 3247 aliquod
2959 3180 3123 3246 opus
3181 3160 3639 3238 intrinsecum,
3685 3159 3810 3223 ali·

2265 3300 2391 3364 quo
2447 3278 2641 3343 modo
2707 3288 3063 3362 acceptum,
3128 3285 3443 3362 tanquam
3502 3277 3814 3340 meritum

2265 3397 2346 3462 de
2385 3415 2718 3481 couqrum
2751 3394 2824 3457 in
2863 3392 3148 3457 secu-mlo
3196 3392 3407 3456 solum
3447 3370 3816 3476 requiritur

2265 3536 2426 3601 opus
2496 3514 2788 3578 eoeterius
2865 3534 3012 3575 cum
3076 3510 3408 3575 amotione
3467 3510 3814 3574 interioris

2264 3632 2731 3719 impedimenti
2773 3652 2789 3705 ;
2831 3650 2966 3694 non
3031 3630 3242 3693 solum
3326 3647 3481 3712 erqo
3541 3627 3811 3690 attritus

2258 3772 2380 3835 per
2419 3757 2687 3832 aliquod
2733 3761 3002 3828 tempus,
3052 3757 3177 3811 etc.
3232 3750 3412 3809 Hunc
3460 3749 3678 3810 locum
3725 3750 3812 3810 ita

2263 3874 2778 3948 interpretantur
2809 3866 3051 3946 praet'ati
3093 3867 3431 3936 DoctoreS‚
3464 3869 3536 3924 ut
3572 3864 3813 3926 Doctor

2265 4001 2396 4049 non
2442 3983 2797 4046 asseruerit
2851 3996 2984 4042 non
3043 3979 3287 4057 requiri
3359 3978 3809 4055 poenitentiam
3840 3997 4168 4066 Interprem-

2264 4100 2349 4161 ad
2394 4101 2661 4177 dignam
2731 4098 3225 4175 susceptionem
3289 4096 3623 4174 Baptismi,
3688 4094 3811 4157 sed
3879 4065 4120 4172 aliotssffm.

2263 4234 2394 4281 non
2440 4219 2686 4299 requiri
2736 4220 3197 4280 contritionem
3239 4214 3625 4294 perfectam,
3671 4232 3817 4293 quae

2265 4342 2443 4398 extra
2491 4336 2981 4396 Sacramentum
3006 4331 3347 4412 justificet,
3385 4333 3467 4395 de
3501 4349 3630 4411 qua
3664 4348 3813 4393 con·

2263 4455 2522 4517 tritione
2572 4461 2645 4516 ut
2684 4454 3029 4532 plurimum
3078 4458 3209 4515 tota
3239 4454 3350 4515 illa
3397 4452 3814 4517 distinctione

2261 4571 2599 4652 loquitur;
2666 4579 2730 4632 et
2784 4571 2910 4631 hoc
2966 4570 3336 4632 secundum
3379 4586 3609 4632 verum
3666 4575 3816 4643 est;

2261 4688 2382 4751 sed
2429 4687 2822 4750 declarando
2865 4687 3143 4748 litteram
3193 4687 3407 4766 plane,
3457 4693 3523 4748 et
3568 4704 3810 4750 secun-

2264 4806 2418 4868 dum
2464 4811 2753 4866 mentem
2806 4804 3124 4877 Doctoris‚
3174 4820 3308 4864 non
3363 4811 3463 4866 est
3511 4820 3814 4866 necessa·

2261 4924 2428 4985 rium
2473 4920 2552 4982 ad
2600 4921 2724 4982 hoc
2767 4937 3133 4988 recurrere.
3182 4922 3331 4999 quia
3386 4921 3558 4981 clare
3604 4921 3812 5001 loqui·

2261 5045 2385 5111 tur,
2447 5042 2498 5100 si
2555 5041 2852 5101 membra
2907 5038 3237 5102 discursus
3288 5039 3433 5118 ejus
3476 5041 3807 5103 discerna-

2259 5175 2428 5233 muS‚
2467 5163 2530 5218 et
2562 5172 2837 5233 scopum
2884 5155 3394 5232 perpendamus.

2339 5281 2406 5338 ln
2452 5275 2771 5354 principio
2821 5278 3043 5353 itaque
3090 5274 3257 5338 illius
3303 5272 3555 5338 articuli
3595 5276 3806 5353 rejicit
3964 5312 4019 5360 5.

2257 5397 2647 5458 sententiam
2691 5393 2976 5471 Magistri
3007 5394 3074 5451 in
3112 5394 3255 5452 dist.
3308 5392 3402 5454 18.
3452 5395 3805 5455 asserentis
3868 5374 4126 5486 &2222

2258 5511 2678 5573 Sacerdotem
2734 5509 3196 5588 Evangelicum
3270 5524 3404 5571 non
3475 5509 3802 5570 remittere

3884 5496 4123 5547 Doctoris

3831 5560 4121 5624 explicatur
4134 5600 4149 5613 .

2256 5633 2553 5707 peccata,
2589 5625 2708 5688 sed
2739 5624 3087 5700 ostendere
3117 5626 3409 5687 remissa.
3467 5626 3640 5687 Hanc
3687 5627 3802 5687 im·
