4287 6313
588 347 706 413 210

590 511 1203 586 deordinatione
1243 510 1418 600 eius
1459 528 1621 580 non
1662 507 1960 579 ablata.
2000 503 2148 577 Sed

592 628 747 702 hoc
780 649 1194 709 concesso,
1235 624 1612 718 opposita
1641 619 2150 695 deordinatio

598 749 761 820 ista
816 745 1082 837 potest
1133 740 1447 814 auferri
1490 740 1787 832 absque
1837 734 2151 810 collati-

604 882 753 933 one
795 859 1115 951 gratiae.

689 976 804 1049 Ad
854 978 1237 1067 quartum
1288 971 1663 1052 concedo,
1712 969 1916 1063 quod
1961 966 2154 1039 divi-

599 1111 701 1163 na
772 1089 1075 1164 offensa
1130 1089 1532 1181 placatur,
1606 1089 1684 1158 et
1767 1085 1944 1166 iste,
2019 1082 2151 1155 cui

594 1207 985 1283 dimittitu
1001 1228 1039 1277 r
1061 1209 1509 1298 peccatum,
1531 1201 2113 1276 reconciliatur
2133 1225 2150 1281 ;

501 1328 510 1335 '
598 1326 733 1399 sed
800 1344 960 1396 non
1012 1322 1408 1414 sequitur,
1481 1338 1681 1410 ergo
1747 1322 1872 1391 est
1934 1336 2153 1389 acce-

600 1448 786 1535 ptus
816 1442 985 1514 Deo
1030 1439 1191 1512 ista
1251 1436 1723 1528 acceptione
1783 1431 2150 1526 speciali,

599 1576 752 1650 qua
783 1559 909 1628 est
950 1557 1331 1645 acceptus
1366 1572 1510 1643 per
1552 1549 1943 1642 gratiam.
1994 1550 2156 1619 Ho-

601 1694 731 1744 mo
784 1672 999 1743 enim
1055 1670 1132 1742 in
1186 1668 1413 1761 puris
1460 1665 1973 1741 naturalibus
2027 1667 2155 1737 est

601 1787 950 1882 placitus
1001 1786 1196 1865 Deo,
1242 1802 1401 1854 non
1444 1787 1720 1854 tamen
1767 1785 2155 1871 acceptus

607 1904 1100 1998 specialiter,
1186 1901 1335 1973 hoc
1402 1902 1554 1980 est,
1629 1899 1915 1990 dignus
1984 1897 2156 1971 vita

605 2025 956 2099 aeterna;
997 2037 1150 2110 pax
1200 2016 1413 2087 enim
1465 2019 1546 2088 et
1587 2011 2153 2086 reconciliatio

605 2159 766 2211 non
804 2138 1101 2217 dicunt,
1146 2134 1300 2206 nisi
1342 2135 1598 2207 Deum
1641 2131 1854 2203 nolle
1906 2129 2154 2202 vindi-

605 2276 795 2328 care
836 2252 1156 2346 culpam
1209 2250 1451 2323 istam
1488 2275 1502 2328 ;
1552 2249 1682 2321 sed
1724 2250 2155 2340 acceptare

610 2373 785 2465 plus
831 2370 1051 2450 dicit,
1109 2368 1420 2441 scilicet
1461 2366 1709 2439 istum
1776 2365 2155 2438 ordinare

606 2492 993 2577 tanquam
1038 2483 1366 2573 dignum
1420 2480 1590 2554 vita
1632 2483 1965 2551 aeterna.
2015 2477 2156 2546 Pa-

606 2607 724 2676 tct
781 2600 1030 2672 etiam
1092 2598 1173 2668 in
1233 2595 1489 2679 nobis,
1557 2612 1888 2688 possum
1940 2591 2156 2663 enirn

607 2715 878 2796 alicui,
935 2714 1070 2806 qui
1115 2711 1441 2785 offendit
1478 2732 1626 2792 me,
1679 2707 2019 2803 placari,
2069 2711 2157 2779 ut

609 2853 770 2906 non
811 2832 965 2904 sim
996 2830 1144 2902 sibi
1178 2828 1584 2907 inimicus,
1621 2847 1876 2917 neque
1911 2823 2156 2895 velim

607 2949 1020 3021 vindicare
1050 2944 1611 3024 commissum,
1666 2943 1966 3032 absque
2007 2941 2158 3013 hoc

611 3052 816 3156 quod
879 3060 1271 3153 recipiam
1334 3079 1516 3131 eum
1570 3058 1664 3130 ad
1707 3055 2160 3128 amicitiam

609 3179 1068 3274 specialem,
1146 3175 1575 3248 secundum
1639 3193 1878 3265 quam
1949 3172 2162 3244 ordi-

608 3302 855 3370 netur
912 3298 1007 3367 ad
1058 3291 1379 3384 aliquod
1437 3291 1734 3363 bonum
1779 3289 2155 3381 speciale.

291 3422 375 3473 An
417 3423 555 3534 Degw
703 3413 848 3487 Sed
920 3409 1172 3483 adhuc
1253 3410 1513 3481 restat
1605 3405 1932 3477 dubium
2027 3402 2158 3493 (h),

290 3498 549 3595 diffire
618 3536 893 3603 utrum
943 3530 1157 3601 Deus
1214 3526 1306 3598 de
1369 3522 1734 3617 potentia
1785 3521 2162 3594 absoluta

293 3614 556 3735 2252ssssss
618 3648 891 3739 posset
956 3641 1371 3715 dimittore
1436 3641 1854 3730 peccatum
1917 3635 2161 3728 origi-

291 3732 559 3844 egiliffisssse
612 3762 818 3842 nale,
874 3759 1172 3849 absque
1220 3754 1657 3828 collatione
1708 3753 2160 3845 cujuscum-

290 3855 561 3982 οξζῗξζίζξί,
620 3899 769 3972 que
807 3875 1132 3970 positivi
1194 3868 1723 3965 repugnantis
1794 3867 1912 3940 illi
1986 3888 2162 3960 pec-

265 3981 587 4108 ffiigi‘ffiff?
619 3998 826 4075 cato,
895 3996 1089 4084 puta
1125 3987 1484 4081 justitiae
1548 3982 2159 4075 originaliS,vel

618 4108 961 4200 alicujus
1049 4101 1542 4196 hujusmodi.
1656 4101 1751 4171 Et
1836 4098 2160 4170 videtur

615 4225 818 4316 quod
861 4241 1046 4300 non,
1104 4238 1249 4309 per
1307 4222 1476 4289 tres
1522 4214 1884 4286 rationes
1930 4211 2158 4303 prius

612 4341 871 4412 factas
912 4337 1002 4408 de
1054 4331 1539 4426 privatione,
1587 4330 1665 4399 et
1705 4325 2160 4399 mutatione

611 4461 691 4530 et
723 4449 1360 4529 deordinatione,
1398 4450 1479 4520 et
1511 4442 1979 4538 specialiter
2014 4462 2158 4534 per

609 4573 786 4652 hoc,
835 4567 1039 4661 quod
1078 4565 1319 4638 homo
1371 4581 1533 4633 non
1576 4559 1875 4632 habens
1919 4557 2159 4650 justi-

610 4689 809 4763 tiam
854 4681 1363 4776 originalem,
1407 4676 1876 4750 necessario
1918 4673 2157 4748 habet

608 4802 1060 4879 carentiam
1098 4797 1338 4871 istius
1373 4792 1747 4889 justitiae,
1794 4794 1875 4864 et
1904 4790 2156 4863 etiam

606 4921 960 4996 debitum
1028 4911 1390 4993 habendi,
1455 4908 1521 4980 si
1574 4911 1908 4999 estprop
1965 4924 2152 4997 aga·

609 5045 738 5114 tus
788 5035 885 5106 ab
936 5031 1209 5104 Adam.
1268 5028 1437 5097 Hoc
1477 5025 1759 5116 probo,
1815 5022 1986 5093 ideo
2027 5025 2150 5093 est

606 5152 821 5227 enim
880 5145 1196 5220 debitor
1252 5137 1896 5233 hujusjustitiae,
1962 5135 2152 5228 quia

605 5264 916 5357 accepit
992 5261 1071 5332 in
1106 5259 1354 5331 Adam
1403 5253 1782 5333 debitum,
1840 5251 1937 5323 ab
1970 5250 2147 5343 ipso

604 5377 1106 5456 naturaliter
1198 5372 1746 5465 propagatus;
1824 5367 1954 5438 sed
2023 5386 2147 5439 ca-

1764 338 1907 408 LlB.
1956 338 2053 405 1V.
2100 336 2695 408 SENTENTIARUM

2258 502 2595 577 habendi
2677 525 2883 589 eam,
2959 507 3313 599 complet
3401 501 3807 577 rationem

2262 623 2574 712 peccati
2617 623 2840 696 illius
2882 622 3310 715 originalis
3343 648 3359 704 ;
3394 638 3594 711 ergo
3630 618 3814 690 sim-

2265 736 2592 827 pliciter
2637 738 3194 811 necessarium
3236 742 3362 812 est
3413 754 3811 830 propaga-

2262 856 2432 925 tum
2521 855 2618 926 ab
2685 856 2936 928 Adam
3005 855 3303 927 habere
3382 856 3803 947 peccatum

2266 968 2690 1060 originale,
2759 971 2825 1043 si
2875 992 3036 1044 non
3075 964 3326 1044 'detur
3381 966 3811 1060 originalis

2255 1084 2583 1176 justitia
2618 1087 2695 1159 in
2730 1108 2838 1171 se,
2872 1087 2999 1160 vel
3034 1087 3115 1159 in
3151 1087 3422 1180 aliquo
3463 1084 3809 1178 aequiva-

2266 1201 2488 1273 lenti.

2353 1312 2581 1395 Item,
2617 1316 2912 1383 distinct.
2951 1318 3058 1388 17.
3111 1320 3323 1404 primi
3355 1318 3470 1384 lib.
3517 1312 3800 1407 proba·
3837 1320 3977 1395 Idem
4026 1320 4168 1372 infra

2266 1422 2436 1491 tum
2478 1426 2603 1495 est
2651 1422 3142 1498 charitatem
3193 1445 3370 1496 esse
3416 1423 3497 1495 in
3539 1423 3809 1495 anima
3866 1383 4136 1512 matji&

2265 1556 2411 1628 per
2461 1539 2992 1612 mutationem
3046 1539 3297 1623 illam,
3363 1560 3536 1631 quae
3589 1539 3678 1611 fit
3729 1539 3811 1612 in

2258 1652 2850 1744 Justificatione
2895 1656 3389 1748 peccatoris;
3432 1655 3501 1728 si
3537 1658 3806 1729 autem

2268 1769 2529 1859 possit
2576 1769 3019 1860 justificari
3080 1793 3216 1844 seu
3294 1772 3814 1845 reconciliari

2268 1887 2458 1967 Deo,
2525 1886 2696 1959 sine
2749 1888 3200 1963 mutatione
3235 1889 3436 1982 ejus,
3485 1889 3623 1961 illa
3659 1910 3813 1962 me-

2264 2002 2394 2073 dia
2425 2022 2582 2073 non
2619 2005 3222 2088 concluderent,
3256 2025 3456 2097 ergo
3488 2007 3815 2079 dicendo

2267 2125 2858 2212 consequenter
2907 2121 3060 2204 his,
3123 2144 3294 2216 quae
3345 2121 3559 2196 dicta
3620 2126 3809 2197 sunt

2268 2234 2397 2319 ibi,
2420 2257 2748 2310 necesse
2779 2243 2904 2312 est
2941 2259 3262 2332 ponere,
3298 2241 3505 2333 quod
3541 2259 3811 2332 pecca-

2269 2356 2403 2426 tor
2441 2373 2600 2425 non
2635 2354 2895 2446 possit
2940 2356 3462 2430 reconciliari
3493 2358 3688 2437 Deo,
3728 2356 3832 2429 si-

2266 2489 2365 2541 ne
2409 2470 2858 2543 mutatione
2919 2475 3010 2545 ad
3072 2473 3424 2547 formam
3505 2474 3819 2547 absolu-

2268 2589 2468 2667 tam,
2526 2590 2608 2659 et
2660 2585 2800 2661 illa
2849 2590 3328 2682 repugnabit
3373 2591 3727 2664 termino
3776 2616 3818 2659 α

2268 2725 2416 2789 quo,
2453 2707 2534 2777 et
2582 2725 2722 2796 per
2763 2726 3260 2799 consequens
3300 2707 3463 2782 erit
3505 2707 3815 2800 gratia,

2272 2816 2482 2892 sicut
2514 2820 2745 2912 prius
2789 2827 2914 2896 est
2957 2826 3370 2923 argutum.

2364 2934 2730 3009 Primum
2809 2944 3382 3030 argumentum
3468 2938 3817 3032 requirit
3975 3010 4007 3060 8

2269 3049 2837 3125 difficultatem
2915 3057 3401 3147 tangendam
3471 3056 3813 3129 inferius
3865 3044 4147 3143 Peqca'tum

2272 3168 2568 3238 distinct.
2635 3172 2742 3242 14.
2836 3190 2938 3242 an
3018 3173 3330 3246 scilicet
3393 3177 3812 3265 peccatum
3858 3133 4150 3269 ωξὲέἆῖζὲο

2273 3291 2529 3382 possit
2608 3291 2858 3363 deleri
2919 3293 3217 3386 absque
3293 3294 3818 3386 productione
3867 3273 4156 3371 mfflt‘i'ssne

2273 3406 2558 3478 formae
2628 3427 2858 3479 novae
2936 3408 3017 3479 in
3055 3408 3393 3480 anima?
3456 3410 3677 3491 Quod
3752 3408 3824 3481 si
3882 3383 4138 3449 mmm·

2274 3526 2719 3615 poneretur
2769 3525 2975 3617 quod
3046 3526 3160 3599 sic
3237 3528 3327 3598 de
3400 3526 3814 3618 originali,

2274 3639 2483 3713 sicut
2540 3639 2753 3712 forte
2812 3640 2919 3713 ibi
2969 3642 3286 3714 dicetur
3334 3642 3425 3714 de
3481 3643 3812 3725 actuali,

2275 3760 2550 3849 posset
2606 3756 2760 3829 dici
2810 3757 2906 3829 ad
2954 3763 3557 3848 argumentum,
3621 3761 3825 3852 quod

2268 3893 2428 3944 non
2491 3872 2752 3979 omnis
2818 3879 3320 3966 propagatus
3383 3874 3482 3947 ab
3531 3876 3822 3960 Adam,

2270 3991 2294 4076 (
2335 3986 2523 4079 quia
2621 3994 3122 4081 propagatus
3169 3992 3191 4078 )
3280 3993 3408 4064 est
3500 3990 3820 4063 debitor

2260 4104 2607 4194 justitiae
2668 4104 3122 4196 originalis,
3196 4106 3328 4178 sed
3370 4126 3557 4178 cum
3649 4106 3827 4188 hoc,

2274 4224 2700 4315 quiaDeus
2749 4227 2923 4299 vult
2977 4227 3226 4299 talem
3279 4227 3543 4301 teneri
3603 4227 3699 4299 ad
3740 4226 3829 4298 il-

2271 4339 2432 4411 lam
2497 4340 2935 4434 justitiam.
3010 4343 3289 4417 Potest
3342 4346 3613 4415 autem
3661 4362 3823 4416 non

2265 4447 2471 4520 velle
2544 4447 2791 4521 istum
2844 4450 3108 4522 teneri
3167 4450 3262 4522 ad
3299 4450 3524 4522 illam
3578 4450 3821 4544 justi-

2268 4557 2487 4637 tiam,
2534 4554 2834 4646 absque
2888 4556 3341 4630 mutatione
3374 4557 3650 4649 aliqua
3685 4578 3819 4650 po-

2270 4669 2515 4742 sitiva
2606 4674 2688 4745 et
2781 4671 3154 4744 absoluta
3252 4673 3333 4745 in
3422 4673 3608 4754 isto,
3724 4676 3815 4747 ut

2265 4789 2657 4876 tangetur
2691 4785 2826 4858 ibi.
3933 4777 3947 4791 ’

2354 4904 2466 4975 Ad
2537 4905 2992 4984 secundum,
3035 4903 3275 4997 juxta
3333 4904 3488 4977 hoc
3541 4925 3817 4979 conse·
3865 4914 3926 4964 111
3955 4914 4152 4987 justifl-

2265 5022 2604 5112 quenter
2661 5023 2927 5113 potest
2993 5021 3171 5107 dici,
3235 5025 3443 5116 quod
3503 5025 3584 5096 in
3638 5026 3804 5117 jus·
3865 4983 4140 5112 dcussau‘s'sst

2261 5136 2706 5211 tificatione
2761 5139 3219 5230 peccatoris
3259 5145 3385 5212 est
3437 5161 3594 5213 una
3651 5163 3811 5214 mu·
3891 5108 4117 5217 ¹222?-

2259 5253 2467 5327 tatio
2548 5253 2981 5346 privativa,
3064 5275 3218 5346 qua
3294 5257 3383 5330 de
3476 5257 3803 5332 inimico

2258 5368 2347 5441 fit
2410 5389 2571 5440 non
2634 5368 3037 5441 inimicus
3109 5373 3255 5443 Est
3319 5371 3569 5444 etiam
3636 5373 3799 5446 alia

610 5497 875 5577 rentia
941 5491 1181 5587 hujus
1237 5485 1586 5582 justitiae
1644 5502 1826 5558 cum
1875 5482 2141 5559 debito
2255 5483 2635 5577 positiva,
2683 5505 2841 5578 qua
2879 5485 2969 5558 de
3012 5486 3335 5581 indigno
3365 5487 3538 5563 vita
3568 5491 3798 5566 aeter-
