4287 6313
1640 407 1840 473 ms'r.
1883 406 1926 471 l.
1980 408 2344 487 QUAESTIO
2395 411 2471 475 V.

518 570 886 661 potentia
979 570 1345 644 naturali
1442 569 1784 663 subjecti
1866 571 2068 644 reci-

519 686 855 779 pientis;
954 708 1179 779 aeque
1273 687 1523 761 etiam
1619 687 2069 779 subjectum

521 808 650 879 est
717 806 796 878 in
903 804 1268 897 potentia
1357 805 1872 879 obedientiali
1970 807 2064 878 ad

523 942 1113 1013 quamcumque
1175 923 1422 996 talem
1481 922 1860 995 formam.

616 1038 848 1119 Item,
921 1037 1081 1112 ista
1146 1040 1244 1129 (e)
1303 1038 1733 1131 dispositio
1799 1059 2068 1131 respe-

218 1128 454 1248 ροιεῗιμα
523 1157 661 1229 ctu
697 1156 1012 1247 gratiae,
1061 1178 1244 1229 cum
1296 1158 1731 1229 secundum
1773 1157 2063 1249 ipsum,

204 1245 460 1289 mmm·
526 1272 635 1345 sit
711 1273 1214 1346 necessitans
1296 1279 1667 1366 respectu
1747 1274 2063 1364 gratiae,

523 1390 838 1482 quando
897 1410 1057 1461 non
1097 1395 1223 1464 est
1285 1390 1947 1482 impedimentum
1990 1390 2071 1462 in

519 1505 1039 1599 suscipiente,
1116 1507 1485 1599 sequitur
1554 1508 1755 1599 quod
1825 1506 2071 1579 simul

515 1621 715 1694 fiant
815 1622 894 1694 in
994 1623 1266 1694 anima
1341 1643 1501 1696 non
1590 1622 2071 1715 indisposita

517 1741 680 1813 ista
712 1739 1138 1831 dispositio
1174 1743 1254 1813 et
1302 1725 1619 1831 gratia,
1669 1739 1832 1811 ista
1871 1758 2071 1830 ergo

515 1856 947 1950 dispositio
1017 1859 1104 1929 fit
1160 1858 1240 1928 in
1303 1856 1669 1939 instanti,
1727 1857 1940 1930 sicut
1992 1861 2071 1930 et

206 1987 461 2057 successio
523 1973 826 2063 gratia.
887 1974 1054 2045 Hoc
1093 1974 1344 2044 etiam
1389 1975 1636 2064 patet,
1675 1972 1863 2063 quia
1913 1993 2073 2044 non

173 1047 495 1157 Quiddeduci

255 2068 428 2164 {0132}ae
519 2096 647 2163 est
719 2089 1123 2162 successio
1168 2090 1249 2161 in
1307 2090 1771 2164 inductione
1831 2090 2076 2163 alicu-

198 2173 497 2225 introducti-
536 2208 550 2219 .

258 2256 373 2289 one.

200 2316 256 2348 ex
279 2299 476 2374 duplici

254 2370 414 2429 capite

536 2575 759 2628 mum
850 2577 1036 2642 non,
1136 2556 1323 2648 quia
1409 2556 1857 2648 subjectum
1951 2563 2075 2631 est

524 2671 1039 2746 indivisibile.
1113 2674 1558 2746 Secundum
1627 2678 1812 2754 non,
1887 2674 2075 2765 quia

520 2795 716 2863 tunc
777 2789 1076 2882 gradus
1142 2787 1427 2863 formae
1513 2810 1674 2861 non
1739 2794 2065 2882 possent

515 2926 724 2989 esse,
802 2906 961 2978 nisi
1060 2906 1253 2978 talis
1329 2905 1760 2998 dispositio
1839 2905 2071 2979 fieret

510 3022 896 3096 continue
995 3023 1264 3115 major
1363 3027 1443 3096 et
1534 3021 1841 3103 minor;
1930 3023 2065 3096 sed

513 3139 902 3231 possibile
942 3144 1068 3214 est
1123 3137 1201 3211 in
1254 3138 1530 3231 aliquo
1575 3138 2068 3232 suscipiente

510 3259 1160 3338 Sacramentum,
1235 3255 1655 3329 minimam
1731 3255 2067 3349 disposi-

511 3374 820 3447 tionem
893 3373 1184 3455 induci,
1241 3373 1448 3447 sicut
1518 3377 1590 3445 ct
1646 3371 2067 3445 minimam

510 3492 875 3584 gratiam
919 3490 1263 3573 infundi;
1321 3491 1414 3562 ad
1483 3490 1728 3562 istam
1789 3493 2061 3562 autem

510 3609 875 3700 gratiam
934 3628 1096 3680 non
1166 3606 1643 3700 requiritur,
1704 3605 1863 3678 nisi
1926 3605 2066 3677 mi-

511 3727 738 3799 nima
793 3727 1261 3820 dispositio;
1308 3746 1469 3797 non
1526 3729 1648 3797 est
1711 3743 1909 3815 ergo
1956 3724 2062 3796 ibi

512 3843 924 3917 successio
980 3863 1218 3935 penes
1253 3842 1576 3934 gradus,
1627 3841 2060 3914 secundum

508 3979 713 4051 quos
789 3958 1218 4051 dispositio
1297 3958 1756 4031 successive
1841 3956 2063 4028 indu-

511 4081 786 4150 catur.

607 4196 837 4266 Patet
887 4192 1137 4265 etiam
1190 4191 1438 4266 tertio
1495 4191 1636 4263 illa
1697 4189 2062 4282 proposi-

512 4313 657 4394 tio,
723 4311 910 4403 quia
970 4310 1606 4383 instrumentum
1649 4329 1810 4379 non
1861 4307 2058 4399 agit,

511 4430 674 4503 nisi
744 4430 821 4502 in
893 4428 1203 4501 virtute
1274 4426 1745 4519 principalis
1816 4444 2060 4516 agen-

515 4548 669 4629 tis,
752 4564 954 4637 ergo
1034 4544 1101 4616 si
1180 4544 1815 4616 instrumentum
1903 4562 2060 4613 non

517 4666 791 4757 potest
905 4679 1174 4750 agere,
1274 4658 1431 4731 nisi
1525 4659 1601 4731 in
1693 4661 2062 4749 tempore

514 4781 613 4852 ad
657 4780 904 4852 istam
962 4775 1600 4869 dispositionem,
1666 4773 2058 4865 sequitur,

514 4895 723 4987 quod
790 4894 1006 4966 Deus
1081 4894 1266 4983 aget
1335 4890 1414 4961 in
1480 4894 1875 4982 tempore,
1931 4888 2056 4960 vel

511 5010 972 5085 successive
1090 5009 1183 5081 ad
1281 5007 1667 5078 eamdem.
1769 5009 2065 5078 Conse-

515 5151 766 5221 quens
826 5129 1146 5201 videtur
1205 5124 1825 5204 inconveniens;
1891 5127 2065 5195 tum

517 5251 857 5340 propter
888 5239 1375 5319 intinitatem
1415 5241 1792 5333 potentiae
1827 5252 2065 5331 agen-

515 5367 662 5446 tis3
728 5369 905 5437 tum
973 5362 1307 5453 propter
1359 5376 1758 5428 summam
1828 5375 2067 5447 capa-

510 5483 850 5557 citatem
908 5472 1425 5567 suscipientis
1487 5492 1646 5545 non
1699 5472 2066 5544 habentis

511 5597 1054 5674 contrarium.
1121 5592 1247 5667 Sic
1291 5609 1489 5682 ergo
1552 5592 2063 5682 supponatur

719 5713 1038 5772 Tom.xv1.

518 2228 657 2297 Jus
706 2206 1017 2289 formae,
1081 2206 1240 2279 nisi
1297 2227 1533 2299 penes
1595 2211 1869 2299 partes
1915 2228 2076 2278 mo-

528 2322 742 2404 bilis,
786 2323 914 2396 vel
959 2344 1199 2415 penes
1261 2327 1538 2415 partes
1599 2323 1855 2415 ipsius
1917 2321 2076 2395 for-

212 2430 463 2489 P‘ffi'effi‘·
536 2459 720 2522 mae;
780 2443 1161 2512 neutrum
1220 2445 1492 2513 autem
1541 2444 1665 2512 est
1705 2438 1861 2511 hic.
1911 2440 2079 2512 Pri-

3604 426 3613 433 ·
3637 406 3750 470 145

2175 593 2273 645 ex
2309 572 2491 647 istis
2535 573 2799 647 tribus
2842 569 3487 664 probationibuS,
3526 568 3733 660 quod

2181 688 2320 761 illa
2360 688 2789 783 dispositio
2834 689 3144 783 praevia
3196 688 3293 759 ad
3341 686 3728 778 gratiam,

2182 826 2423 897 quam
2499 811 2833 899 ponunt,
2917 807 3372 886 inducatur,
3436 805 3562 877 vel
3624 802 3732 875 in—

2182 925 2359 1000 duci
2406 926 2664 1018 possit
2716 926 2796 997 in
2847 925 3210 997 instanti.
3259 928 3728 999 Sacramen-

2182 1048 2267 1117 ta
2370 1047 2642 1115 autem
2733 1063 2891 1114 non
2980 1047 3320 1133 possunt
3431 1009 4082 1117 haberesmssssm

2184 1159 2589 1233 actionem
2658 1180 2890 1232 suam
2959 1160 3039 1232 in
3099 1156 3466 1241 instanti,
3550 1178 3727 1249 pro·
3817 1138 4028 1243 {2⁸3¹ssss

2182 1274 2429 1356 baffio,
2496 1275 2681 1367 quia
2722 1275 3269 1348 communiter
3319 1274 3399 1346 in
3441 1277 3730 1347 Sacra-
3792 1257 4046 1368 ῗξζζζζᾋῗ

2187 1391 2481 1463 mentis
2529 1391 3060 1483 requiruntur
3124 1391 3373 1463 verba
3443 1390 3726 1472 multa,
3831 1395 3998 1430 ”⁰⁸³¹-

2188 1511 2273 1580 ut
2370 1507 2676 1598 patebit
2762 1507 3161 1589 inferius;
3246 1507 3388 1579 illa
3455 1511 3732 1580 autem

2186 1645 2346 1696 non
2392 1625 2730 1716 possunt
2782 1623 3079 1695 habere
3119 1648 3251 1691 esse
3312 1625 3388 1695 in
3432 1623 3733 1696 instan-

2191 1742 2278 1829 ti,
2367 1760 2564 1832 ergo
2638 1741 2717 1813 in
2796 1746 3187 1834 tempore,
3252 1761 3504 1832 quare
3588 1759 3733 1812 nec

2190 1878 2433 1950 agere
2502 1859 2822 1931 actione
2885 1877 3031 1929 sua
3090 1856 3476 1937 naturali,
3536 1875 3735 1946 ergo

2191 1995 2333 2047 neo
2377 1974 3012 2065 supernaturali,
3051 1973 3238 2064 quia
3282 1993 3426 2045 nec
3470 1992 3742 2045 secun·

2190 2093 2375 2163 dum
2451 2113 2616 2174 eoa
2716 2091 3025 2182 quando
3099 2092 3737 2163 instrumentum

2191 2209 2429 2282 habet
2474 2208 2881 2282 actionem
2939 2206 3454 2280 excedentem
3506 2225 3738 2277 suam

2187 2324 2607 2408 virtutem,
2679 2324 2916 2396 habet
2993 2322 3244 2396 etiam
3323 2321 3729 2394 actionem

2192 2428 2642 2534 propriamJ

2283 2560 2365 2632 Si
2394 2564 2666 2632 autem
2700 2558 3058 2649 fingatur
3090 2557 3445 2647 aliquam
3483 2574 3727 2626 unam
3900 2565 3952 2612 5·

2190 2676 2587 2768 syllabam
2650 2674 2907 2747 totius
2981 2673 3381 2747 orationis
3437 2672 3731 2743 instru-

2192 2791 2567 2864 mentalis
2654 2791 2950 2864 habere
3026 2814 3159 2858 esse
3243 2790 3323 2861 in
3393 2787 3732 2860 instanti

2187 2909 2420 2999 (quod
2479 2908 2649 2981 ideo
2708 2908 2929 2981 fictio
2972 2910 3121 2989 est,
3176 2905 3360 2998 quia
3426 2905 3732 2976 forma-

2186 3024 2303 3096 tio
2369 3024 2607 3117 hujus
2680 3025 3012 3117 syllabae
3070 3028 3193 3097 est
3256 3043 3436 3095 cum
3504 3028 3726 3097 motu

2187 3141 2429 3215 locali
2515 3142 2730 3215 aeris
2819 3145 2899 3216 et
3016 3146 3315 3231 motus,
3373 3160 3534 3212 non
3602 3142 3726 3213 est

2187 3259 2267 3330 in
2331 3259 2730 3350 instanti),
2772 3259 3022 3332 adhuc
3110 3279 3271 3329 non
3350 3258 3720 3331 salvatur
3777 3264 4059 3331 6·Pbysie·

2187 3376 2728 3469 propositum,
2821 3376 3010 3467 quia
3097 3377 3235 3447 aut
3300 3374 3440 3447 illa
3509 3377 3723 3446 esset

2186 3495 2453 3585 prima
2537 3491 2875 3584 syllaba,
2958 3494 3098 3564 aut
3187 3491 3500 3573 ultima,
3592 3496 3731 3564 aut

2184 3608 2707 3688 intermedia;
2750 3609 3286 3701 {quaecumque
3347 3611 3729 3698 ponatur,

2180 3748 2278 3798 cx
2338 3748 2494 3819 quo
2556 3727 2697 3799 illa
2758 3725 2995 3798 habet
3037 3725 3440 3797 actionem
3493 3729 3573 3797 et
3624 3724 3733 3797 di-

2181 3843 2715 3936 spositionem
2787 3842 3040 3924 illam,
3111 3863 3283 3934 quae
3347 3846 3736 3915 causatur

2183 3964 2262 4035 in
2296 3960 2660 4042 instanti,
2711 3962 2789 4031 et
2839 3959 3065 4030 nulla
3107 3957 3295 4039 alia,
3362 3958 3730 4049 sequitur

2183 4079 2388 4171 quod
2448 4076 2588 4150 illa
2650 4077 2824 4148 sola
2885 4076 3319 4154 sufficeret,
3376 4080 3455 4147 et
3515 4074 3731 4146 inter·

2181 4214 2457 4267 omnes
2500 4193 2704 4265 alias
2755 4191 3089 4263 haberet
3134 4190 3541 4264 rationem
3585 4192 3726 4263 Sa-

2177 4311 2605 4393 cramenti,
2652 4310 2841 4402 quia
2889 4328 3166 4380 omnes
3210 4306 3388 4379 aliae
3424 4308 3728 4397 praeter

2181 4428 2431 4509 illam,
2512 4447 2656 4498 nec
2729 4422 3504 4505 instrumentaliter,
3576 4442 3721 4493 nec

2181 4563 2683 4637 quocumque
2743 4541 2976 4613 modo
3019 4541 3269 4630 agunt
3307 4538 3727 4630 dispositi-

2181 4680 2412 4732 onem
2510 4658 2734 4729 illam
2807 4654 3224 4748 praeviam,
3299 4654 3504 4746 quod
3599 4658 3722 4727 est

2179 4774 2773 4854 inconveniens,
2857 4773 3044 4866 qui-a
3124 4771 3203 4843 in
3272 4771 3420 4845 tali
3480 4771 3726 4843 orati·

2182 4913 2329 4965 one
2390 4890 3009 4969 sacramentali,
3073 4888 3295 4959 nulla
3390 4888 3705 4979 syllaba

2180 5008 2514 5101 ponitur
2590 5009 3233 5087 Sacramentum,
3327 5006 3459 5077 sed
3546 5008 3725 5079 tota

2184 5126 2489 5199 orati0.

2268 5243 2490 5324 Quod
2522 5241 2588 5313 si
2626 5242 2843 5315 ultra
2875 5240 3133 5331 fingas
3170 5239 3544 5313 ultimam
3572 5239 3727 5328 syl-

2181 5359 2448 5430 labam
2482 5379 2658 5429 esse
2703 5359 3058 5430 instrum
3078 5358 3342 5431 cutum
3383 5355 3733 5447 comple·

2182 5475 2371 5557 tive,
2436 5478 2516 5548 et
2602 5475 2898 5548 habere
2976 5474 3378 5548 actionem
3458 5473 3727 5552 istam,

2185 5609 2360 5681 quae
2401 5590 2890 5666 attribuitur
2958 5591 3514 5669 sacramento,
3570 5605 3732 5658 non

3548 5701 3607 5759 10
