4287 6313
1762 437 1959 503 Dls'r.
2008 439 2053 502 Ι.
2089 438 2451 516 QUAESTIO
2495 444 2571 507 11.
3699 453 3779 516 99

560 591 766 659 totius
815 604 877 660 et
932 595 1172 676 totaliS,
1263 598 1424 666 nihil
1497 621 1875 688 supponens
1944 603 2116 690 quod

561 720 814 795 spectet
851 708 929 776 ad
985 713 1319 780 entitatem
1364 717 1684 801 producti,
1723 718 1818 784 sic
1888 740 1924 785 e
1964 740 2116 785 con-

562 836 661 892 tra
707 826 1091 896 annihilatio
1141 841 1240 897 est
1286 831 1618 901 distractio
1677 836 1879 903 totius
1919 849 1983 904 et
2013 849 2116 903 to-

562 939 743 1021 talis,
783 943 946 1009 nihil
986 958 1132 1031 post
1162 968 1234 1013 se
1265 948 1664 1035 relinquenS,
1701 952 1872 1037 quod
1918 952 2115 1019 fuerit

561 1054 645 1122 de
692 1059 960 1126 entitate
1020 1062 1406 1141 annihilati3
1481 1065 1603 1133 hoc
1687 1078 1904 1133 autem
1982 1089 2113 1135 non

562 1182 777 1254 potest
810 1173 1018 1241 facere
1048 1174 1110 1241 in
1147 1177 1616 1259 materialibuS,
1664 1181 1790 1247 nisi
1820 1202 2011 1248 causa
2048 1183 2109 1249 in

560 1288 754 1374 cujus
804 1301 1117 1375 potestate
1179 1304 1278 1358 est
1353 1295 1622 1361 materia
1665 1297 1873 1382 prima
1905 1319 2110 1384 quan-

563 1415 700 1469 tum
732 1404 824 1470 ad
854 1428 987 1472 esse
1017 1418 1080 1473 et
1108 1429 1244 1475 non
1274 1431 1427 1475 esse.

653 1524 724 1586 ln
792 1522 1074 1589 secunda
1135 1526 1518 1610 probatione
1565 1528 1753 1596 docet
1793 1529 1964 1617 quod
2000 1553 2109 1598 ne·

561 1659 691 1725 que
735 1639 969 1726 gratia,
1015 1659 1227 1728 neque
1283 1640 1561 1710 virtutes
1596 1643 1835 1711 infusae
1876 1647 2108 1733 physi-

559 1774 638 1821 ce
710 1754 1150 1835 destruantur,
1227 1757 1339 1824 sed
1408 1757 1847 1840 demeritorie,
1936 1763 2107 1849 quod

227 1902 464 1952 Virtutes
557 1871 764 1937 variis
813 1872 877 1937 in
920 1871 1078 1938 locis
1130 1873 1336 1940 docet.
1385 1876 1568 1953 Item,
1615 1877 1928 1962 supponit
1967 1879 2107 1945 dari

201 1965 529 2079 dessgruffirie
557 1985 824 2052 habitus
869 1989 1220 2074 acquisitos
1256 1989 1573 2056 dictarum
1607 1992 1951 2073 virtutum,
1997 1995 2108 2082 qui

233 2092 505 2203 ‘wigurm'
561 2125 677 2190 per
715 2117 896 2172 actus
936 2108 1296 2174 contrarios
1343 2109 1590 2175 destrui
1624 2128 1922 2194 possunt.
1991 2113 2104 2177 Vi-

558 2220 639 2288 de
670 2222 884 2308 ipsum
926 2224 998 2288 in
1027 2226 1090 2289 3.
1136 2223 1204 2289 d.
1242 2226 1350 2291 24.
1395 2236 1456 2289 et
1502 2228 1944 2312 sequentibus

646 2341 717 2405 In
768 2340 1192 2424 responsione
1239 2339 1316 2405 ad
1367 2341 1668 2408 ultimum
1719 2342 1965 2428 optime
1994 2343 2102 2410 de-

223 2457 499 2516 Quomodo
552 2453 756 2522 clarat
805 2454 960 2541 quid
1018 2455 1104 2520 sit
1149 2476 1345 2542 agere
1394 2458 1458 2522 in
1500 2458 1745 2524 virtute
1803 2459 2094 2539 alterius,

275 2537 435 2569 (311ξᾶ

243 2586 476 2655 secunda
552 2583 617 2636 et
646 2571 973 2658 quomodo
1020 2592 1213 2638 causa
1254 2574 1535 2639 secunda
1568 2586 1718 2661 agat
1761 2575 1824 2639 in
1858 2575 2101 2643 virtute

217 2647 520 2757 subparum-
554 2689 812 2774 primae,
872 2709 998 2753 non
1061 2687 1230 2775 quod
1274 2690 1540 2775 recipiat
1598 2690 1923 2758 influxum
1987 2713 2099 2758 no-

249 2785 452 2833 pnmae.
551 2823 712 2869 vum
755 2823 788 2868 a
846 2802 1055 2888 prima
1095 2802 1355 2890 quando
1394 2806 1554 2890 agit,
1614 2804 1724 2871 sed
1767 2805 1919 2892 quia
1963 2827 2098 2872 ser-

547 2929 664 2984 vat
740 2918 1243 2986 determinatum
1302 2917 1593 2985 ordinem
1645 2920 1724 2985 ad
1786 2920 2088 3006 primam,

549 3048 618 3102 et
666 3037 897 3124 recipit
952 3037 1032 3103 ab
1091 3057 1163 3103 ea
1213 3057 1359 3104 esse
1417 3048 1480 3103 et
1516 3038 1853 3105 virtutem.
1910 3038 2095 3104 Unde

548 3174 677 3220 non
747 3165 920 3220 recte
988 3156 1249 3242 quidam
1300 3154 1504 3222 citant
1581 3160 1916 3222 Doctorem
1984 3176 2093 3221 no-

539 3281 751 3336 strum
815 3292 929 3357 pro
986 3292 1060 3338 ea
1101 3272 1447 3351 sententia,
1492 3292 1644 3359 quae
1693 3271 1921 3338 statuit
1984 3292 2096 3337 ne-

537 3385 826 3451 cessario
897 3387 1205 3472 praemitti
1276 3387 1341 3452 in
1409 3409 1603 3454 causa
1663 3387 1951 3454 secunda
2013 3387 2092 3453 ad

536 3503 862 3569 actionem
924 3502 1246 3570 influxum
1312 3504 1596 3591 aliquem
1651 3525 1766 3591 per
1826 3504 2086 3571 modum

533 3617 1247 3706 praedeterminationis
1289 3620 1582 3706 praeviae.
1628 3619 1943 3687 Videatur
1973 3619 2090 3685 eti-

532 3756 644 3802 am
699 3735 773 3800 in
825 3734 894 3804 2.
931 3734 1087 3800 dist.
1156 3737 1220 3801 9.
1288 3746 1514 3822 quoest.
1563 3739 1627 3802 Ξ.
1674 3738 1707 3821 ξ
1750 3735 1845 3801 Ad
1888 3756 2093 3821 argu-

535 3863 759 3918 menta
818 3851 1124 3918 secundae
1184 3852 1595 3938 quaestionis,
1659 3855 2092 3938 responsione

534 3969 631 4034 ad
689 3969 1136 4055 objectionem,
1214 3990 1382 4035 vers.
1469 3970 1558 4033 Et
1659 3990 1806 4034 cum
1890 3970 2092 4035 addis

534 4085 718 4172 quod
751 4106 958 4151 unum
1015 4086 1158 4168 ayit
1207 4085 1282 4150 in
1322 4086 1574 4150 virtute
1621 4086 1921 4164 alterius,
1959 4095 2085 4151 etc,

533 4203 647 4268 ubi
701 4204 826 4269 hoc
875 4203 1038 4269 bene
1095 4202 1399 4290 explicat,
1448 4214 1507 4268 et
1549 4204 1620 4267 in
1670 4207 1734 4269 4.
1776 4202 1930 4268 dist.
1977 4206 2086 4268 43.

535 4331 768 4406 quoest.
815 4323 878 4385 3.
916 4321 950 4405 g
996 4318 1214 4385 Tertia
1254 4318 1477 4404 opinio
1518 4330 1642 4398 est,
1679 4329 1804 4385 etc.
1858 4328 2090 4384 contra

534 4436 1032 4520 responsionem
1072 4455 1335 4522 aryum.
1373 4437 1444 4499 2.
1511 4445 1573 4499 et
1603 4435 1676 4499 in
1720 4438 1780 4499 1.
1827 4434 1982 4500 dist.
2023 4437 2085 4499 3.

535 4562 766 4639 quaest.
813 4553 876 4618 9.
929 4550 1095 4627 Quid
1135 4562 1349 4617 autem
1403 4560 1632 4616 contra
1684 4550 1808 4616 hoc
1856 4549 2092 4615 faciant

531 4666 836 4755 quaedam
886 4668 1028 4753 ejus
1074 4666 1214 4734 loca
1252 4664 1635 4734 disserendo
1675 4675 1904 4730 contra
1940 4664 2089 4730 Phi·

533 4784 849 4871 losophos
912 4783 993 4850 de
1073 4784 1376 4850 libertate
1434 4783 1664 4870 primae
1721 4802 1973 4860 causae,
2030 4793 2094 4847 et

536 4921 758 4967 rerum
821 4901 1299 4988 contingentia,
1346 4921 1473 4965 non
1517 4898 1841 4985 permittit
1882 4897 2087 4985 proli-

537 5016 709 5084 xitas
768 5017 965 5104 hujus
1003 5015 1395 5103 quaestionis
1464 5015 1791 5081 disserere
1849 5025 1911 5080 et
1979 5014 2087 5080 de-

537 5135 806 5219 clarare,
861 5134 1021 5201 alias
1062 5133 1128 5201 id
1198 5135 1660 5222 praestabimus
1702 5153 1847 5200 cum
1908 5153 2091 5197 occa-

538 5254 636 5322 sio
702 5255 866 5323 feret
924 5252 1290 5340 longiorem
1368 5264 1744 5320 tractatum.
1818 5250 2087 5317 Interim

537 5373 643 5439 bic
676 5372 905 5438 finitur
945 5372 1221 5458 quaestio
1263 5372 1406 5438 haec
1436 5369 1732 5457 locuplex
1777 5380 1839 5436 et
1878 5368 2085 5445 varia,

533 5507 754 5572 quarn,
799 5498 878 5552 ut
921 5505 1150 5551 verum
1215 5485 1439 5565 fatear,
1499 5484 1840 5572 praeterire
1883 5484 2089 5564 volui,

534 5605 661 5672 nisi
713 5605 1006 5672 aliorum
1073 5624 1175 5669 me
1235 5614 1528 5671 moveret
1597 5603 1974 5680 auctoritaS‚
2028 5612 2093 5667 et

2233 627 2315 672 ne
2347 607 2490 693 ipso
2532 609 2597 674 in
2637 608 2863 678 limine
2903 611 3255 680 desultorie
3313 614 3574 683 viderer
3604 638 3773 705 opus

2225 722 2354 790 hoc
2393 726 2694 812 aggredi.

2675 1048 3136 1130 QUAESTIO
3222 1055 3323 1126 II.

2230 1288 2457 1357 Utrum
2514 1294 2651 1359 haec
2707 1298 2792 1363 sit
2862 1302 3039 1365 ratio
3114 1301 3470 1384 definitiva
3519 1307 3770 1372 Sacra-

2308 1410 2513 1473 menti
2556 1408 2681 1496 (a),
2737 1433 2933 1497 qnam
2987 1417 3177 1500 ponit
3230 1418 3587 1503 Maqister:
3628 1422 3769 1493 Sa-

2309 1527 2820 1597 cramentum
2852 1531 2975 1600 est
3011 1527 3438 1603 invisibilis
3474 1535 3767 1624 gratiae

2303 1636 2648 1712 visibilis
2698 1640 3021 1715 forma?

2226 1906 2412 1966 Aleus,
2446 1910 2499 1964 4.
2532 1925 2581 1975 p.
2617 1927 2668 1978 q.
2702 1927 2774 1967 m.
2803 1913 2853 1967 4.
2889 1917 2941 1967 et
2970 1928 3021 1980 q.
3049 1914 3102 1970 8.
3135 1930 3212 1969 m.
3249 1914 3296 1971 t.
3335 1916 3406 1973 D.
3447 1917 3636 1974 Thom.
3674 1918 3764 1975 hic

2294 1997 2347 2048 q.
2402 1980 2448 2034 l.
2475 1986 2522 2034 et
2552 1982 2605 2036 3.
2657 1981 2909 2039 Richard.
2962 1991 3076 2044 art.
3130 1988 3179 2042 1.
3229 2003 3281 2055 q.
3331 1992 3386 2044 2.
3440 1990 3508 2046 D.
3564 1992 3764 2047 Bonav.

2293 2062 2427 2117 duo.
2459 2063 2513 2116 2.
2549 2064 2638 2117 tit.
2675 2063 2831 2117 Suar.
2874 2064 2927 2118 3.
2959 2072 3112 2131 part.
3150 2073 3278 2122 tom.
3320 2069 3370 2123 3.
3395 2071 3447 2123 d.
3482 2071 3530 2127 1.
3562 2076 3684 2126 sect.
3713 2074 3769 2128 4.

2295 2133 2465 2203 Vasq.
2529 2133 2583 2188 3.
2634 2142 2790 2202 part.
2845 2138 2896 2188 (Ι.
2928 2135 3048 2194 127.
3093 2142 3235 2209 Aug.
3275 2139 3359 2194 10.
3395 2142 3513 2196 Οἱυ.
3547 2158 3664 2211 cap.
3693 2144 3753 2197 5.

2292 2203 2450 2275 Hugo
2476 2205 2524 2260 1.
2557 2206 2620 2258 de
2647 2207 2807 2260 Sacr.
2832 2222 2884 2273 p.
2908 2208 2959 2262 9.
2980 2224 3026 2264 c.
3065 2209 3111 2264 1.
3138 2210 3317 2266 Isidor.
3338 2213 3394 2267 6.
3418 2219 3580 2280 etym.
3602 2230 3648 2271 c.
3676 2217 3761 2270 18.

2306 2450 2525 2530 Quod
2585 2472 2741 2523 non
2807 2455 3153 2540 videtur,
3239 2460 3426 2549 quia
3491 2440 3756 2534 defini-
3922 2504 3973 2556 1·

2213 2564 2326 2638 tio
2420 2587 2579 2639 non
2649 2573 2772 2641 est
2840 2572 2995 2643 nisi
3080 2574 3279 2665 ejus,
3367 2578 3572 2667 quod
3630 2583 3756 2653 est
3824 2568 4057 2694 ”iffi-022·

2214 2701 2358 2773 per
2434 2704 2517 2754 se
2599 2705 2871 2763 unum.
2958 2692 3028 2761 7.
3112 2693 3401 2780 Metaplz.
3468 2697 3752 2766 Sacra-
3782 2693 4101 2746 Text.c.16.

2214 2802 2571 2870 mentum
2608 2821 2764 2871 non
2800 2807 2923 2875 est
2960 2825 3102 2895 per
3136 2827 3220 2877 se
3253 2826 3524 2891 unum,
3565 2811 3756 2901 quia.
3784 2755 4100 2873 mffifigffi,

2212 2915 2645 2986 secundum
2716 2919 3259 3010 Augustinum
3330 2945 3575 3017 super
3615 2928 3756 2999 Jo-

2210 3048 2497 3099 annem
2575 3036 2856 3102 homilia
2936 3039 3046 3108 81.
3124 3040 3201 3110 et
3283 3042 3617 3132 ponitur
3684 3050 3749 3116 1.

2208 3151 2488 3236 quaest.
2536 3148 2599 3216 1.
2668 3149 3026 3224 Detrahe
3074 3178 3088 3222 :
3145 3158 3419 3225 Accedit
3487 3161 3758 3228 verbum

2206 3267 2296 3332 ad
2337 3271 2751 3348 elementum,
2801 3281 2861 3335 et
2890 3273 2970 3354 fit
3017 3273 3524 3341 Sacramentum
3544 3302 3568 3354 ‚⁰
3613 3277 3745 3348 sed

2206 3382 2540 3453 verbum
2609 3385 2685 3454 et
2747 3383 3232 3458 elementum
3321 3407 3473 3460 non
3557 3391 3756 3463 faci-

2204 3500 2350 3569 unt
2426 3499 2726 3591 aliquid
2815 3521 2960 3592 per
3038 3523 3121 3574 se
3183 3523 3455 3586 unum,
3566 3508 3755 3598 quia

2204 3634 2451 3686 unum
2483 3619 2605 3687 est
2642 3636 3151 3709 permanen&
3190 3619 3403 3692 aliud
3441 3643 3752 3697 succes-

2207 3729 2498 3802 sivum.

2293 3847 2678 3926 Secundo.
2742 3848 2809 3919 si
2854 3853 2978 3923 est
3021 3850 3313 3934 forma,
3377 3858 3518 3928 aut
3547 3875 3747 3947 ergo
3782 3895 4001 3961 Argum.
4047 3892 4098 3944 2,

2205 3959 2496 4045 forma„
2564 3984 2738 4054 quae
2796 3969 2920 4038 est
2999 3966 3263 4039 altera
3334 3988 3553 4061 pars,
3608 3974 3748 4043 aut

2205 4075 2473 4149 forma.
2557 4079 3099 4171 exemplaris3
3163 4081 3295 4154 sed
3347 4104 3507 4157 non
3585 4087 3752 4178 pri-

2208 4215 2338 4266 mo
2383 4196 2638 4278 mode,
2700 4201 2947 4289 patet.
3023 4198 3210 4289 quia.
3279 4203 3755 4276 Sacramen-

2203 4314 2376 4383 tum
2436 4332 2595 4382 non
2637 4315 2760 4385 est
2829 4333 3021 4406 pars
3087 4316 3421 4406 gratiae;
3469 4339 3613 4393 nec
3646 4342 3760 4393 se·

2207 4428 2462 4499 cundo
2554 4430 2811 4509 modo,
2922 4431 3110 4522 quia.
3201 4435 3755 4527 exemplatum

2207 4543 2584 4618 imitatur
2644 4546 3094 4638 exemplar,
3158 4552 3237 4621 et
3309 4551 3756 4645 participat

2204 4659 2494 4753 ipsum,
2562 4681 2721 4732 non
2784 4662 2898 4734 sic
2959 4666 3230 4736 autern
3310 4667 3585 4758 gratia
3628 4672 3762 4743 Sa-

2208 4780 2743 4849 cramentum.
3894 4861 3899 4864 .

2293 4894 2567 4967 Tertio
2632 4897 2772 4976 sic,
2831 4895 3018 4986 quia
3096 4896 3173 4970 in
3241 4900 4103 5016 'quibusdamArgumffi

2210 5013 2771 5086 sacramentis
2824 5035 2980 5084 non
3035 5019 3159 5088 est
3210 5016 3370 5091 nisi
3427 5020 3765 5093 verbum

2207 5134 2559 5210 tantum,
2609 5131 2815 5222 quod
2875 5151 3036 5202 non
3104 5135 3226 5204 est
3273 5135 3593 5225 signum
3655 5137 3766 5209 vi-

2213 5246 2472 5327 sibile,
2511 5246 2643 5316 sed
2676 5245 3021 5319 audibile
3074 5251 3416 5334 tantum,
3462 5256 3550 5325 ut
3584 5272 3767 5344 pro-

2204 5362 2454 5434 batur
2504 5362 2845 5434 inferius
2905 5363 2988 5434 in
3049 5373 3565 5442 sacramento
3604 5373 3766 5441 Poe-

2210 5477 2582 5552 nitentiae
2622 5483 2701 5552 et
2763 5481 3323 5564 Matrimonii;
3369 5504 3567 5577 ergo
3603 5507 3768 5559 ma-

2200 5597 2273 5668 le
2324 5594 2635 5670 dicitur
2691 5594 3043 5669 visibile.
