4287 6313
585 386 704 451 246

222 555 545 670 Sfflgfiussm
574 554 997 624 eramenta
1042 571 1272 624 novae
1339 548 1544 641 legis
1593 567 1640 619 a
1699 544 1875 618 solo
1952 545 2120 617 Deo

272 678 532 747 tinardi·
574 669 869 742 habent
904 668 1378 749 efficaciam,
1423 669 1812 756 tanquam
1847 683 1893 735 a
1935 680 2121 734 cau-

278 757 546 857 mffssffietn‘
578 805 669 858 sa
756 783 1234 878 prin,:ipali;
1298 802 1345 854 a
1422 781 1753 856 Christo
1851 780 2123 851 autem

580 900 964 996 patiente,
1011 900 1180 972 sive
1237 919 1283 971 a
1326 897 1707 990 passione
1784 893 2118 975 Christi,

479 973 872 1117 (habent
903 1016 1350 1091 efficaciam
1381 1018 1766 1105 tanquam
1799 1032 1847 1084 a
1878 1030 2125 1084 causa

578 1135 1037 1210 meritoria.
1084 1133 1449 1207 Primum
1503 1131 1856 1205 istorum
1945 1149 2124 1222 pro-

574 1254 816 1326 batur
847 1272 944 1324 ex
990 1250 1334 1323 secunda
1366 1247 1889 1321 conclusione
1926 1265 2125 1338 prae-

573 1369 884 1443 habita.
958 1366 1194 1442 Solus
1236 1365 1450 1439 enim
1491 1368 1706 1438 Deus
1768 1361 2126 1436 instituit

577 1487 752 1560 haec
831 1486 1391 1565 Sacramenta,
1445 1484 1523 1554 et
1564 1478 1927 1554 efficacia
1989 1483 2127 1552 Sa-

575 1601 978 1678 eramenti
1011 1622 1173 1674 non
1215 1603 1486 1693 potest
1553 1619 1732 1671 esse
1815 1596 1914 1668 ab
1964 1595 2127 1667 alia

571 1740 820 1796 causa
889 1716 1307 1799 inferiore,
1378 1736 1559 1789 eam
1624 1714 2122 1787 instituente.

586 1840 758 1912 Hoc
845 1836 1092 1908 etiam
1155 1837 1379 1926 patet
1436 1832 1576 1914 sic,
1644 1830 1866 1903 solus
1909 1831 2127 1903 Deus

579 1952 1069 2029 determinat
1128 1971 1211 2022 se
1244 1950 1340 2022 ad
1375 1948 1759 2023 effectum
1793 1966 2129 2021 causan-

581 2072 769 2145 dum
803 2068 955 2141 sibi
988 2064 1457 2160 proprium;
1498 2065 1567 2137 si
1603 2065 1820 2137 enim
1853 2067 2128 2156 posset

583 2184 681 2257 ab
733 2182 896 2255 alio
954 2180 1487 2255 determinari
1538 2180 1635 2251 ad
1701 2178 2124 2271 agendum,

569 2302 744 2393 jam
801 2305 1017 2373 esset
1078 2318 1326 2371 causa
1376 2296 1720 2370 secunda
1755 2301 2127 2388 respectu

578 2416 805 2508 eJ'us;
894 2413 1233 2487 effectus
1318 2415 1589 2485 autem
1693 2411 2133 2503 significati

583 2553 729 2625 per
778 2535 1309 2606 Sacramenta
1355 2533 1541 2602 sunt
1586 2528 1901 2622 proprii
1980 2528 2132 2600 soli

583 2651 786 2731 Deo;
832 2668 1030 2739 ergo
1076 2647 1298 2720 solus
1329 2649 1543 2719 Deus
1580 2650 1847 2738 potest
1879 2647 2136 2719 deter-

593 2765 904 2837 minare
954 2785 1038 2836 se
1096 2763 1191 2835 ad
1244 2762 1734 2836 causandum
1795 2757 2136 2832 effectus

285 2900 417 2961 Quid
444 2904 523 2973 opt
598 2883 1349 2961 sacramentorum,
1398 2876 1898 2969 regulariter
1951 2895 2138 2946 con-

255 2965 551 3081 sffliffi.
597 2996 1083 3072 comitantes
1148 2997 1700 3069 Sacramenta.
1785 2994 1955 3065 Hoc
2016 2995 2140 3065 est

304 3090 516 3141 “mm''
597 3119 870 3190 autem
927 3118 1459 3191 Sacramenta
1516 3110 1811 3184 habere
1872 3109 2143 3182 effica-

606 3233 846 3316 ciam,
928 3229 1244 3306 scilicet
1283 3228 1581 3301 habere
1640 3227 1981 3300 effectus
2027 3246 2142 3298 re-

601 3348 1008 3444 gulariter
1066 3343 1764 3424 concomitantes;
1827 3361 2027 3434 ergo
2098 3360 2146 3412 a

600 3467 776 3540 sola
832 3449 1255 3538 voluntate
1311 3460 1580 3534 divina
1647 3458 1941 3532 habent
2024 3457 2149 3530 de-

596 3581 1038 3657 terminate
1087 3581 1621 3654 Sacramenta
1671 3575 2143 3656 efficaciam,

601 3710 994 3792 tanquam
1025 3718 1072 3770 a
1121 3716 1369 3770 causa
1418 3693 1878 3788 principali.

282 3823 542 3937 chritium
692 3815 1142 3893 Secundum
1178 3816 1401 3907 patet
1443 3835 1526 3880 θα)
1565 3814 1995 3880 distinctione
2036 3813 2145 3882 19.

364 3964 473 3998 ωε
608 3935 793 4000 tertii
823 3933 1003 3999 libri.
1049 3930 1151 4003 Et
1184 3932 1575 4022 quantum
1635 3927 1729 4000 ad
1763 3946 2148 4019 praesenS,

264 4023 579 4125 ωἶῗῗέιῗιω
608 4047 969 4122 breviter
1044 4046 1499 4121 ostenditur
1583 4046 1748 4118 sic:
1823 4040 2153 4115 Homini

272 4134 581 4252 &tssffiffin‘
610 4164 827 4240 facto
904 4164 1051 4240 Dei
1142 4164 1471 4237 inimico
1564 4183 1707 4256 per
1799 4161 2147 4253 culpam,

517 3685 527 3724 Ι

302 4263 530 4377 35θῖἷῇ
607 4283 1007 4378 disposuit
1034 4284 1249 4356 Deus
1284 4301 1441 4354 non
1471 4281 1891 4353 remittere
1926 4279 2151 4351 illam

312 4388 526 4506 ωζῗω
606 4403 955 4495 culpam,
1007 4420 1261 4491 neque
1292 4397 1612 4490 aliquod
1654 4397 2153 4490 adjutorium

334 4523 552 4631 {3232
605 4518 799 4594 da're
843 4521 936 4592 ad
1002 4518 1246 4594 talem
1319 4514 1912 4594 remissionem,
1985 4512 2154 4584 sive

305 4643 497 4758 (123ξῇ
609 4638 703 4710 ad
736 4633 1389 4711 consecutionem
1435 4629 1980 4711 beatitudinis,
2035 4629 2155 4700 ni-

276 4783 550 4833 eorumque
609 4757 679 4830 si
739 4777 883 4850 per
921 4752 1223 4846 aliquid
1300 4749 1448 4823 sibi
1521 4750 1904 4831 oblatum,
1951 4747 2157 4840 quod

344 4838 512 4968 03:28·
609 4872 929 4965 gratius
999 4869 1491 4963 acceptaret,
1554 4885 1794 4959 quam
1846 4862 2159 4936 offensa

286 4961 570 5011 montom.
611 4990 754 5063 illa
784 4990 998 5062 esset
1043 4985 1195 5059 sibi
1233 4983 1692 5077 displicens,
1726 4980 1851 5053 vel
1890 4979 2158 5071 ingra-

606 5111 744 5189 ta;
836 5103 1038 5177 nihil
1118 5102 1392 5174 autem
1462 5100 1730 5192 potest
1808 5094 2158 5169 inveniri

611 5219 931 5313 gratius
1011 5214 1425 5298 Trinitati,
1489 5233 1729 5306 quam
1800 5211 1907 5285 sit
1983 5214 2160 5284 tota

611 5339 851 5430 culpa
910 5340 992 5410 et
1072 5331 1385 5406 offensa
1434 5330 1756 5423 generis
1824 5328 2160 5401 humani

612 5454 1045 5549 displicens
1123 5450 1250 5523 vel
1365 5450 1717 5542 ingrata,
1798 5448 1956 5521 nisi
2055 5447 2161 5521 sit

617 5572 939 5671 aliquod
974 5567 1443 5666 obsequium
1487 5588 1855 5664 personae
1900 5567 2162 5661 magis

1760 382 1895 443 [ΑΒ.
1952 382 2053 444 iv.
2097 377 2696 443 SEN'I'ENTIARUM

2237 543 2576 626 dilectae,
2670 561 2910 635 quam
2990 547 3166 617 tota
3232 540 3779 618 communitas

2242 660 2406 741 illa,
2431 681 2604 751 quae
2643 658 3002 742 offendit,
3053 680 3195 752 per
3231 660 3780 733 universalem

2244 775 2667 860 offensam,
2741 778 3010 851 suerat
3065 777 3194 848 vel
3233 776 3562 850 debebat
3602 798 3781 849 esse

2239 913 2459 976 cara,
2552 894 2621 966 si
2699 915 2857 967 non
2937 893 3431 968 offendisset.
3503 895 3778 967 Talem

2242 1029 2678 1101 personam
2729 1008 2842 1081 sic
2875 1009 3252 1082 dilectam
3295 1030 3455 1082 non
3515 1010 3783 1103 potuit

2241 1147 2493 1220 genus
2579 1125 3020 1200 humanum
3103 1147 3202 1198 ex
3300 1148 3384 1200 se
3462 1126 3785 1212 habere,

2244 1245 2432 1336 quia
2480 1246 2747 1319 totum
2807 1243 2961 1318 fuit
3020 1243 3439 1317 inimicum
3480 1245 3570 1317 de
3635 1264 3791 1319 una

2246 1381 2518 1433 massa
2559 1361 3073 1455 perditionis;
3138 1381 3336 1452 ergo
3386 1360 3786 1454 disposuit

2243 1478 2604 1553 Trinitas
2696 1499 3129 1572 personam
3209 1478 3324 1552 sic
3409 1478 3787 1551 dilectam

2245 1596 2424 1683 sibi,
2467 1598 2660 1670 dare
2711 1598 2989 1687 generi
3060 1596 3441 1678 humano,
3507 1616 3600 1669 ac
3679 1596 3788 1688 ip-

2246 1732 2419 1785 sam
2463 1714 2559 1785 ad
2609 1712 2760 1786 hoc
2814 1712 3237 1798 inclinare,
3300 1714 3386 1786 ut
3448 1712 3626 1805 ipsa
3682 1712 3791 1784 of·

2245 1829 2502 1903 ferret
2588 1828 3059 1921 obsequium
3129 1849 3276 1922 pro
3375 1832 3550 1902 toto
3647 1828 3787 1901 illo

2248 1967 2567 2040 genere.
2638 1947 2857 2020 Talis
2919 1963 3269 2039 persona
3309 1965 3467 2018 non
3517 1951 3641 2020 est
3680 1947 3795 2019 ni-

2248 2064 2316 2136 Si
2411 2062 2814 2149 ChristuS‚
2876 2062 3004 2137 oui
3070 2086 3205 2131 non
3269 2065 3360 2130 ad
3419 2086 3796 2133 mensuram

2245 2183 2429 2248 dedit
2504 2185 2677 2248 Deus
2760 2183 3093 2270 Spiritum
3179 2178 3613 2252 charitatis
3716 2181 3794 2253 et

2250 2297 2567 2388 gratiae,
2608 2300 2802 2365 Joan.
2848 2300 2913 2368 3.
2969 2300 3049 2370 et
3090 2294 3254 2368 tale
3321 2294 3793 2390 obsequium

2249 2417 2373 2486 est
2417 2413 2635 2495 illud,
2701 2414 2783 2484 in
2826 2434 2980 2506 quo
3045 2412 3401 2484 maxima
3452 2416 3796 2506 apparet

2247 2528 2636 2611 charitas,
2701 2529 2905 2621 quod
2939 2531 3063 2601 est
3096 2526 3400 2602 offerre
3433 2550 3516 2601 se
3547 2550 3801 2622 usque

2251 2647 2347 2718 ad
2389 2649 2741 2718 mortem
2791 2666 2935 2738 pro
2972 2644 3345 2739 justitia;
3382 2666 3585 2737 ergo
3630 2646 3798 2718 Tri-

2251 2764 2468 2837 nitas
2503 2764 2814 2836 nullum
2853 2763 3350 2857 adjutorium
3382 2764 3798 2856 pertinens

2255 2879 2349 2950 ad
2373 2878 2720 2953 salutem
2754 2878 3104 2952 contulit
3137 2877 3444 2951 homini
3469 2878 3800 2961 viatori,

2257 2996 2413 3069 nisi
2482 2996 2563 3068 in
2648 2996 2952 3070 virtute
3030 2996 3268 3089 hujus
3359 2995 3794 3071 oblationis

2259 3112 2565 3189 Christi
2620 3113 2698 3185 in
2759 3131 3002 3186 cruce
3053 3110 3314 3198 factae,
3385 3113 3465 3186 et
3517 3132 3565 3185 a
3636 3132 3806 3205 per-

2261 3250 2460 3302 sona
2526 3227 3059 3303 dilectissima
3136 3233 3216 3303 et
3282 3250 3379 3301 ex
3449 3228 3806 3301 maxima

2262 3342 2691 3419 charitate.
2738 3346 2837 3416 Et
2890 3365 3034 3437 per
3094 3344 3244 3417 hoc
3314 3344 3586 3437 passio
3668 3344 3809 3416 illa

2263 3462 2415 3536 fuit
2471 3461 2901 3536 meritoria
2959 3481 3232 3544 causa,
3281 3466 3649 3554 respectu
3682 3460 3810 3532 bo-

2262 3579 2345 3653 ni
2373 3578 2784 3653 meritorii
2819 3579 3102 3653 collati
3134 3578 3443 3651 homini
3483 3576 3809 3652 viatori.

2718 3831 3353 3895 COMMENTARIUS.

2346 4063 2434 4148 (e)
2485 4069 2588 4127 Eoe
2632 4064 2733 4125 his
2785 4063 3031 4125 duabus
3085 4062 3614 4139 conclusionibus,
3674 4070 3801 4126 etc.
3957 4094 4030 4144 11.

2266 4183 2377 4245 Hic
2411 4178 2677 4244 tandem
2725 4177 3091 4256 respondet
3120 4177 3204 4240 ad
3245 4181 3704 4257 quaestionem,
3741 4183 3808 4241 et
3878 4161 4116 4270 ingffifit

2270 4300 2425 4363 dicit
2480 4297 2632 4359 duo.
2693 4296 3001 4370 Primum,
3060 4299 3272 4356 Deum
3330 4311 3478 4358 esse
3540 4313 3809 4359 causam
3855 4289 4179 4394 sacamen-

2266 4413 2698 4495 principalem
2768 4410 3154 4475 instituendi
3237 4412 3684 4488 Sacramenta,
3770 4431 3807 4475 a
3845 4413 4158 4526 eflffifflmex

2271 4547 2400 4609 qua
2466 4529 2860 4606 participant
2913 4542 3104 4588 suam
3164 4525 3546 4600 efficaciam,
3626 4529 3807 4607 quod
3837 4539 4066 4594 christo,
4115 4540 4180 4584 ut

2270 4645 2507 4724 probat
2563 4643 2815 4705 ratione
2874 4643 3228 4719 praemissa,
3290 4648 3357 4703 et
3411 4643 3570 4704 alias
3612 4661 3813 4722 supra
3862 4613 4174 4715 ωἷὲῑῗὲῗῑα,

2275 4760 2580 4824 deducta.
2640 4758 3019 4820 Secundum
3083 4763 3183 4819 est
3243 4758 3446 4822 fuisse
3521 4759 3815 4825 efficacia

2270 4894 2391 4957 per
2445 4876 2793 4948 Christum,
2849 4880 3160 4952 tanquam
3204 4891 3324 4951 per
3368 4893 3636 4940 causam
3666 4895 3809 4942 me-

2272 4995 2581 5057 ritoriam.
2671 4991 2862 5068 Quod
2951 4993 3184 5069 probat
3264 5010 3342 5054 ex
3418 4997 3816 5059 necessitate

2274 5111 2764 5183 lncarnationiS,
2811 5108 3183 5171 secundum
3225 5110 3450 5190 legem
3499 5118 3812 5176 statutam

2272 5229 2358 5290 ad
2408 5226 2798 5289 salvandum
2838 5226 3197 5297 hominem,
3257 5241 3409 5305 quae
3457 5226 3821 5291 desumitur

2276 5363 2358 5409 ex
2389 5345 2680 5409 doctrina
2731 5343 2888 5406 fidei
2946 5350 3009 5405 et
3053 5344 3337 5417 Patrum,
3389 5349 3458 5406 ut
3505 5343 3652 5408 fuse
3688 5352 3820 5408 tra-

2278 5469 2485 5525 ctatur
2543 5463 2609 5523 in
2672 5462 2943 5522 materia
3005 5458 3088 5521 de
3153 5461 3660 5537 incarnatione3
3757 5469 3824 5526 et

2280 5577 2610 5642 concludit
2653 5594 2848 5641 omne
2893 5575 3296 5659 adjutorium
3352 5578 3580 5643 datum
3608 5581 3819 5646 homi·
