4287 6313
245 593 462 656 August.

331 2105 402 2153 14.

231 3882 500 3934 Chai-acte-

304 3960 414 3993 rem

222 4008 509 4074 ponendum

224 4069 500 4120 secundum

231 4132 501 4182 auctorita-

306 4204 408 4250 tem

224 4263 466 4315 Ecclesiae
477 4302 487 4312 .

544 431 664 493 604

539 610 642 661 no
676 591 765 663 de
811 590 1232 683 Baptismo
1266 588 2081 670 contraDonatistas,

543 707 681 781 lib.
726 710 797 779 6.
890 713 1080 778 Satis
1135 712 1347 776 eluxit
1413 731 1618 788 ovem,
1702 730 1844 796 quoe
1915 709 2089 791 soris

541 829 991 894 characterem
1013 828 1421 893 dominicum
1451 826 2090 912 acceperat,venien·

540 955 664 1010 tem
705 945 795 1010 ad
825 947 1103 1010 salntem
1132 944 1217 1008 ab
1270 965 1496 1010 errore
1526 944 1780 1028 corri9i
1800 968 1824 1022 ,·
1857 944 2091 1008 chara-

539 1073 777 1127 cterem
817 1072 1034 1127 tamen
1076 1064 1151 1126 in
1184 1082 1260 1126 ea
1309 1061 1715 1126 dominicum
1759 1069 2084 1145 aqnoscct,

541 1198 728 1263 quem
766 1177 1030 1263 quidem
1061 1177 1513 1241 characterem
1544 1175 1737 1239 multi
1794 1175 1938 1258 lapi
1987 1173 2093 1237 lu-

532 1295 641 1379 pis
676 1296 992 1380 insiqunt,
1023 1294 1136 1379 qai
1162 1295 1342 1358 intas
1408 1292 1740 1357 videntur.
1790 1287 2093 1360 Ibidem

539 1406 788 1478 etiarn
812 1409 924 1474 lib.
979 1410 1035 1475 1.
1073 1409 1153 1473 de
1184 1429 1434 1473 consec.
1463 1406 1701 1475 dista't.
1752 1402 2097 1476 ostendi-

552 1528 730 1595 tur:
765 1526 953 1590 Sicut
985 1525 1375 1610 baptizatus,
1411 1525 1473 1588 si
1501 1524 1581 1588 ab
1619 1525 1871 1588 unitate
1899 1543 2099 1587 reces-

549 1643 740 1719 serit,
778 1644 1288 1707 Sacramentum
1357 1641 1690 1726 Baptismi
1734 1661 1867 1708 non
1907 1641 2099 1704 amit-

553 1760 635 1823 tit
656 1782 680 1838 ,·
720 1759 816 1822 sic
855 1756 1227 1833 ordinatus,
1275 1757 1393 1821 etsi
1433 1758 1792 1833 recesserit,
1858 1756 2096 1820 Sacra-

546 1881 837 1942 mentum
891 1869 1107 1934 dandi
1144 1871 1556 1955 Baptismitm
1628 1891 1763 1934 non
1818 1870 2092 1945 amittit,

553 1986 732 2051 nulli
790 1987 968 2051 enim
1013 1987 1275 2072 injuria
1326 1985 1644 2069 facienda
1683 1997 1796 2050 est.

644 2102 735 2172 In
767 2101 928 2174 ista
962 2100 1459 2174 auctoritate
1495 2100 1798 2192 pluries
1850 2100 2100 2171 nomi-

551 2220 691 2289 nat
733 2215 1323 2298 characterem,
1356 2216 1488 2288 sed
1511 2219 1855 2308 apparet
1891 2214 2099 2306 quod

550 2331 753 2405 nihil
815 2334 908 2406 ad
947 2332 1461 2425 propositum
1527 2332 1962 2405 secundum
1998 2331 2101 2402 si-

552 2451 1168 2541 gnificationem
1217 2449 1750 2531 characteris,
1804 2450 1895 2521 de
1950 2469 2105 2540 qua

550 2566 990 2658 loquimur,
1049 2566 1236 2656 quia
1274 2565 1492 2645 dicit,
1541 2565 1744 2656 quod
1775 2565 1944 2655 lupi
1988 2562 2106 2633 lu-

562 2682 685 2774 pis
771 2681 1115 2772 infigunt
1203 2679 1796 2761 characterem,
1898 2678 2104 2771 quod

558 2798 821 2889 magis
856 2798 1225 2871 salvatur
1256 2798 1345 2869 d'e
1382 2801 1911 2871 sacramento
1961 2799 2106 2870 Ba-

558 2916 864 3008 ptismi,
924 2935 1163 3008 quam
1225 2916 1316 2988 de
1359 2915 1632 3008 aliquo
1676 2915 1961 2988 effectu
2027 2917 2105 2988 in

556 3033 852 3105 anima.
903 3035 1120 3108 Unde
1198 3033 1489 3126 ubique
1523 3034 1602 3105 in
1645 3033 1786 3105 illa
1827 3037 2104 3107 aucto-

559 3149 809 3224 ritate
846 3152 1114 3243 potest
1146 3149 1582 3224 character
1629 3149 1826 3223 bene
1860 3151 1955 3222 ad
1997 3148 2109 3221 in-

553 3266 1002 3340 tentionem
1071 3267 1246 3358 ejus
1306 3267 1562 3359 accipi
1635 3286 1782 3358 pro
1837 3266 2108 3358 Bapti-

552 3402 752 3465 smo,
817 3402 977 3453 non
1035 3383 1319 3455 effectu
1392 3381 1816 3474 Baptismi,
1900 3382 2107 3455 sicut

550 3503 853 3575 dictum
891 3505 1014 3572 est
1064 3499 1288 3591 prius
1334 3497 1825 3590 Magistrum
1898 3498 2111 3570 acci-

557 3637 746 3713 pere
796 3614 1361 3688 characterem
1425 3613 1507 3685 in
1568 3614 1727 3685 ista
1780 3599 2112 3687 definiti*-

562 3756 734 3816 one‚
774 3754 921 3826 pro
966 3732 1237 3805 forma
1274 3732 1700 3825 Baptismi.

650 3849 1049 3931 Breviter,
1118 3850 1325 3931 sicut
1399 3848 1746 3921 habetur
1823 3853 2107 3920 Extrav.

558 3971 639 4035 de
678 3969 1030 4045 haereticis,
1066 3966 1156 4032 ad
1184 3962 2114 4044 abolendam,sentiendum

562 4087 686 4156 est
719 4081 809 4151 de
863 4077 1415 4152 Sacra-mentis
1451 4076 1869 4158 Ecclesiae,
1908 4078 2120 4152 sicut

565 4198 813 4272 sentit
856 4198 1228 4269 Romana
1286 4194 1676 4266 Ecclesia.
1747 4195 2119 4266 Romana

553 4320 824 4388 autem
863 4312 1227 4386 Ecclesia
1257 4310 1577 4383 videtur
1610 4311 1914 4384 sentire
1938 4309 2116 4383 cha-

562 4439 975 4506 ractercm
1027 4430 1401 4524 imprimi
1446 4430 1524 4501 in
1562 4430 1831 4502 anima
1874 4431 1954 4501 in
1976 4432 2118 4501 Ba-

566 4551 890 4643 ptismO,
930 4550 1137 4621 sicut
1169 4547 1367 4620 dicit
1406 4547 1933 4619 Innocentius
1967 4549 2111 4619 ΙΙΙ.

569 4670 903 4739 ExtraV.
1003 4666 1091 4737 de
1201 4663 1650 4755 Baptismo‚
1740 4666 1820 4735 et
1937 4664 2116 4755 ejus

548 4786 863 4865 aflectu,
910 4806 975 4856 ο.
1076 4781 1433 4874 Majol'es
1483 4807 1498 4849 ε
1563 4785 1693 4859 Qui
1726 4768 1874 4865 ficte
1931 4804 2114 4847 acce-

554 4908 654 4972 dit
696 4906 787 4972 ad
834 4907 1273 4990 Baptismum,
1349 4903 1795 4967 characterem
1836 4885 2117 4985 suscipit

560 5022 1109 5089 Christianitatis
1166 5022 1583 5105 impressum.
1648 5017 1744 5086 Et
1825 5013 2114 5085 ibidem

561 5138 639 5209 in
690 5136 886 5207 fine:
963 5135 1145 5203 Tunc
1191 5138 1639 5202 characterem
1668 5136 2118 5198 sacramenta—

573 5259 657 5322 lis
700 5255 1035 5341 imprimit
1062 5255 1383 5338 operatiO,
1432 5273 1573 5316 cum
1608 5252 1850 5315 obicem
1891 5251 2121 5316 volun-

558 5375 716 5439 tatis
763 5373 1126 5437 contrariae
1190 5390 1321 5433 non
1378 5370 1633 5433 invenit
1682 5368 2115 5432 obsistentem.

571 5491 671 5560 Et
773 5485 841 5557 si
918 5484 1191 5577 prima
1314 5480 1768 5554 auctoritas
1849 5486 2123 5572 posset

573 5600 868 5697 exponi
905 5598 1264 5672 vocando
1300 5595 1865 5670 characterem
1899 5594 2123 5671 Chri·

1650 429 1797 492 mss.
1846 431 1943 492 ιν.
1977 388 2575 494 snnrssnrmaun

2208 587 2657 664 stianitatis
2807 590 3071 682 ipsum
3203 589 3741 682 Baptismum,

2206 710 2498 779 tamen·
2575 708 2943 789 secunda,
3017 728 3192 799 quae
3277 707 3471 781 dicit
3551 706 3753 799 quod

2209 822 2847 895 Sacramentalis
2909 822 3277 915 operatio
3356 821 3757 915 imprimit

2206 937 2795 1021 characterem,
2840 938 3162 1011 videtur
3210 960 3595 1032 expresse
3652 939 3761 1012 lo·

2207 1056 2342 1146 qui
2376 1055 2467 1127 de
2500 1054 3005 1138 charactere,
3055 1060 3442 1148 tanquam
3482 1056 3574 1128 de
3621 1057 3762 1128 ali-

2210 1191 2365 1262 quo
2426 1170 2830 1262 impresso
2897 1171 3062 1264 ipsi·
3140 1171 3456 1252 animae,
3548 1170 3759 1244 sicut

2206 1286 2621 1379 loquimur
2691 1288 2770 1359 in
2868 1289 3318 1381 proposito.
3411 1290 3762 1381 Propter

2207 1423 2403 1496 ergo
2439 1405 2698 1476 solam
2734 1405 3313 1479 auctoritatem
3346 1406 3757 1488 Ecclesiae,

2212 1524 2601 1613 quantum
2637 1522 3000 1595 occurrit
3043 1522 3136 1593 ad
3187 1542 3574 1615 praesenS,
3624 1527 3750 1597 est

2212 1636 2661 1729 ponendum
2743 1637 3308 1712 characterem
3364 1638 3753 1731 imprimi.

2300 1752 2411 1824 Ad
2447 1750 2596 1823 hoc
2649 1757 2920 1825 autem
2956 1752 3144 1844 poni
3197 1756 3534 1845 possunt
3587 1757 3757 1826 tres

2214 2006 2349 2056 um
2382 1991 2504 2059 est
2539 1986 2633 2058 ad
2667 1985 3017 2058 formam
3053 1985 3528 2079 perfectam,
3570 1989 3756 2080 poni

2218 2102 2573 2193 aliquam
2609 2102 3228 2195 dispositionem
3267 2129 3281 2185 ;
3320 2105 3594 2206 gratia
3627 2124 3760 2176 au-

2217 2227 2378 2294 tem
2451 2218 2719 2292 forma
2796 2223 2917 2292 est
2982 2221 3643 2313 supernaturalis
3684 2226 3764 2295 et

2219 2335 2621 2430 perfecta;
2697 2355 2896 2427 ergo
2958 2337 3338 2428 congruit
3400 2338 3495 2409 ad
3586 2359 3765 2410 eam

2215 2473 2394 2524 esse
2446 2451 2802 2543 aliquam
2878 2451 3489 2543 dispositionem
3576 2473 3774 2545 prae-

2215 2570 2432 2642 viam
2521 2568 3260 2662 supernaturalem
3369 2569 3562 2641 talis
3649 2576 3771 2642 est

2218 2685 2678 2760 character.
2756 2685 3115 2759 Secunda
3200 2687 3774 2777 congruentia,

2221 2803 2406 2894 quia
2440 2802 2822 2893 congruit
2861 2804 3117 2875 Deum
3161 2823 3321 2874 non
3376 2803 3777 2876 instituis-

2219 2941 2303 2991 se
2368 2922 2901 2992 Sacramenta
2969 2938 3205 3001 vana,
3276 2919 3565 2991 saltem
3620 2939 3767 3012 pro

2220 3056 2430 3107 nova
2471 3035 2668 3126 lege,
2710 3056 2886 3127 quae
2940 3031 3303 3127 perfecta
3353 3037 3475 3106 est
3513 3059 3529 3115 ;
3575 3054 3772 3127 ergo

2220 3149 2625 3241 congruit,
2686 3150 2894 3241 quod
2962 3152 3493 3225 Sacramenta
3544 3171 3690 3224 sua
3729 3171 3776 3222 a

2222 3267 2446 3338 nullo
2503 3266 3019 3359 recipiantur
3082 3288 3298 3350 vere,
3382 3269 3575 3360 quin
3635 3267 3774 3340 ali-

2225 3403 2460 3476 quem
2500 3382 2877 3456 effectum
2931 3382 3319 3465 habeant;
3402 3383 3532 3455 sed
3609 3403 3775 3455 non

2224 3518 2552 3591 semper
2622 3498 2914 3574 habent
2989 3500 3347 3591 gratiam
3408 3499 3617 3574 sicut
3687 3500 3768 3572 in

2223 3615 2445 3695 fict03
2490 3634 2687 3704 ergo
2757 3615 3098 3705 aliquem
3159 3615 3434 3687 alium.
3501 3617 3778 3690 Tertia

2227 3731 2775 3824 congruentia
2824 3735 2975 3812 est,
3025 3731 3210 3823 quia
3249 3731 3628 3823 congruit
3663 3752 3781 3804 re-

2231 3851 2551 3939 ceptum
2589 3848 2667 3918 in
2704 3843 3100 3919 familiam
3132 3847 3463 3929 Christi,
3501 3847 3776 3921 distin-

2229 3964 2363 4057 gui
2451 3983 2497 4034 a
2577 3982 2732 4035 non
2817 3966 3148 4054 recepto
3239 3982 3384 4055 per
3476 3963 3775 4054 aliquid

2229 4081 2764 4156 intrinsecum
2834 4079 3009 4161 sibi,
3075 4079 3259 4172 quia
3316 4080 3509 4153 licet
3552 4078 3778 4154 Chri-

2229 4202 2403 4271 stus
2464 4202 2738 4289 posset
2804 4195 3309 4286 distinguere
3376 4197 3547 4269 sine
3629 4197 3777 4270 tali

2234 4316 2706 4397 intrinseco,
2774 4320 3049 4387 tamen
3136 4311 3579 4406 perfectior
3647 4322 3776 4389 est

2236 4432 2650 4507 distinctio
2698 4432 2900 4524 ejuS,
2935 4433 3014 4502 et
3057 4432 3137 4502 in
3174 4451 3259 4502 se
3317 4436 3397 4504 et
3438 4430 3520 4502 in
3561 4453 3778 4525 com-

2239 4549 2661 4643 paratione
2734 4548 2828 4620 ad
2900 4565 3223 4619 omnem
3300 4547 3777 4629 Ecclesiam,

2236 4667 2726 4739 militantem
2762 4665 3076 4737 scilicet
3146 4666 3223 4736 et
3277 4663 3785 4757 triumphan-

2236 4786 2423 4862 tem,
2496 4781 2563 4853 si
2608 4780 2747 4852 fiat
2790 4799 2934 4871 per
2993 4777 3348 4870 aliquam
3418 4777 3777 4850 formam

2231 4898 2761 4972 intrinsecam
2824 4899 3307 4978 manentem,
3395 4914 3641 4985 quam
3711 4894 3781 4966 si

2234 5034 2394 5087 non
2446 5015 2560 5086 sic
2607 5013 2770 5084 fiat.
2830 5012 3019 5083 Tale
3062 5017 3333 5085 autem
3386 5010 3781 5083 distincti-

2233 5152 2422 5203 vum
2481 5130 2683 5223 ejus,
2731 5128 2863 5221 qui
2920 5128 3276 5220 suscepit
3319 5130 3787 5202 Sacramen-

2232 5251 2434 5329 tum,
2518 5267 2673 5338 quo
2760 5245 3122 5318 intratur
3218 5246 3299 5316 in
3383 5242 3780 5316 familiam

2237 5364 2573 5445 Christi,
2614 5364 2709 5435 ab
2768 5384 2861 5435 eo
2908 5362 3234 5453 quinon
3278 5360 3662 5452 suscepit,
3699 5364 3778 5432 et

2237 5482 2680 5555 immanens
2772 5480 2851 5552 in
2940 5481 3346 5570 suscepto,
3448 5474 3784 5568 ponitur

2239 5596 2702 5680 character.

3913 1773 3990 1824 15.

2213 1871 2791 1960 congruentiae.
2844 1869 3119 1942 Prima
3152 1870 3367 1953 talis,
3415 1845 3760 1961 congru·
3810 1837 4072 1964 ξῖιῗὲοῗῗεὲ

3787 1974 4094 2072 οὴατὲἒῗετο

3815 2085 4080 2149 ponendo.
