4287 6313
366 2234 383 2247 ·
423 2215 867 2307 telligendi.
945 2219 1220 2291 Primo
1274 2220 1389 2294 sic
1444 2248 1458 2291 :

1847 474 1865 491 .
1915 429 1961 491 1.
2009 429 2376 506 QUAEsTlo
2425 433 2470 495 1.

427 580 596 653 tem
657 582 1032 658 absoluta
1124 589 1364 661 unius
1432 588 1771 662 illorum
1848 611 1982 683 po-

427 699 590 771 test
614 696 894 772 haberi
926 723 1065 793 per
1122 705 1521 778 rationem
1554 707 1985 799 propriam

430 814 670 887 unius
731 817 987 890 solius
1028 823 1607 915 tantuxnzergo
1673 823 1984 896 intelle-

428 928 593 1001 ctio
700 936 1268 1027 comparativa
1381 940 1732 1032 requirit
1848 961 1984 1013 ne-

428 1049 792 1123 cessario
889 1054 1473 1146 perfectionem
1583 1057 1979 1146 majorem

429 1166 507 1238 in
584 1165 917 1240 formali
994 1171 1390 1264 principio
1454 1166 1977 1266 intelligendi,

425 1302 667 1374 quam
764 1284 1211 1359 intellectio
1298 1289 1473 1381 ejus
1561 1292 1976 1374 absoluta;

422 1395 763 1472 effectus
801 1407 1073 1476 autem
1142 1424 1302 1475 non
1347 1406 1747 1498 maj0rem
1810 1428 1980 1500 per-

425 1515 859 1590 fectionem
1000 1520 1347 1613 requirit
1488 1522 1565 1594 in
1699 1543 1974 1608 causa,

423 1631 585 1704 nisi
648 1632 728 1704 in
807 1633 1105 1710 effectu
1179 1636 1286 1711 sit
1376 1639 1645 1732 major
1728 1639 1980 1732 perfe-

422 1748 616 1830 ctio,
682 1750 974 1824 saltem
1023 1752 1102 1823 in
1145 1752 1571 1829 effectibus
1621 1755 1978 1848 ejusdem

425 1866 806 1949 rationis;
851 1888 1077 1961 ergo,
1113 1875 1263 1943 etc.

509 1983 790 2057 Tertio
889 1986 1290 2078 probatur
1373 1989 1472 2079 (r)
1545 1989 1980 2082 dupliciter

420 2118 523 2169 ex
586 2104 820 2191 parte
864 2099 1183 2191 objecti,
1240 2103 1408 2176 sive
1450 2105 1799 2178 rationis
1859 2105 1976 2177 in-

1524 2242 1681 2293 una
1748 2222 1977 2297 intel-

420 2332 667 2406 lectio
714 2334 1062 2426 requirit
1099 2355 1344 2408 unam
1383 2336 1786 2410 rationem
1860 2337 1975 2410 in-

424 2447 837 2541 telligendi
874 2450 1356 2541 objectivam
1392 2452 1847 2536 formalem,
1896 2458 1976 2527 et

422 2586 673 2637 unum
737 2566 1141 2659 objectum
1212 2568 1593 2661 primum,
1649 2571 1836 2661 quia
1905 2571 1973 2642 si

421 2685 663 2777 plura
707 2686 871 2761 sint
917 2687 1233 2780 objecta
1269 2688 1558 2781 prima,
1601 2711 1970 2763 numera-

419 2803 726 2877 buntur
847 2805 1438 2880 intellectiones
1542 2808 1971 2880 secundum

418 2942 852 2995 numerum
897 2923 1229 2996 illorum
1277 2924 1807 3017 objectorum,
1871 2927 1969 3000 si·

419 3042 557 3112 cut
620 3044 1095 3113 mensurata
1161 3045 1708 3114 numerantur
1761 3064 1970 3117 men-

422 3154 639 3230 suris
682 3159 1120 3240 numerati,
1171 3164 1511 3250 propter
1540 3158 1967 3252 dependen-

424 3274 620 3346 tiam
680 3275 1126 3358 actualem;
1176 3295 1373 3368 ergo
1441 3276 1676 3349 istius
1737 3277 1971 3349 intel-

418 3390 798 3464 lectionis
899 3392 1152 3466 unicae
1253 3398 1677 3486 oporteret
1778 3394 1971 3466 dare

423 3530 667 3582 unum
704 3510 1110 3604 objectum
1146 3511 1587 3604 cognitum,
1614 3516 1695 3587 et
1728 3534 1971 3585 unam

423 3627 830 3701 rationem
926 3627 1423 3719 intelligendi
1509 3628 1966 3712 formalem3

418 3763 576 3815 non
625 3748 894 3836 potest
947 3745 1217 3816 autem
1254 3765 1431 3817 esse
1474 3744 1747 3838 aliqua
1779 3744 1966 3828 alia,

422 3878 661 3952 quam
712 3860 1074 3934 essentia
1160 3861 1449 3952 Angeli
1512 3861 1972 3953 intelligen-

421 3976 557 4057 tis;
632 3975 775 4047 illa
843 3975 1084 4058 enim,
1131 3981 1216 4050 ut
1290 3982 1537 4070 patet,
1605 3976 1684 4049 in
1743 3978 1969 4050 intel-

425 4090 769 4164 lectione
864 4091 991 4163 sui
1087 4096 1210 4164 est
1308 4093 1663 4185 primum
1761 4095 1970 4185 onie-

423 4211 665 4290 ctum,
720 4212 801 4281 et
853 4207 1116 4299 prima
1179 4209 1392 4283 ratio
1445 4209 1966 4301 intelligendi,

422 4327 494 4396 ct
546 4325 615 4397 si
676 4345 838 4396 non
898 4325 1004 4399 sit
1065 4326 1449 4402 similiter
1517 4328 1596 4400 in
1658 4329 1971 4403 intelle-

423 4442 687 4515 ctione
750 4441 1329 4535 cujuscumquo
1405 4444 1775 4529 alterius,
1837 4447 1971 4518 da-

421 4558 537 4630 bis
630 4557 868 4651 plura
962 4558 1225 4650 prima
1318 4559 1675 4650 objecta;
1773 4584 1967 4654 ergo

428 4676 689 4765 potest
776 4676 1216 4748 concedere
1297 4676 1575 4768 plures
1664 4677 1970 4752 intelle-

424 4793 757 4873 ctioneS,
820 4791 950 4863 vel
1012 4797 1336 4883 oportet
1395 4813 1717 4885 ponere,
1765 4797 1971 4886 quod

423 4909 777 4983 essentia
872 4907 1051 5000 ejus
1138 4908 1242 4981 sit
1328 4909 1684 5002 primum
1763 4911 1971 5004 obje-

426 5029 665 5107 ctum,
710 5030 792 5099 et
845 5024 1222 5098 formalis
1267 5026 1479 5100 ratio
1525 5027 1972 5122 intelligen-

425 5140 496 5213 di
578 5143 1144 5233 quodcumque
1218 5143 1423 5234 quod
1511 5147 1781 5237 potest
1863 5147 1971 5218 in-

426 5257 682 5349 telligi
771 5259 871 5330 ab
953 5258 1182 5351 ipso;
1257 5259 1388 5332 sed
1471 5281 1968 5353 consequens

428 5380 545 5450 est
608 5375 910 5449 falsum
973 5380 1308 5470 propter
1364 5378 1516 5450 duo
1583 5404 1596 5448 :
1664 5380 1966 5459 Primo,

432 5492 605 5585 quia
673 5492 1002 5586 aliquod
1034 5513 1170 5566 ens
1231 5494 1636 5569 infinitum
1680 5502 1804 5573 est
1864 5499 1970 5570 in-

432 5609 848 5705 telligibile
917 5610 1018 5682 ab
1076 5610 1233 5688 isto
1297 5611 1736 5697 intellectu;
1801 5615 1973 5689 nul-

2100 591 2270 664 lum
2339 596 2612 667 autem
2703 597 3020 673 finitum
3118 602 3386 691 potest
3474 618 3653 670 esse

2100 711 2367 802 prima
2428 713 2644 786 ratio
2697 714 3200 807 intelligendi
3249 716 3650 790 infinitum

2103 827 2504 917 objectum
2567 832 2949 923 perfecte.
3019 834 3399 916 Secundo,
3463 834 3652 924 quia

2098 941 2299 1013 nihil
2357 948 2619 1034 potest
2675 967 2852 1018 esse
2901 948 3111 1021 ratio
3164 967 3650 1039 cognoscen-

2097 1058 2172 1130 di
2274 1059 2507 1150 plura
2609 1063 2953 1135 alterius
3049 1063 3418 1145 rationis,
3491 1065 3646 1137 nisi

2097 1167 2551 1241 eminenter
2599 1171 3014 1247 contineat
3086 1172 3165 1244 in
3234 1194 3317 1244 se
3381 1174 3651 1245 omnia

2099 1281 2241 1353 illa
2314 1283 2744 1355 secundum
2825 1287 3643 1377 cognoscibilitatem,

2095 1402 2177 1472 et
2238 1418 2383 1490 per
2440 1419 2943 1491 consequens
3018 1404 3451 1476 secundum
3519 1423 3648 1476 en-

2097 1513 2464 1595 titatem;
2547 1536 2746 1607 ergo
2831 1508 3030 1610 nihil
3109 1522 3379 1612 potest
3471 1540 3648 1592 esse

2097 1629 2591 1723 principium
2701 1636 3235 1723 cognoscendi
3333 1635 3648 1708 infinita

2093 1745 2536 1836 disparata,
2575 1749 2642 1820 si
2676 1755 2971 1831 essent,
3010 1750 3165 1822 nisi
3198 1750 3648 1824 eminenter

2095 1863 2178 1934 in
2221 1884 2305 1935 se
2346 1864 2760 1938 contineat
2821 1865 3004 1949 illa;
3049 1887 3248 1959 ergo
3290 1869 3648 1940 essentia

2094 1978 2380 2070 Angeli
2432 2000 2614 2052 cum
2674 1982 2780 2054 sit
2845 1983 3104 2065 finita,
3150 2004 3312 2056 non
3375 1990 3645 2077 potest

2091 2115 2270 2168 esse
2333 2096 2546 2170 ratio
2599 2099 3133 2189 cognoscendi
3205 2100 3409 2174 talia
3466 2101 3644 2173 infi-

2092 2213 2265 2285 nita
2337 2212 2636 2285 omnia.
2720 2215 2849 2289 Sic
2924 2235 3124 2307 ergo
3216 2216 3644 2310 supposita

2089 2333 2260 2401 tam
2338 2330 2652 2405 finitate
2738 2331 3315 2406 intellectionis
3392 2335 3642 2425 Ange-

2092 2446 2292 2528 licae‚
2385 2467 2619 2538 quam
2713 2447 3172 2522 intellectus
3276 2449 3636 2542 ejusdem

2088 2569 2166 2637 et
2200 2565 2599 2646 essentiae,
2656 2572 2737 2637 et
2789 2565 2939 2638 hoc
2974 2587 3073 2637 ex
3113 2569 3269 2635 dist.
3320 2569 3385 2638 Ξ.
3431 2572 3641 2654 primi

2085 2708 2147 2772 q.
2212 2686 2294 2751 de
2331 2687 2587 2750 unitate
2625 2686 2771 2763 Dei,
2836 2684 3232 2774 sequitur,
3300 2683 3503 2774 quod
3556 2683 3635 2755 in

2086 2798 2395 2890 Angelo
2469 2803 2737 2889 potest
2794 2818 2972 2870 esse
3032 2798 3247 2871 aliud
3308 2805 3388 2874 et
3423 2799 3635 2873 aliud

2083 2917 2463 3002 incelliqere
2532 2913 2892 2995 realiter,
2949 2918 3031 2987 et
3071 2934 3232 2986 non
3274 2916 3429 2988 nisi
3468 2917 3636 2989 uni-

2085 3050 2182 3103 ca
2242 3031 2741 3113 substantia;
2801 3051 2999 3123 ergo
3043 3032 3218 3124 ejus
3260 3037 3640 3123 intelliqere

2085 3169 2246 3221 non
2303 3153 2427 3223 est
2488 3148 2692 3221 idem
2745 3171 2910 3224 suae
2962 3149 3361 3233 essentiae;
3437 3171 3637 3242 ergo

2085 3280 2211 3349 est
2260 3276 2653 3349 accidens.

2150 3392 2426 3465 Tertia
2468 3393 2926 3486 propositio
2966 3394 3059 3482 (s)
3098 3398 3223 3468 est
3255 3414 3640 3466 concessa

2086 3510 2186 3580 ab
2262 3508 2695 3591 Avicenna‚
2750 3513 2836 3582 ut
2911 3514 3135 3602 patet
3203 3512 3638 3584 secundum

2088 3626 2409 3697 modum
2480 3626 2822 3718 ponendi
2904 3626 3158 3718 ipsius
3229 3632 3495 3711 ibidem,
3567 3632 3635 3702 9.

2084 3744 2377 3829 Metaph.
2431 3767 2486 3811 c.
2537 3745 2602 3814 4.
2668 3747 2749 3818 et
2810 3747 3085 3816 tamen
3153 3743 3304 3818 hoc
3374 3749 3643 3839 potest

2082 3858 2514 3940 declarari,
2593 3860 2781 3951 quia
2838 3864 3140 3933 natura
3232 3882 3452 3934 mere
3531 3862 3642 3933 in-

2083 3975 2588 4050 tellectualis
2649 3976 2850 4050 nihil
2899 3977 3270 4070 producit
3331 3980 3488 4053 nisi
3533 3980 3643 4052 in-

2086 4092 2523 4183 telligendo
2575 4096 2656 4165 et
2708 4092 3076 4175 volendo,
3125 4114 3259 4166 seu
3311 4115 3454 4187 per
3520 4116 3646 4168 ac:-

2086 4210 2257 4280 tum
2308 4206 2775 4281 intellectus
2813 4208 2942 4280 vel
2981 4208 3460 4291 voluntatis,
3512 4211 3639 4282 vel

2085 4325 2465 4406 alterum,
2520 4325 2647 4398 vel
2700 4329 3161 4417 utrumque,
3208 4346 3367 4397 non
3409 4347 3633 4401 curo.

2084 4443 2305 4514 Unde
2371 4444 2621 4515 etiam
2704 4463 3056 4536 persona
3123 4442 3394 4514 divina
3433 4443 3635 4517 nihil

2086 4559 2460 4652 producit
2535 4561 2629 4631 ad
2685 4560 2900 4634 intra
2969 4559 3096 4632 vel
3139 4563 3401 4641 extra,
3469 4560 3641 4634 sine

2085 4681 2272 4750 actu
2310 4676 2655 4750 istarum
2692 4675 3282 4769 potentiarum3
3320 4675 3388 4747 si
3421 4676 3637 4748 enim

2085 4796 2406 4873 natura,
2454 4797 2541 4866 ut
2572 4795 2695 4865 est
2747 4793 2982 4886 prior
3030 4792 3474 4873 intellectu,
3522 4814 3639 4865 es-

2087 4913 2209 4983 set
2261 4907 2751 5001 principium
2814 4909 3301 5001 producendi
3365 4929 3631 5002 perso—

2084 5052 2299 5114 nam,
2360 5035 2574 5103 esset
2639 5031 2718 5102 in
2765 5031 3058 5104 divinis
3128 5032 3400 5127 aliqua
3454 5052 3637 5125 per-

2086 5167 2288 5221 sona
2320 5150 2714 5241 producta
2745 5151 2980 5242 prior
3035 5149 3328 5232 Verbo,
3392 5155 3473 5224 et
3524 5151 3641 5223 sic

2086 5270 2467 5356 quatuor.

2176 5379 2255 5454 Si
2317 5380 2567 5454 etiam
2628 5383 2716 5471 (t)
2778 5384 3134 5474 ponatur
3185 5381 3265 5454 in
3326 5381 3638 5472 Angelo

2085 5496 2356 5590 aliqua
2439 5500 2802 5589 potentia
2856 5499 3108 5574 tertia
3182 5498 3633 5582 executiva,

2083 5618 2165 5689 et
2223 5614 2387 5689 alia
2427 5617 2526 5688 ab
2580 5615 2998 5691 intellectu
3049 5621 3130 5692 et
3186 5616 3635 5697 voluntate,

3696 2659 3882 2720 Quaest.
3911 2661 3960 2711 3.

3790 3418 3874 3469 24.
