4287 6313
560 389 680 451 450

1731 372 1877 435 Lm.
1911 369 2013 432 lv.
2059 361 2653 429 SENTENTIARUM

581 551 725 632 alis,
765 570 878 638 per
909 570 1101 637 quam
1137 546 1578 625 remittuntur,
1619 559 1748 605 non
1779 535 1973 602 habet
2002 549 2119 598 an-
2234 525 2536 593 effectum
2578 526 2827 605 tollere,
2865 525 2988 590 nisi
3032 524 3292 613 quando
3341 536 3439 592 est
3485 526 3573 592 ita
3628 545 3778 611 per-

581 689 815 735 nexam
854 667 1048 735 talem
1090 662 1570 732 remissionem.

321 796 530 910 Sffim
672 783 991 863 Secundo,
1051 780 1203 869 quia
1279 777 1646 864 Baptismus
1697 790 1824 836 non
1869 766 1978 834 dat
2029 762 2127 829 ul-

288 918 522 995 efficacia,
584 901 713 967 lam
746 898 1199 966 remissionem
1252 894 1403 961 ficto
1444 887 1733 958 tenendo
1766 886 1945 951 hunc
1987 901 2123 948 mo·

277 988 526 1114 Βῗῑῗιῖἓῗι
587 1018 741 1083 dum
773 1015 1163 1103 explicandi.
1228 1031 1439 1099 neque
1496 1008 1648 1074 dare
1704 1014 1939 1092 potest,
2003 996 2129 1064 nisi

305 1112 536 1225 {ffiffiffl’
590 1135 914 1203 mediante
989 1133 1196 1221 gratia
1274 1124 1667 1217 baptismali,
1746 1141 1861 1210 per
1936 1136 2129 1205 quam

288 1234 512 1367 pssffiffi.
591 1253 678 1319 ita
728 1261 1152 1338 regeneratur
1191 1250 1411 1325 homo,
1459 1256 1531 1310 ut
1559 1241 1740 1310 tollat
1769 1237 2133 1324 culpam‚et

590 1391 849 1438 omnem
883 1388 1141 1456 poenam
1172 1362 1580 1452 simpliciter,
1617 1370 1680 1425 et
1725 1355 1827 1423 cui
1877 1370 2133 1419 annexa

587 1502 687 1556 est
733 1488 882 1554 talis
938 1484 1265 1564 remissio,
1328 1479 1480 1568 quia
1545 1488 1643 1544 est
1708 1473 1917 1560 prima
1970 1468 2133 1535 stola

584 1617 964 1691 recuperata
1005 1623 1119 1688 per
1151 1597 1379 1666 merita
1411 1591 1757 1681 passionis,
1799 1585 2131 1676 perfectis·

584 1725 751 1792 simo
801 1733 864 1789 et
902 1717 1224 1807 singulari
1262 1714 1451 1781 modo
1496 1709 1815 1799 applicata
1876 1726 1990 1793 per
2022 1706 2131 1771 ba-

585 1841 945 1928 ptismum;
995 1856 1152 1922 ergo
1206 1830 1459 1900 sublata
1500 1824 1790 1895 efficacia
1820 1819 2136 1910 Baptismi

587 1958 760 2024 circa
798 1951 1255 2021 remissionem
1313 1960 1443 2014 tam
1501 1943 1713 2029 culpae
1753 1961 1948 2028 quam
1998 1958 2139 2025 poe·

594 2094 721 2153 nae,
763 2069 1011 2136 tollitur
1062 2062 1347 2133 efficacia
1413 2062 1557 2149 ejus
1613 2055 1824 2147 quoad
1880 2074 2137 2142 poenam

594 2189 1040 2276 temporalem.

687 2308 928 2387 TertiO,
973 2302 1125 2391 quia
1165 2299 1289 2388 ipsi
1341 2296 1691 2385 BaptismO,
1739 2305 1811 2360 ut
1847 2291 2036 2358 datur
2075 2290 2140 2356 in

601 2423 1054 2492 remissionem
1097 2425 1532 2506 peccatorum,
1577 2411 1874 2479 tribuunt
1921 2410 2142 2473 Patres

601 2551 664 2607 et
720 2542 1013 2605 Canones
1075 2534 1243 2599 hanc
1299 2527 1679 2606 efficaciam,
1717 2536 1785 2591 ut
1839 2533 2014 2609 patet
2064 2541 2143 2587 ex

599 2655 907 2724 omnibus
954 2628 1140 2731 loci'S,
1188 2669 1268 2714 ex
1327 2644 1566 2733 quibus
1609 2662 1807 2729 supra
1844 2638 2145 2727 probavi-

600 2794 746 2840 mus
786 2766 1143 2837 efficaciam
1178 2760 1513 2850 Baptismi‚
1560 2770 1629 2825 ut
1679 2755 1960 2824 declarat
2004 2752 2147 2821 Tri-

598 2889 938 2958 dentinum
969 2905 1122 2952 sess,
1159 2884 1224 2947 6.
1270 2901 1415 2966 cap.
1463 2882 1525 2944 7.
1561 2895 1716 2941 sesa.
1771 2877 1835 2938 5.
1889 2893 2038 2938 can.
2076 2875 2139 2936 ὅ.

597 3031 749 3077 sess.
798 3010 905 3074 14.
951 3025 1097 3089 cap.
1134 3001 1255 3067 illo
1297 2995 1625 3075 secund0,·
1665 3004 1730 3076 et
1759 2990 1988 3079 probat
2038 2987 2148 3053 ille

594 3128 778 3195 locus
835 3121 1017 3191 Pauli
1084 3118 1164 3187 ad
1220 3121 1551 3184 Romanos
1601 3115 1667 3178 8.
1739 3108 1932 3175 Nihil
1992 3126 2149 3193 erqo

597 3267 775 3312 nime
831 3237 1289 3308 damnationis
1355 3244 1451 3300 est
1525 3232 1632 3310 iia,
1689 3229 1804 3316 qui
1856 3237 2008 3292 sunt
2075 3225 2152 3289 in

607 3360 895 3437 CleriSw,
934 3356 1048 3443 qui
1078 3374 1210 3419 non
1238 3348 1599 3417 secundum
1627 3363 1896 3410 carnem
1926 3339 2151 3406 ambu-

608 3479 771 3555 lant,
844 3483 969 3540 etc.
1043 3479 1111 3537 ut
1160 3477 1333 3533 recte
1398 3459 1852 3530 Tridentinum
1890 3477 2044 3522 sess,
2080 3459 2147 3520 5.

606 3616 754 3661 can.
792 3596 854 3657 5.
908 3587 1242 3655 declarans
1282 3603 1396 3671 per
1442 3580 1566 3646 hoc
1617 3576 1969 3644 efficaciam
2038 3576 2152 3639 Ba-

609 3709 873 3801 ptismi3
909 3705 1021 3774 sed
1062 3702 1427 3790 Baptismus
1459 3695 1613 3780 ficti,
1652 3692 1767 3781 qui
1793 3690 2154 3758 secundum

606 3849 875 3895 carnem
926 3821 1241 3900 ambalat,
1297 3836 1427 3883 non
1479 3812 1601 3880 fuit
1648 3809 1774 3898 ipsi
1825 3809 1891 3875 in
1924 3809 2150 3874 remis·

606 3947 882 4022 sionem,
922 3940 1035 4009 sed
1056 3938 1144 4007 .in
1175 3930 1661 4002 damnationem
1694 3937 1757 3993 et
1788 3937 2147 4014 peccatum,

608 4086 721 4151 per
786 4058 958 4150 quod
1016 4054 1284 4141 indigne
1364 4048 1545 4115 illum
1606 4044 1933 4130 suscepit3
1996 4061 2155 4128 ergo

608 4180 852 4247 nullam
883 4175 1078 4243 habet
1108 4166 1463 4239 efficaciam
1495 4159 1867 4233 remittendi
1892 4178 2154 4246 poenam

607 4294 1058 4383 temporalem.
1524 4357 1529 4362 ⁴

706 4418 793 4479 De
840 4412 983 4496 lege
1014 4415 1232 4473 autem
1274 4408 1491 4467 manet
1530 4415 1722 4484 poena
1777 4389 2154 4478 temporalis

615 4541 877 4620 peccato
907 4522 1187 4601 mortali,
1234 4539 1363 4584 non
1402 4516 1702 4581 obstante
1742 4509 2148 4599 poenitentia,

612 4650 739 4717 nisi
781 4647 867 4713 sit
912 4641 1298 4715 abundans;
1352 4653 1564 4720 neque
1605 4628 1737 4710 illa,
1782 4648 1931 4715 quae
1968 4626 2153 4694 suffi-

606 4767 692 4833 cit
750 4763 826 4829 ad
887 4756 1341 4826 remissionem
1392 4747 1660 4836 peccati,
1713 4743 1909 4811 etiam
1969 4753 2153 4809 extra

605 4887 1123 4954 Sacramentum,
1181 4880 1280 4938 est
1335 4863 1696 4942 sufficienS‚
1754 4871 1825 4926 ut
1889 4859 2156 4926 tollatur

607 5018 799 5087 poena
857 4986 1256 5078 temporalis,
1305 5001 1515 5068 neque
1553 4977 1707 5045 olim
1758 4975 1950 5043 etiam
2003 4984 2154 5042 ante

605 5111 1083 5184 institutionem
1125 5098 1435 5189 Baptismi
1470 5094 1700 5162 habuit
1729 5091 1905 5159 illam
1938 5090 2153 5159 effica-

604 5235 798 5312 ciam,
879 5229 1041 5296 alias
1109 5244 1283 5290 nunc
1365 5218 1658 5295 haberet,
1757 5211 1908 5300 quia
1989 5208 2154 5277 nihil

608 5351 815 5441 ipsius
846 5343 1074 5415 virtuti
1114 5341 1385 5425 derogat
1414 5330 1741 5402 institutio
1773 5333 2154 5398 Sacramen-

607 5483 850 5548 torum,
886 5461 1001 5530 sed
1043 5456 1252 5527 solum
1285 5447 1888 5520 subordinationem
1928 5445 2149 5525 addit;

610 5607 770 5675 ergo
818 5583 885 5650 in
944 5571 1278 5669 proposito
1317 5589 1471 5638 casu
1532 5585 1662 5634 non
1708 5563 1903 5632 habet
1957 5559 2154 5631 talem

392 4451 472 4503 4⁴.

2232 643 2422 723 fecta,
2459 654 2530 708 ut
2575 641 2733 721 dixi,
2771 652 2843 708 ut
2881 641 3274 729 aequivaleat
3321 641 3774 722 satisfactioni,

2239 769 2553 846 quantum
2588 757 2667 823 ad
2708 756 3093 843 dignitatem
3128 768 3333 825 actus.

2329 872 2611 940 Dicendo
2650 894 2808 961 ergo
2874 873 3045 961 quod
3107 873 3478 959 Baptismus
3517 892 3648 939 non
3698 871 3784 939 sit

2243 984 2474 1052 efficax
2505 985 2582 1052 ad
2630 986 3084 1053 remissionem
3124 986 3335 1073 culpae
3367 987 3432 1051 in
3475 986 3649 1065 fict0,
3682 985 3785 1051 di-

2242 1100 2520 1168 cendum
2575 1111 2673 1167 est
2721 1101 2914 1168 etiam
2976 1121 3106 1168 non
3145 1101 3479 1168 remittere
3507 1099 3783 1186 {poenam

2244 1215 2695 1302 temporalem,
2733 1237 2881 1284 nam
2922 1217 2978 1283 si
3019 1217 3149 1284 ulla
3188 1216 3475 1283 efficacia
3504 1236 3618 1302 per
3649 1236 3793 1282 mo-

2245 1332 2400 1398 dum
2440 1332 2845 1399 Sacramenti
2883 1332 3012 1419 ipsi
3043 1333 3391 1399 tribuenda
3431 1341 3556 1412 est,
3601 1331 3794 1397 debet

2246 1448 2488 1516 salvari
2548 1450 2856 1536 primaria
2909 1451 3100 1536 juxta
3154 1449 3437 1535 primum
3498 1448 3788 1529 modum,

2247 1567 2358 1653 qui
2392 1566 2762 1635 communis
2790 1576 2913 1647 est,
2943 1576 3006 1633 et
3037 1586 3257 1654 quem,
3296 1578 3367 1632 ut
3399 1565 3610 1652 magis
3649 1586 3799 1653 pro-

2249 1682 2554 1762 babilem,
2610 1680 2898 1749 defendit
2939 1684 3194 1762 Doctor,
3250 1681 3567 1769 quidquid
3627 1681 3802 1750 dicat

2247 1800 2564 1886 Vasquez‚
2611 1798 2763 1884 quia
2806 1808 2871 1863 et
2908 1817 3058 1863 eum
3093 1796 3304 1883 primo
3343 1797 3485 1864 loco
3542 1799 3793 1879 statuit,

2249 1926 2314 1985 et
2343 1918 2420 1982 in
2447 1917 2824 2002 Reportatis
2862 1934 3010 1980 eum
3078 1913 3288 1981 solum
3330 1914 3615 1993 adducit,
3653 1914 3798 1982 aliis

2252 2032 2763 2121 supersedendo.

2339 2149 2574 2236 Opinio
2605 2160 2821 2215 autem
2853 2145 3193 2229 Gabrielis,
3231 2167 3356 2235 qua
3387 2146 3544 2213 dicit
3576 2167 3795 2233 pecca-
3896 2168 4087 2281 opinio

2253 2278 2393 2333 tum
2433 2263 2754 2352 originale
2791 2263 3034 2330 remitti
3092 2262 3339 2330 virtute
3382 2264 3694 2350 Baptismi
3725 2264 3794 2330 in
3856 2232 4128 2360 ,ἶῗῑαῖἐξδ

2255 2383 2429 2462 ficto,
2503 2393 2566 2449 et
2615 2402 2744 2448 non
2783 2380 3080 2458 actualia,
3141 2400 3291 2467 quae
3349 2380 3612 2447 fuerunt
3650 2392 3801 2448 ante

2257 2498 2686 2584 Baptismum,
2723 2497 2957 2563 merito
2995 2496 3075 2563 ab
3107 2495 3415 2563 omnibus
3449 2497 3804 2583 reprehen—

2257 2613 2457 2696 ditur,
2492 2612 2645 2700 quia
2673 2611 2978 2680 remissio
3018 2612 3261 2697 peccati
3293 2611 3637 2698 originalis
3665 2632 3804 2678 -non

2260 2729 2332 2797 fit
2379 2729 2524 2796 sine
2568 2729 2801 2816 gratia,
2837 2748 2986 2816 quae
3018 2727 3075 2795 si
3103 2739 3259 2794 tunc
3297 2728 3562 2794 daretur
3599 2727 3808 2797 virtu·

2258 2856 2320 2912 te
2357 2844 2784 2927 Sacramenti,
2821 2844 3073 2911 tolleret
3104 2856 3169 2912 et
3208 2842 3561 2922 fictionem,
3605 2857 3670 2912 et
3700 2866 3807 2913 re-

2258 2958 2437 3046 liqua
2500 2968 2799 3045 peccata;
2877 2955 3289 3043 impugnatio
3339 2957 3483 3043 ejus
3530 2955 3809 3024 habetur

2261 3098 2343 3143 ex
2390 3075 2606 3155 dictis,
2653 3093 2865 3162 neque
2902 3084 3002 3141 est
3039 3084 3204 3140 tuta.

2353 3192 2449 3282 (h)
2489 3193 2595 3258 Ad
2618 3193 2936 3279 primum,
2983 3200 3107 3257 ete.
3144 3191 3259 3257 Hic
3288 3187 3638 3275 respondet
3677 3192 3804 3256 Do·
3950 3219 4015 3270 45

2262 3323 2402 3377 ctor
2467 3311 2544 3378 ad
2613 3319 3021 3396 argumenta,
3090 3327 3238 3394 quae
3309 3307 3648 3393 responsio
3707 3319 3806 3376 est
3828 3280 4156 3394 Adpffgffim.

2263 3426 2458 3495 clara.
2494 3423 2763 3502 Quando
2801 3423 2957 3490 dicit
2995 3420 3445 3509 respondendo
3489 3423 3797 3503 secund0,
3827 3404 4169 3522 affirffioiu

2264 3543 2436 3631 quod
2489 3541 2677 3609 fictus
2718 3560 2846 3607 non
2888 3541 2974 3606 sit
3021 3538 3381 3624 baptizatus
3422 3538 3488 3604 in
3518 3539 3841 3620 Christo,.
3937 3532 4030 3582 ⁸⁴³⁶
4077 3506 4110 3604 .’

2264 3661 2374 3731 sed
2407 3660 2473 3726 in
2506 3658 2770 3724 nomine
2815 3654 3080 3735 Christi,
3129 3655 3402 3741 quadrat
3440 3654 3599 3724 locis
3630 3607 4170 3785 AP⁰·¹:„,{·{}{:⁹

2267 3778 2441 3858 stoli,
2479 3778 2629 3866 quia
2677 3776 2757 3842 de
2804 3795 2879 3840 eo
2929 3772 3153 3860 nequit
3199 3772 3350 3852 dici,
3387 3774 3558 3860 quod
3589 3774 3674 3842 sit
3701 3796 3805 3842 se-

2265 3898 2489 3986 pultus
2536 3915 2682 3962 cum
2746 3891 3014 3959 Christo
3071 3891 3146 3957 in
3202 3901 3479 3958 mortem
3514 3903 3811 3977 peccato-

2266 4034 2457 4092 rum‚·
2507 4009 2584 4078 ad
2642 4006 2961 4094 Ephesios
3007 4009 3072 4072 4.
3138 4025 3350 4091 neque
3398 4007 3568 4094 quod
3621 4008 3705 4075 sit
3746 4008 3813 4075 in

2267 4127 2547 4207 Christo,
2603 4123 2753 4214 quia
2800 4122 3298 4190 damnationem
3349 4123 3562 4204 habet,
3616 4134 3681 4190 et
3716 4146 3814 4192 se-

2266 4245 2555 4312 cundum
2584 4260 2854 4308 carnem
2882 4237 3214 4318 ambulem
3253 4258 3463 4327 neque
3510 4239 3814 4325 spiritum

2266 4361 2509 4431 Christi
2577 4360 2808 4427 habet:
2864 4359 2944 4424 Si
3017 4356 3164 4443 quis
3221 4366 3442 4423 autem
3497 4359 3813 4445 spiritum

2271 4480 2526 4547 Christi
2561 4500 2698 4545 non
2736 4475 2949 4556 habet,
3007 4475 3115 4540 hic
3169 4494 3307 4540 non
3371 4485 3466 4541 est
3503 4478 3666 4563 ejuS,
3732 4475 3810 4545 ad

2269 4601 2594 4666 Romanos
2629 4599 2693 4663 8.
2729 4591 3097 4680 Baptizatus
3127 4601 3344 4657 tamen
3375 4603 3476 4658 est
3508 4591 3573 4658 in
3606 4593 3812 4660 nomi-

2267 4735 2350 4780 ne
2388 4712 2651 4791 Christi,
2685 4701 2777 4777 ‘id
2836 4717 2959 4788 est,
3013 4706 3081 4772 in
3129 4706 3517 4776 auctoritate
3570 4708 3811 4777 Christi

2267 4851 2383 4920 per
2412 4829 2844 4917 Baptismum,
2878 4824 2946 4892 in
2996 4844 3126 4912 quo
3157 4836 3258 4892 est
3295 4823 3619 4911 signatus
