4287 6313
1472 411 1671 474 DlST.
1705 411 1830 473 vn.
1882 409 2242 487 QUAESTlo
2290 410 2336 474 1.

13 567 343 698 &gal-⁸2&
374 584 543 661 gunt
579 584 690 640 aut
717 574 975 654 Suarez,
1006 585 1118 641 aut
1150 576 1367 654 Sotus,
1404 573 1615 660 quasi,
1652 593 1732 639 ex
1773 592 1920 639 sen-

58 702 312 808 ΐδιέἑιὲιέξι
374 689 572 754 tentia
608 689 899 755 Doctoris
935 689 1043 769 sit,
1100 711 1248 756 cum
1282 701 1499 755 tamen
1558 710 1640 755 ex
1681 709 1923 775 suppo-

372 806 609 874 sitione
710 805 1029 873 dictarum
1110 808 1514 886 Glossarum,
1613 827 1762 894 quae
1830 806 1918 871 ita

370 923 746 1010 intelligunt
812 923 1310 1010 Hieronymum,
1376 923 1768 990 sententiam
1849 922 1918 988 il-

368 1039 495 1107 lam
553 1040 835 1127 applicat
905 1040 983 1106 ad
1024 1040 1457 1128 quaestionem
1491 1050 1555 1106 et
1585 1039 1919 1126 responsi-

367 1176 559 1222 onem
595 1156 1031 1242 objectionis;
1096 1167 1160 1222 et
1198 1155 1345 1222 data
1404 1155 1677 1222 veritate
1744 1164 1922 1219 ante-

3449 404 3569 468 683

2037 571 2357 659 quaeritur
2430 592 2513 637 an
2571 572 2655 637 sit
2714 568 3222 658 jurisdictionis,
3256 589 3403 636 cum
3447 585 3577 632 non

2033 688 2118 753 sit
2156 687 2439 768 OrdiniS,
2484 708 2632 754 cum
2672 688 2798 753 alia
2831 687 2910 752 ad
2960 684 3399 752 ministerium
3451 702 3581 748 non

2031 804 2339 883 deservit,
2379 823 2590 890 neque
2620 802 2965 888 imaginari
3001 811 3237 888 potest,
3273 799 3426 887 quia
3449 819 3584 864 om-

2031 919 2134 986 nis
2168 930 2452 1006 potestas
2482 919 2695 985 activa
2741 919 2807 984 in
2842 916 3234 997 hierarchia,
3289 928 3356 982 et
3405 915 3582 981 hier-

2030 1035 2248 1101 archis
2299 1033 2774 1101 Ecclesiasticis
2842 1032 2920 1099 ad
2997 1032 3265 1099 alteram
3346 1031 3579 1097 harum

2029 1150 2250 1218 reduci
2283 1161 2496 1238 potest
2523 1159 2586 1216 et
2642 1148 2857 1230 debet,
2900 1168 3136 1234 nempe
3165 1146 3415 1214 ordinis
3472 1157 3584 1213 aut

365 1270 679 1354 cedentiS,
752 1271 1088 1339 conclusio
1145 1271 1390 1358 optime
1451 1271 1775 1359 sequitur,
1858 1280 1920 1337 et
2024 1266 2532 1354 jurisdictionis.
2608 1267 2674 1332 Si
2737 1278 2837 1332 est
2863 1263 3367 1352 jurisdictionis,
3435 1274 3580 1330 actu

3711 1277 3867 1326 Posse

3662 1330 3900 1408 suspendi

365 1386 533 1453 tollit
606 1385 1084 1466 difficultatem,
1157 1408 1307 1474 quae
1368 1387 1581 1475 magis
1650 1386 1719 1453 in
1800 1388 1923 1453 hac
2033 1383 2174 1469 ejus
2205 1381 2517 1467 suspendi
2580 1393 2791 1467 potest
2862 1380 3149 1446 maxime
3197 1379 3264 1445 in
3314 1389 3578 1444 senten·
3633 1408 3910 1462 „cmmju-

371 1502 733 1590 quaestione
789 1513 1072 1590 torquet,
1137 1502 1462 1590 quomodo
1502 1503 1757 1569 scilicet
1803 1525 1920 1589 po-

2032 1500 2120 1565 tia
2189 1502 2259 1566 D.
2315 1501 2609 1576 Thomae,
2673 1509 2742 1564 ut
2788 1496 3123 1563 annotavit
3187 1493 3581 1561 Scholiastes

3609 1457 3939 1519 risdictioniS.

374 1619 572 1685 tuerit
613 1618 936 1700 Pontifex,
973 1641 1048 1687 ea
1089 1641 1237 1708 quae
1279 1632 1433 1687 sunt
1477 1620 1738 1707 propria
1773 1621 1923 1707 jure
2032 1607 2287 1673 scholio
2335 1609 2399 1670 2.
2430 1625 2579 1670 cum
2656 1615 2941 1690 potestas
2991 1602 3399 1683 inferiorum,
3437 1623 3585 1688 quae

376 1734 600 1801 divino
643 1735 987 1822 EpiscopO,
1036 1737 1333 1804 conferre
1377 1736 1709 1803 Sacerdoti
1772 1736 1927 1802 sim-

379 1851 554 1939 plici,
609 1873 756 1918 cum
793 1853 1090 1920 minister
1128 1865 1378 1939 spectet
1416 1853 1494 1920 ad
1556 1854 1927 1921 essentialia

382 1967 808 2035 Sacramenti.

161 2100 269 2170 53..
472 2083 597 2149 Sed
626 2083 943 2170 objiciunt
974 2084 1224 2171 praefati
1278 2089 1590 2151 Auctores
1638 2097 1931 2172 tempore

62 2163 303 2277 Osbiffiss
384 2198 678 2285 Gregorii
735 2198 1066 2286 simplices
1132 2201 1510 2268 Sacerdotes
1567 2200 1771 2268 fuisse
1838 2202 1930 2266 di-

76 2297 139 2340 et
167 2293 315 2347 3⁰²⁰·
386 2315 659 2383 stinctos
700 2315 781 2381 ab
814 2315 1169 2402 Episcopis,
1211 2330 1280 2383 ut
1318 2328 1493 2404 patet
1532 2339 1613 2384 ex
1653 2318 1930 2384 decretis

387 2433 827 2513 anteriorum;
862 2445 926 2499 et
972 2454 1054 2499 ex
1104 2434 1226 2500 hac
1282 2433 1423 2520 ipsa
1480 2434 1925 2514 concessione,

389 2571 536 2639 quae
610 2550 927 2617 limitatur
983 2549 1062 2616 ad
1154 2551 1517 2617 absentiam
1594 2549 1925 2636 Episcopi.

35 2675 344 2789 Resfffde'
390 2668 514 2736 Sed
556 2670 697 2735 haec
736 2668 974 2756 replica
1007 2670 1224 2736 nescio
1256 2668 1410 2754 quid
1451 2668 1643 2734 faciat
1673 2667 1752 2734 ad
1785 2689 1933 2754 pro-

244 2779 256 2791 ’
392 2787 714 2873 positum3
762 2785 865 2852 vis
905 2785 1078 2851 enim
1129 2784 1578 2872 responsionis
1638 2784 1931 2851 Doctoris

385 2915 507 2984 est,
581 2923 661 2968 ex
727 2901 1105 2989 hypothesi,
1158 2900 1330 2989 quod
1388 2900 1454 2966 in
1508 2899 1736 2966 ordine
1820 2913 1932 2966 aut

384 3018 792 3085 institutione
829 3018 1076 3096 divina,
1166 3017 1340 3085 nulla
1380 3017 1503 3083 fuit
1568 3015 1934 3083 differentia

380 3137 460 3203 ab
523 3135 707 3202 initio
750 3135 916 3202 inter
946 3135 1359 3202 Sacerdotem
1391 3144 1455 3201 et
1505 3134 1926 3221 Episcopum,

377 3254 467 3320 ita
500 3252 695 3320 etiam
738 3273 856 3318 nec
896 3272 1071 3318 nunc
1110 3271 1280 3331 esse,
1320 3271 1394 3317 ac
1463 3250 1737 3338 proinde
1782 3243 1931 3338 jure

376 3369 604 3435 divino
644 3380 708 3435 et
739 3368 1149 3434 institutione
1199 3367 1601 3434 Sacramenti
1659 3368 1931 3454 perinde

379 3497 672 3572 spectare
722 3488 865 3573 ejus
910 3483 1325 3550 collationem
1398 3483 1476 3548 ad
1528 3484 1927 3570 Episcopum

382 3614 445 3670 et
474 3602 888 3671 Sacerdotem
927 3600 1318 3688 simplicem,
1365 3600 1537 3667 inter
1573 3621 1737 3688 quos
1786 3600 1932 3667 data

381 3720 754 3806 hypothesi,
830 3719 885 3784 si
963 3717 1375 3800 admittatur,
1428 3727 1528 3784 est
1557 3715 1930 3782 differentia

383 3836 593 3902 solum
646 3837 796 3923 jure
825 3833 1311 3912 Ecclesiastico,
1373 3831 1440 3898 in
1488 3854 1617 3920 quo
1661 3832 1930 3919 dispen-

384 3970 529 4016 sare
571 3949 781 4036 potuit
819 3949 1197 4036 Gregorius,
1248 3947 1350 4014 llli
1394 3968 1553 4035 ergo
1612 3953 1929 4015 Auctores

388 4076 456 4132 ut
500 4064 742 4152 aliquid
807 4076 1104 4151 agerent,
1140 4064 1459 4129 deberent
1516 4065 1689 4130 hanc
1743 4063 1934 4130 disfe-

386 4181 657 4248 rentiam
701 4189 987 4245 statuere
1014 4179 1162 4265 jure
1194 4178 1448 4256 divino,
1486 4189 1551 4244 et
1584 4178 1929 4265 impugna-

383 4319 453 4364 re
505 4296 829 4379 Glossam,
883 4294 1054 4381 quod
1087 4293 1442 4360 difficulter
1488 4307 1713 4380 posset
1745 4297 1929 4375 Soto,

384 4414 495 4500 qui
561 4412 729 4495 infra
771 4412 927 4478 dist.
986 4414 1094 4476 24.
1159 4421 1385 4497 quoest.
1439 4414 1504 4478 2.
1563 4421 1692 4476 art.
1755 4415 1816 4479 3.
1876 4422 1934 4476 et

385 4530 498 4595 lib.
537 4532 637 4595 10.
670 4527 751 4594 de
771 4527 1042 4593 lustitia
1064 4537 1125 4592 et
1149 4529 1329 4614 jure,
1360 4537 1585 4612 quoest.
1616 4530 1677 4591 1.
1705 4539 1837 4593 art.
1866 4532 1928 4595 Ξ.

385 4644 571 4712 docet
599 4644 1061 4730 Episcopatum
1099 4661 1227 4708 non
1270 4662 1417 4708 esse
1446 4641 1779 4709 diversum
1825 4644 1937 4708 Sa-

387 4769 796 4827 cramentum
836 4778 871 4824 a
903 4759 1397 4845 presbyteratu,
1440 4770 1553 4825 aut
1609 4757 1942 4844 imprime-

393 4899 462 4944 re
525 4878 861 4945 diversum
921 4877 1390 4943 characterem.
1471 4879 1630 4942 ltem
1688 4896 1769 4942 ex
1814 4876 1936 4943 alia

396 5006 600 5083 parte,
664 5004 734 5060 ut
817 4993 1022 5060 teneri
1082 4992 1294 5075 debet,
1365 4992 1936 5059 confirmationem

400 5112 655 5180 fundari
692 5111 757 5176 in
796 5121 1115 5197 potestate
1143 5109 1406 5176 Ordinis
1439 5132 1454 5190 3
1507 5109 1803 5197 sequitur
1841 5131 1940 5176 er-

400 5242 484 5308 go
543 5218 799 5286 fundari
843 5218 907 5283 in
961 5228 1277 5304 potestate
1322 5215 1713 5283 characteris
1757 5220 1938 5284 Pres-

400 5336 738 5424 byteraliS,
793 5335 1014 5422 quiet
1051 5333 1222 5400 idem
1268 5346 1366 5401 est
1395 5354 1470 5399 ac
1509 5331 1934 5420 EpiscopaliS,

2037 1735 2138 1791 est
2203 1722 2706 1809 jurisdictionis,
2777 1719 3138 1806 dependeat
3218 1739 3256 1784 a
3336 1719 3590 1785 Vicario

2039 1837 2320 1914 Christi;
2381 1848 2445 1902 et
2498 1838 2623 1903 hoc
2687 1848 3078 1923 argumento
3130 1837 3362 1901 Doctor
3420 1834 3590 1901 infra

2041 1957 2199 2021 dist.
2245 1958 2354 2020 24.
2391 1964 2618 2039 quoest.
2656 1955 2878 2031 unica,
2947 1951 3176 2038 probat
3242 1951 3595 2038 Episcopa-

2043 2089 2184 2138 tum
2225 2092 2369 2137 esse
2419 2069 2756 2136 diversum
2806 2069 3300 2135 Sacramentum
3372 2089 3407 2133 a
3442 2071 3596 2134 Pre-

2043 2190 2406 2274 sbyteratu.
2441 2184 2602 2250 Male
2640 2184 2835 2251 etiam
2889 2181 3151 2250 videtur
3190 2184 3425 2249 Suarez
3464 2183 3599 2249 dis-

2041 2323 2309 2370 cursum
2419 2301 2712 2367 Doctoris
2840 2300 3306 2387 assumpsisse,
3406 2299 3596 2387 quasi

2044 2420 2288 2486 diceret
2317 2438 2572 2498 omneS,
2610 2417 2721 2504 qui
2752 2416 3222 2483 ordinabantur
3254 2415 3319 2481 in
3364 2416 3596 2503 primi-

2041 2538 2177 2604 tiva
2211 2536 2494 2604 Ecclesia
2528 2534 2936 2614 Sacerdotes,
3008 2533 3342 2601 ordinatos
3399 2533 3594 2600 etiam

2046 2653 2246 2720 fuisse
2321 2651 2704 2738 EpiscopOS,
2778 2650 2964 2737 quasi
3036 2648 3285 2715 diversi
3345 2660 3589 2731 essent,

2043 2768 2198 2857 quia
2228 2768 2322 2835 sic
2371 2767 2534 2834 ratio
2591 2766 2885 2833 Doctoris
2918 2765 3082 2831 nihil
3142 2764 3584 2847 concluderet,

2043 2905 2194 2973 quae
2225 2882 2557 2951 reducitur
2586 2883 2666 2949 ad
2697 2882 3020 2962 Glossam,
3064 2903 3211 2970 quae
3251 2880 3419 2948 tollit
3465 2880 3590 2947 dif-

2044 3000 2385 3067 ferentiam
2421 3000 2589 3067 inter
2647 3000 3014 3087 simplicem
3069 2997 3481 3066 Sacerdotem
3533 3009 3598 3064 et

2044 3118 2795 3206 Episcopum,quantnm
2837 3116 2915 3183 ad
2956 3116 3237 3184 divinam
3281 3114 3593 3183 instituti-

2044 3254 2280 3315 onem;
2345 3247 2566 3321 postea
2630 3254 2785 3301 vero
2886 3233 3333 3321 praelationem
3395 3233 3592 3298 unius

2044 3374 2180 3439 prae
2235 3351 2403 3431 aliis,
2485 3351 2815 3418 inductam
2886 3373 3055 3431 esse,
3149 3350 3227 3417 ad
3304 3350 3590 3417 tollenda

2044 3469 2423 3550 schismata,
2470 3469 2621 3555 Jure
2659 3468 3139 3534 Ecclesiastico.

2131 3587 2481 3666 Caeterum,
2544 3586 2685 3651 haec
2735 3605 2861 3649 non
2911 3594 3013 3650 est
3043 3604 3193 3650 vera
3255 3586 3582 3689 sententia
3748 3637 3829 3688 54.

2045 3700 2447 3787 Hieronymi,
2501 3701 2675 3788 quia,
2748 3710 2819 3767 ut
2888 3700 3030 3787 ipse
3070 3699 3133 3764 in
3176 3699 3350 3766 dicto
3378 3701 3588 3788 capite
3625 3699 3921 3812 Expligagur

2045 3822 2353 3908 Leqimus
2385 3846 2405 3885 .·
2475 3819 2655 3902 Quid
2720 3820 2913 3904 facit,
3010 3817 3247 3905 inquit,
3314 3832 3591 3906 eaecepta
3663 3780 3921 3897 qutentiq

2042 3938 2472 4004 ordinatione
2520 3938 2904 4023 Episcopus,
2979 3937 3157 4023 quod
3231 3936 3592 4021 Presbyter
3625 3891 3943 3952 Hieronymi.

2042 4074 2178 4119 ηοη
2215 4051 2481 4137 faciat?
2530 4053 2850 4139 Supponit
2909 4072 3067 4138 ergo
3143 4049 3391 4138 aliquid
3440 4069 3591 4117 con-

2045 4168 2273 4236 venire
2319 4168 2664 4254 Episcop0,
2745 4187 2979 4253 nempe
3045 4166 3371 4247 ordinare,
3420 4164 3592 4253 quod

2044 4305 2174 4351 non
2203 4285 2509 4369 competit
2534 4282 2814 4371 simplici
2849 4281 3204 4360 Sacerdoti,
3233 4294 3299 4348 et
3346 4282 3470 4348 hoc
3509 4300 3590 4346 ex

2045 4400 2256 4486 prima
2287 4398 2696 4465 institutione
2725 4410 2787 4464 et
2809 4397 3177 4465 differentia
3247 4398 3594 4483 utriusque
3653 4420 3904 4495 Agnoscit

2047 4517 2126 4582 ab
2168 4516 2378 4583 initio.
2432 4515 2608 4582 Idem
2654 4515 2841 4582 docet
2901 4515 2967 4579 in
3027 4513 3305 4602 dialogis
3366 4525 3593 4581 contra
3671 4487 3907 4600 dffi'ssn‘

2050 4631 2491 4699 Luciferianos
2558 4653 2714 4718 cap.
2786 4631 2850 4702 4.
2914 4631 3086 4697 idem
3155 4630 3485 4718 significat
3515 4630 3594 4697 de
3671 4613 3899 4726 orffiffgs

2048 4747 2556 4817 Confirmatione
2583 4771 2605 4814 τ
2649 4750 2839 4825 Quod
2886 4751 2949 4814 si
2975 4752 3097 4816 hoc
3148 4750 3288 4814 loco
3320 4750 3588 4835 quoeris,

2047 4866 2283 4952 inquit,
2366 4886 2575 4953 quare
2643 4867 2712 4931 in
2826 4865 3123 4931 Ecclesia
3197 4864 3587 4948 baptizatos,

2049 4984 2187 5050 nisi
2245 5005 2370 5070 per
2429 5002 2668 5049 manus
2726 4982 3046 5067 Episcopi
3100 5001 3238 5046 non
3277 4981 3588 5066 recipiat,

2052 5122 2243 5187 quem
2272 5121 2406 5165 non
2470 5100 2829 5164 asserimus
2896 5100 2970 5164 in
3029 5118 3184 5162 vero
3234 5097 3598 5181 baptisma-

2055 5228 2113 5282 te
2164 5215 2430 5282 tribui?
2483 5217 2672 5281 Disce
2715 5216 2887 5281 hane
2959 5213 3479 5279 observationem
3517 5235 3604 5280 em

2053 5354 2133 5398 ea
2187 5333 2584 5397 auctoritate
2649 5330 3064 5409 descendere,
3101 5329 3276 5417 quod
3303 5342 3451 5416 post
3489 5352 3599 5396 as—

403 5450 795 5537 peripsum,
840 5450 894 5516 si
948 5447 1199 5515 dicatur
1255 5448 1649 5536 Episcopum
1705 5448 1942 5514 habere
2052 5468 2321 5515 censum
2408 5447 2682 5512 Domini
2755 5447 3054 5533 Spiritus
3135 5457 3403 5512 sanctas
3504 5444 3595 5511 ad

399 5565 783 5652 dignitatem
844 5565 1197 5646 diversam,
1269 5564 1350 5631 de
1421 5563 1544 5629 hac
1618 5562 1944 5650 dignitate
2056 5565 2404 5652 Apostolos
2479 5562 2842 5642 descendi&
2920 5564 3240 5630 etmullis
3314 5564 3387 5628 in
3439 5563 3599 5628 locis
