4287 6313
579 412 674 476 τῖε
1812 412 1957 474 mn.
1990 411 2090 474 iv.
2124 375 2723 475 ssumnrmnuu

276 582 544 656 materiam
600 586 964 643 verteretur
1003 575 1195 643 etiam
1236 576 1394 642 ordo
1434 574 1800 642 essentialis
1833 574 2002 640 inter
2043 595 2143 641 ac-

292 662 532 711 primam.
599 692 819 758 cidens
859 704 921 758 et
986 693 1445 773 substantiam,
1499 693 1650 779 quia
1716 694 1923 757 forma
1985 690 2146 756 sub-

600 810 919 876 stantialis
953 810 1343 896 supponitur
1373 802 1811 876 essentialiter
1851 808 1930 873 ab
1963 807 2140 873 omni

601 946 700 1002 e0,
747 925 918 1011 quod
972 925 1408 992 essentialiter
1447 936 1510 990 et
1552 945 1666 1008 per
1713 943 1785 988 se
1823 922 2143 1007 dependet

601 1061 636 1105 a
681 1041 1034 1107 constituto
1085 1062 1198 1126 per
1253 1041 1497 1125 ipsam;
1544 1038 1979 1124 compositum
2033 1058 2141 1103 au-

602 1169 731 1222 tem
774 1158 867 1222 sic
916 1178 985 1223 sc
1035 1157 1228 1222 habet
1270 1157 1346 1222 ad
1390 1158 1686 1235 formam,
1742 1176 1899 1241 ergo
1939 1167 2002 1220 et
2040 1176 2141 1221 ac-

603 1273 850 1352 cidens,
924 1275 1093 1360 quod
1154 1266 1559 1360 subjectetur
1627 1274 1690 1338 in
1756 1272 2140 1357 compositO,

604 1391 728 1455 erit
753 1391 1070 1476 posterius
1103 1391 1531 1456 essentialiter
1565 1390 1793 1471 forma,
1830 1411 1902 1455 ac
1929 1389 2147 1476 proin-

606 1506 685 1571 de
725 1507 949 1581 nenuit
980 1528 1121 1572 eam
1165 1509 1541 1592 producere.

308 1606 523 1718 ῃῇξξᾎζζ
696 1621 844 1698 Alii,
891 1623 999 1708 qui
1044 1622 1276 1688 docent
1334 1623 1688 1688 accidentia
1737 1621 1956 1687 omnia
1995 1622 2149 1687 sub·

260 1732 581 1857 subje‘ssioao-
603 1736 834 1822 jectari
885 1738 949 1802 in
1001 1738 1264 1803 materia
1307 1738 1539 1824 prima,
1586 1759 1711 1803 non
1763 1739 1827 1802 in
1885 1758 2149 1821 compo-

259 1856 572 1908 ementium.
611 1855 759 1932 sit0,
832 1867 1146 1939 negarent
1230 1853 1667 1939 suppositum,
1761 1853 1873 1919 sed
1956 1856 2150 1937 infra

608 1985 839 2057 agetur
898 1972 977 2037 de
1033 1972 1307 2037 veritate
1362 1972 1584 2056 liujus.
1658 1971 2148 2037 Accommodari

608 2088 798 2153 etiam
839 2086 1057 2173 potest
1081 2087 1242 2152 ratio
1276 2087 1462 2164 sacta,
1501 2088 1653 2173 quia
1686 2088 1739 2152 si
1781 2090 2149 2175 subjectan-

610 2216 714 2269 tur
763 2204 828 2268 in
858 2203 1127 2269 materia
1188 2204 1418 2289 prima,
1457 2215 1788 2288 nequeunt
1830 2204 2151 2289 respicere

607 2320 876 2407 aliquid,
933 2295 1102 2407 quod
1145 2320 1507 2386 absolvitur
1575 2341 1609 2385 a
1688 2319 1978 2399 materia,
2043 2320 2149 2385 vel

610 2444 709 2497 est
743 2433 923 2518 prius
958 2431 1117 2517 ipsa,
1156 2432 1346 2517 quale
1386 2443 1484 2497 est
1514 2433 1720 2497 nihil.

312 2524 551 2642 seg-‘gnua
699 2548 995 2614 Secundo
1028 2549 1225 2614 instat
1272 2561 1496 2614 contra
1530 2548 1903 2635 praedictam
1944 2550 2147 2615 maxi-

308 2654 550 2704 5¹¹³³⁸⁰²5⁸
614 2685 782 2729 mam
824 2685 903 2729 ex
955 2668 1015 2729 7.
1074 2664 1358 2751 Melaph.
1412 2686 1564 2750 cap.
1637 2670 1699 2730 ὃ.
1758 2667 1998 2731 Domus
2037 2689 2150 2731 ea:-

407 2725 519 2766 Ill-¹⁹8

264 2731 578 2851 Praggfflsfflm
610 2790 713 2844 tra
742 2780 820 2861 fic
857 2801 897 2842 a
937 2779 1129 2845 domo
1161 2783 1233 2845 in
1274 2791 1504 2858 mente,
1552 2791 1615 2846 et
1656 2794 1872 2847 tamen
1919 2781 2152 2849 domus

277 2856 570 2892 mammam.
609 2906 790 2961 extra
833 2895 1024 2960 habet
1062 2895 1284 2961 verius
1317 2916 1451 2960 esse
1489 2895 1748 2974 domuS,
1794 2918 1988 2984 quam
2031 2899 2153 2963 do-

612 3032 756 3077 mus
798 3009 863 3075 in
909 3022 1145 3091 mente,
1183 3010 1333 3096 quia
1374 3011 1482 3077 illa
1522 3025 1621 3079 est
1661 3013 1874 3092 realis,
1918 3014 2153 3080 domus

612 3128 677 3193 in
711 3139 926 3193 mente
965 3139 1061 3193 est
1092 3148 1208 3194 ens
1238 3128 1575 3215 cognitum
1617 3142 1681 3196 et
1710 3129 2147 3213 diminutum3

610 3267 768 3332 ergo
797 3246 1041 3332 aliquid
1083 3245 1553 3330 imperfectius,
1589 3260 1713 3315 etc.
1749 3268 1907 3334 ergo
1938 3254 2152 3333 Ange-

610 3362 712 3430 lus
774 3364 838 3428 in
917 3376 1131 3429 mente
1188 3363 1457 3432 alterius
1520 3378 1925 3450 potestesse
1990 3367 2154 3432 ratio

611 3480 873 3544 creandi
925 3501 995 3546 se
1027 3466 1240 3566 ipsum
1271 3480 1349 3545 ad
1391 3491 1596 3546 extra.

367 3612 495 3682 Essa
697 3594 1171 3679 Respondetur‚
1228 3593 1527 3679 negando
1561 3607 1901 3683 utramque
1930 3618 2155 3663 conse-

260 3675 581 3807 5822&ssss
612 3710 966 3797 quentiam.
1012 3712 1105 3777 Ad
1147 3711 1534 3779 antecedens
1593 3712 1770 3794 dicit,
1825 3715 1995 3800 quod
2040 3737 2152 3781 ve-

289 3801 539 3849 “oestwn'
611 3826 747 3893 rius
787 3840 848 3894 et
889 3828 1241 3913 perfectius
1282 3828 1390 3908 sit,
1445 3830 1742 3896 absolute
1793 3830 2142 3917 loquendo,

605 3965 738 4009 csse
779 3945 948 4031 quod
992 3944 1186 4010 habet
1224 3944 1457 4011 domus
1521 3945 1611 4032 ins
1638 3958 1878 4024 mente,
1918 3947 2148 4034 'quam

607 4059 761 4126 illud
804 4060 975 4147 quod
1017 4062 1210 4127 habet
1278 4075 1502 4138 extra;
1550 4061 1872 4150 loquendo
1932 4075 2149 4131 tamen

603 4173 681 4239 de
712 4197 844 4239 esse
873 4173 1219 4254 artificiati,
1260 4175 1605 4261 perfectius
1627 4189 1726 4241 est
1756 4198 1888 4243 esse
1919 4178 2152 4246 domus

601 4289 677 4355 ad
763 4304 946 4357 extra
1013 4291 1079 4355 in
1162 4313 1297 4357 esse
1384 4291 1644 4371 domuS,
1743 4315 1935 4381 quam
2017 4318 2152 4362 esse

602 4406 744 4493 ejtis
775 4407 852 4472 ad
904 4407 1095 4486 intra,
1161 4409 1313 4494 quia
1354 4407 1419 4474 in
1494 4420 1710 4475 mente
1755 4410 1951 4476 habet
2016 4433 2151 4476 esse

603 4523 809 4609 ipsius
847 4524 1267 4611 cognitionis,
1315 4525 1483 4611 quod
1520 4526 1881 4611 participat,
1931 4539 1998 4592 ut
2033 4549 2149 4613 pa-

303 4658 529 4723 August.
605 4651 693 4705 tet
723 4660 805 4705 ex
853 4642 1221 4727 Augustino
1273 4641 1384 4707 lib.
1435 4646 1496 4709 ὃ.
1534 4641 1616 4706 de
1651 4643 1808 4707 Gen.
1846 4643 1935 4708 ad
1969 4645 2148 4708 licce-

604 4775 774 4828 ram,
812 4776 964 4841 cap.
1024 4759 1127 4820 14.
1193 4765 1251 4820 ec
1285 4767 1478 4822 tract.
1547 4761 1607 4823 1.
1682 4759 1755 4822 in
1794 4758 2138 4838 Ioannem,

337 4914 498 4967 Beda.
605 4869 898 4936 dicente:
952 4871 1197 4935 Omnia
1225 4872 1501 4954 suerunt
1542 4873 1680 4937 vica
1727 4855 2026 4939 creatr‘ix
2075 4876 2146 4939 in

276 4977 556 5041 Rupertus.
601 4986 978 5070 coynicione
1048 4986 1259 5052 Verbi.
1334 4986 1515 5062 Quod
1595 4987 1891 5074 sequitur
1953 4989 2141 5069 Beda,

601 5101 925 5185 Rupertus
957 5110 1019 5165 et
1050 5099 1345 5187 plerique
1384 5101 1775 5187 posteriores
1808 5104 2011 5168 Latini
2045 5104 2146 5167 in-

596 5226 935 5301 terpretes
977 5216 1164 5302 Lapis
1187 5236 1346 5302 ergo
1372 5217 1434 5280 in
1461 5229 1674 5284 mente
1706 5218 1929 5284 divina
1953 5220 2149 5286 habet

598 5331 818 5396 verius
875 5342 938 5396 et
996 5331 1344 5416 perfectius
1375 5352 1529 5409 esse,
1567 5331 1748 5418 (quia
1781 5334 1986 5418 ipsius
2037 5354 2146 5399 co-

591 5447 905 5531 gnitionis
944 5446 1243 5522 divinat.)
1275 5468 1470 5534 quam
1504 5447 1667 5532 lapis
1709 5449 1774 5515 in
1827 5471 1898 5516 se
1963 5450 2145 5517 exis·

590 5574 760 5649 tens,
806 5564 1108 5652 quamvis
1148 5564 1271 5630 hoc
1327 5564 1410 5630 sit
1468 5565 1690 5632 verius
1737 5589 1870 5633 esse
1900 5568 2138 5655 lapidis

2263 596 2456 662 cpiam
2491 572 2691 652 illud;
2735 570 2830 640 sic
2870 573 3100 640 domus
3134 572 3198 638 in
3259 582 3476 640 mente
3543 569 3798 659 partici-

2262 704 2367 776 pat
2434 712 2566 755 esse
2606 690 3026 777 cognitionis,
3102 709 3249 777 quae
3301 690 3645 774 perfectior
3705 701 3803 755 est

2260 825 2451 891 quam
2497 807 2704 872 forma
2763 803 3120 870 artificialis
3187 804 3421 870 domus
3470 804 3547 869 ad
3591 816 3798 883 extra,

2259 942 2406 1007 quae
2467 920 2537 987 sit
2603 942 2637 985 a
2695 922 2888 987 domo
2938 920 3016 986 ad
3086 922 3279 998 intra,
3325 920 3628 1008 quamvis
3684 922 3806 988 hoc

2259 1037 2344 1102 sit
2385 1038 2734 1124 perfectius
2776 1060 2908 1103 esse
2975 1039 3207 1105 domus
3246 1059 3438 1125 quam
3518 1037 3677 1104 illud
3737 1038 3804 1103 in

2259 1167 2500 1219 mente.

2350 1271 2529 1336 Unde
2569 1270 3039 1336 advertendum
3075 1280 3196 1347 est,
3243 1270 3505 1336 domum
3574 1269 3653 1336 ad
3704 1269 3803 1335 in-

2260 1398 2380 1463 tra,
2445 1401 2507 1453 et
2571 1388 2648 1453 ad
2707 1400 2890 1453 extra
2968 1387 3301 1453 univocari
3368 1388 3446 1453 ad
3490 1387 3795 1464 invicem,
3851 1454 4173 1505 Univocan-

2260 1504 2428 1569 sicut
2487 1505 2821 1590 exemplar
2875 1516 2936 1569 et
2984 1503 3451 1590 exemplatum,
3524 1503 3667 1570 idea
3733 1515 3839 1590 et·
3951 1524 4041 1567 tur

2262 1619 2587 1699 ideatum;
2637 1620 3090 1687 univocatione
3132 1631 3346 1687 tamen
3391 1621 3796 1707 incompleta,
3826 1583 4172 1647 mcomplete.

2262 1756 2411 1819 quae
2449 1748 2549 1801 est
2606 1737 2964 1803 secundum
3011 1738 3308 1814 formam,
3364 1757 3493 1802 non
3542 1758 3698 1802 vero
3738 1736 3806 1802 in

2264 1851 2453 1917 modo
2494 1852 2750 1918 essendi
2798 1852 3047 1933 formae,
3101 1852 3367 1939 proinde
3437 1854 3807 1940 generatio-

2263 1989 2409 2033 nem
2445 1970 2629 2033 istam
2663 1969 2894 2036 domus
2923 1971 2999 2035 ad
3043 1984 3249 2047 extra,
3290 1991 3326 2036 a
3364 1971 3557 2036 domo
3596 1970 3672 2035 ad
3718 1970 3811 2034 in-

2262 2099 2382 2161 tra,
2410 2085 2836 2169 Philosophus
2870 2090 2931 2153 7.
2967 2086 3254 2172 Mecaplt.
3294 2097 3453 2155 text.
3490 2109 3653 2153 com.
3693 2090 3801 2160 30.

2263 2213 2322 2267 et
2367 2206 2472 2267 12.
2512 2203 2799 2288 Meeaph.
2866 2215 3025 2269 teme.
3071 2225 3242 2270 com.
3311 2208 3418 2273 13.
3458 2216 3647 2271 vocat
3687 2206 3806 2273 ali-

2263 2338 2391 2403 quo
2433 2319 2621 2384 modo
2677 2319 3041 2385 univocam.
3087 2322 3157 2385 In
3200 2321 3448 2387 ratione
3496 2344 3654 2410 ergo
3684 2326 3807 2390 for·
3848 2333 4189 2386 Declaratur

2265 2454 2390 2499 mae
2438 2453 2565 2500 non
2634 2447 2730 2500 est
2781 2436 3040 2523 proprie
3124 2438 3511 2521 differentia,
3594 2463 3804 2530 neque
3831 2397 4175 2517 unigiffitio.

2266 2550 2690 2635 improportio
2751 2552 3189 2637 perfectionis,
3238 2575 3449 2642 neque
3505 2556 3664 2622 ordo
3711 2579 3808 2623 es·
4139 2556 4142 2557 ⁷

2266 2664 2583 2743 sentialis,
2632 2666 2746 2731 sed
2809 2665 2871 2729 in
2917 2668 3106 2734 modo
3159 2669 3442 2748 essendi,
3489 2684 3811 2757 quatenus

2269 2779 2474 2845 forma
2516 2781 2749 2848 domus
2784 2783 2846 2847 in
2889 2796 3105 2850 mente
3146 2785 3417 2852 artificis
3457 2786 3651 2852 habet
3682 2809 3816 2853 esse

2266 2896 2687 2983 cognitionis,
2736 2898 2799 2964 in
2844 2921 2970 2986 qua
3021 2914 3532 2987 repraesentatur
3570 2914 3635 2969 et
3693 2904 3813 2970 for·

2268 3024 2502 3091 matur,
2551 3013 2720 3079 inde'
2741 3015 2934 3080 etiam
2995 3016 3186 3084 habet
3248 3019 3565 3085 rationem
3598 3042 3816 3086 exem-

2269 3130 2469 3216 plaris
2510 3142 2807 3219 respectu
2869 3133 3192 3220 ejusdem,
3227 3147 3298 3202 ut
3339 3148 3439 3204 est
3497 3138 3620 3205 sub
3688 3138 3816 3204 alio

2269 3247 2460 3314 modo
2527 3249 2812 3328 essendi,
2887 3271 3121 3338 nempe
3172 3264 3350 3319 extra
3413 3254 3478 3319 in
3542 3256 3814 3322 materia

2266 3363 2609 3431 artificiali.
2685 3369 2847 3434 Vide
2915 3372 3252 3437 Doctorem
3294 3384 3520 3458 quoest.
3566 3377 3631 3440 4.
3662 3395 3816 3459 pro-

2269 3485 2406 3569 loyi
2470 3487 2541 3552 in
2589 3488 2744 3569 sine,
2802 3489 2890 3553 ad
2944 3491 3303 3556 secundum
3335 3492 3508 3572 dico,
3555 3494 3589 3578 5
3639 3494 3816 3558 Con-
3858 3577 3866 3584 .

2270 3610 2372 3665 tra
2413 3603 2593 3669 istud
2631 3608 2965 3692 arquitur,
3004 3618 3129 3677 etc,

2357 3717 2564 3797 Dices,
2614 3718 2777 3805 lapis
2839 3719 2904 3785 in
2947 3721 3276 3790 intellectu
3346 3737 3445 3791 est
3485 3726 3803 3793 terminus
3953 3776 4037 3825 71.

2267 3842 2328 3896 et
2367 3834 2692 3919 objectum
2754 3835 3235 3920 intellectionis,
3282 3850 3345 3906 et
3400 3841 3638 3908 dicitur
3696 3843 3808 3908 ha-
3861 3835 4147 3903 objectio.

2266 3947 2417 4014 bere
2483 3971 2629 4017 esse
2686 3951 3103 4032 diminutum,
3142 3977 3255 4022 seu
3298 3979 3431 4023 esse
3489 3960 3658 4026 entis
3711 3981 3809 4026 ra·

2265 4065 2499 4146 tionis;
2534 4087 2691 4153 ergo
2725 4088 2853 4134 non
2883 4084 2981 4137 est
3013 4072 3153 4156 ipsa
3186 4072 3558 4154 intellectio,
3599 4097 3811 4163 neque

2265 4183 2487 4249 existit
2555 4185 2902 4253 existentia
2972 4187 3459 4258 intellectionis.
3514 4196 3809 4280 Respon-

2265 4296 2477 4378 detur,
2515 4300 2753 4367 habere
2783 4323 2918 4367 esse
2948 4303 3366 4386 diminutum,
3414 4319 3485 4374 ut
3514 4309 3806 4375 conside-

2265 4425 2443 4479 ratur
2474 4417 2830 4482 secundum
2865 4418 3020 4485 illud
3052 4442 3204 4498 esse,
3254 4422 3426 4508 quod
3472 4427 3806 4510 proprium

2263 4541 2384 4609 est,
2440 4543 2502 4595 et
2533 4533 2718 4619 cujus
2749 4548 2848 4600 est
2904 4537 3132 4615 solius,
3171 4550 3235 4603 et
3276 4550 3341 4604 ut
3394 4553 3810 4627 comparatur
3863 4563 4174 4631 objectum

2264 4644 2340 4709 ad
2373 4668 2507 4711 esse
2539 4650 2872 4735 proprium
2917 4666 2985 4717 ut
3017 4655 3239 4720 existit
3286 4658 3352 4721 in
3397 4677 3485 4739 re,
3523 4670 3585 4723 et
3624 4672 3808 4726 extra
3910 4631 4104 4744 meisste

2261 4782 2513 4846 causas,
2560 4780 2776 4832 tamen
2826 4767 2990 4835 ultra
3043 4770 3197 4836 illud
3252 4773 3445 4840 habet
3489 4796 3623 4840 esse
3660 4797 3806 4863 par·
3828 4753 4224 4883 bgffissriffsmsf

2261 4878 2621 4964 ticipatum,
2687 4897 3008 4971 quatenus
3048 4900 3146 4954 est
3180 4889 3244 4954 in
3279 4912 3399 4957 suo
3448 4913 3812 4980 reproesen-

2262 5005 2461 5073 tante,
2499 5008 2564 5062 et
2622 4999 2742 5065 hoc
2784 5013 2885 5067 est
2939 5025 3071 5070 esse
3132 5005 3337 5091 ipsius
3383 5009 3805 5096 cognitioniS,

2262 5110 2341 5177 de
2372 5133 2499 5199 qua
2552 5118 2784 5182 Doctor
2861 5120 3200 5202 hactenus,
3256 5135 3320 5189 et
3352 5129 3661 5194 convenit
3710 5152 3814 5197 co·

2262 5227 2539 5312 gnitioni
2607 5221 3013 5314 formalitcr;
3070 5240 3521 5326 participative
3594 5257 3812 5313 autem

2260 5347 2552 5432 cognitO,
2609 5349 2763 5415 illud
2841 5375 2974 5418 csse
3040 5353 3432 5423 diminutum
3513 5373 3610 5426 est
3658 5383 3811 5448 pro-

2267 5461 2476 5547 prium
2522 5463 2731 5550 ipsius
2767 5468 3036 5553 cogniti,
3078 5484 3145 5535 ut
3179 5472 3608 5561 distinguitur
3636 5498 3671 5544 a
3705 5500 3811 5544 co-

2264 5577 2580 5662 gnitione,
2619 5603 2830 5667 neque
2875 5596 2972 5649 est
3007 5586 3239 5653 modus
3282 5591 3476 5656 realis
3517 5594 3806 5679 essendi,

3843 4394 4161 4460 Responsio
4173 4436 4200 4453 .
