4287 6313
185 2688 277 2737 Ad
305 2661 420 2751 arg.
460 2689 510 2739 l.

250 3816 338 3867 Ad
390 3817 443 3866 2.

305 3880 425 3929 Non

210 3943 498 4005 requiritur

279 4011 423 4053 tanta

175 4067 412 4116 intenlio
462 4064 514 4115 in

1717 456 1911 517 oisr.
1959 457 2059 550 vi.
2108 456 2468 532 QUAEsrio
2503 458 2604 518 iv.

550 614 903 707 aliquem
964 616 1213 689 talem
1255 617 1643 696 invenire,
1690 614 2099 709 praecipue

550 730 681 824 qui
724 732 960 825 ‚prius
1021 733 1450 825 aliquando
1502 733 1951 836 cogitasset
2009 731 2099 802 de

546 850 994 942 BaptismO,
1041 850 1228 942 quia
1263 851 1385 922 vel
1412 855 1607 924 tunc
1654 849 2098 942 placuisset

547 964 696 1037 sibi
748 965 1176 1058 baptizari,
1229 966 1357 1038 vel
1409 987 1570 1039 non
1620 965 2090 1059 placuisset,

546 1081 709 1153 imo
760 1081 1334 1175 displicuisset,
1383 1087 1459 1155 et
1505 1084 1938 1155 secundum
1982 1081 2094 1152 ul-

544 1197 836 1269 timum
909 1198 1231 1270 modum
1310 1197 1821 1289 jndicaretur
1903 1197 2096 1269 talis

544 1314 983 1389 habitualis
1025 1335 1467 1388 consensus
1510 1315 1635 1387 vel
1679 1314 2093 1387 dissensus

541 1453 722 1505 esse
782 1433 863 1505 in
919 1437 1366 1525 posterum,
1420 1438 1690 1506 tamen
1776 1432 1842 1504 si
1916 1432 2094 1524 quis

541 1556 759 1626 esset
794 1552 1121 1624 omnino
1163 1571 1325 1623 non
1368 1551 1909 1632 consentiens,
1947 1570 2093 1622 nec

540 1667 1051 1753 dissentienS,
1108 1673 1272 1742 tam
1347 1667 1785 1742 actualiter
1854 1687 2093 1760 quam

540 1782 1098 1865 habitualiter,
1145 1790 1224 1859 et
1277 1791 1549 1859 tamen
1603 1791 1834 1857 utens
1901 1785 2095 1857 rati-

546 1922 717 1983 one,
775 1922 934 1973 non
1011 1906 1228 1975 esset
1322 1922 1576 1993 capax
1663 1901 2089 1994 Baptismi,

544 2017 730 2110 quia
770 2038 865 2088 ex
931 2038 1085 2109 quo
1139 2016 1404 2091 utitur
1463 2017 1806 2098 ratione,
1860 2037 2095 2108 opor-

540 2138 657 2207 tet
722 2135 927 2225 quod
999 2132 1291 2206 habeat
1350 2132 1859 2205 devotionem
1955 2132 2097 2204 ali-

542 2270 783 2342 quam
839 2250 932 2321 ad
1001 2253 1647 2330 Sacramentum,
1726 2249 1794 2321 si
1866 2250 2095 2323 debet

544 2365 696 2438 sibi
728 2365 1030 2445 valere,
1130 2364 1375 2438 aliter
1414 2365 1628 2437 enim
1674 2364 2097 2439 videretur

544 2487 1093 2555 contemnere.

634 2598 748 2670 Ad
821 2598 1175 2690 primum
1259 2602 1833 2690 argumentum
1888 2596 2089 2677 dico,

549 2714 755 2806 quod
823 2714 905 2785 in
955 2713 1376 2805 Baptismo
1440 2712 1699 2804 magis
1762 2711 2093 2805 proprie

543 2835 668 2905 est
707 2828 1032 2923 adoptio
1076 2830 1154 2901 in
1196 2829 1478 2911 filium,
1523 2848 1761 2921 quam
1806 2827 2093 2901 Matri-

545 2943 931 3026 monium,
972 2943 1160 3037 quia
1196 2944 1584 3036 parvulus
1625 2964 1785 3014 non
1824 2947 2093 3036 potest

539 3061 695 3134 dici
741 3061 1076 3154 proprie
1138 3060 1626 3133 contrahere
1670 3059 2093 3132 Matrimo-

503 3178 791 3267 nium,
888 3198 1072 3251 cum
1142 3197 1302 3250 non
1384 3181 1667 3251 utatur
1742 3176 2086 3259 ratione,

547 3295 778 3385 quus
837 3315 1030 3365 usus
1102 3293 1563 3385 requiritur
1623 3293 1715 3364 ad
1770 3311 2090 3364 omnem

541 3417 1099 3493 contractum;
1175 3413 1255 3484 in
1321 3412 1751 3505 adoptione
1817 3414 2090 3482 autem

544 3527 843 3602 sufficit
879 3527 1102 3600 solus
1151 3530 1382 3599 actus
1426 3525 1915 3618 adoptantis,
1935 3525 2088 3600 etsi

543 3646 851 3717 nullum
912 3644 1203 3718 habeat
1246 3643 1714 3735 adoptatus.

631 3764 743 3836 Ad
787 3762 1219 3834 secundum
1269 3760 1470 3840 dico,
1526 3743 1734 3851 quod
1779 3758 2092 3834 malitia

546 3882 814 3973 potest
873 3899 1049 3949 esse
1145 3876 1527 3959 ministri,
1612 3875 2091 3966 inquantum

551 3995 948 4076 minister,
1025 3994 1339 4067 scilicet
1408 3993 1488 4064 in
1559 3992 1769 4064 male
1820 3992 2091 4064 minis-

3646 456 3758 519 421

2211 614 2374 687 alia
2419 615 2758 690 malitia.
2822 618 2998 688 Non
3060 620 3331 689 autem
3385 616 3757 707 sequitur

2211 751 2309 803 ex
2368 731 2544 815 hoc,
2617 753 2817 825 ergo
2875 755 3035 806 non
3104 734 3448 807 intentio
3510 734 3756 806 susci-

2212 849 2509 940 pientis
2599 850 2954 943 impedit,
3039 848 3227 941 quia
3304 850 3384 921 in
3462 855 3754 941 agente

2213 967 2582 1049 secundo,
2680 967 2931 1042 etiam
3007 966 3474 1059 requiritur
3552 968 3754 1061 quod

2213 1101 2357 1172 per
2391 1103 2474 1154 se
2525 1082 2880 1175 pertinet
2923 1084 3018 1156 ad
3067 1101 3341 1174 agens,
3391 1084 3598 1175 quod
3630 1087 3752 1155 est

2212 1198 2625 1272 intendere
2666 1200 2746 1272 in
2789 1203 3078 1291 agente
3113 1220 3259 1292 per
3308 1201 3748 1280 rationem;

2212 1313 2556 1388 intentio
2626 1321 2898 1389 autem
2996 1335 3157 1386 non
3230 1334 3376 1406 per
3465 1336 3551 1387 se
3628 1319 3753 1389 est

2211 1433 2757 1524 suscipientis,
2902 1432 3381 1523 inquantum
3477 1431 3753 1525 hujus-

2212 1547 2448 1620 modi.

2297 1666 2411 1737 Ad
2480 1664 2846 1743 tertium,
2921 1664 3336 1737 dicendum
3409 1665 3612 1757 quod
3683 1664 3748 1736 si

2210 1779 2529 1851 adultus
2600 1780 3151 1872 baptizandus,
3215 1801 3313 1851 ex
3361 1784 3555 1853 voto
3634 1779 3745 1851 in-

2213 1897 2460 1971 tendit
2508 1896 2979 1969 renuntiare
3034 1896 3377 1970 Diabolo
3412 1900 3492 1970 et
3534 1917 3752 1990 pom-

2213 2013 2331 2106 pis
2392 2014 2592 2105 ejus,
2649 2019 2918 2086 tamen
2966 2012 3160 2085 illud
3217 2017 3498 2085 votum
3554 2034 3752 2106 prae-

2206 2132 2486 2203 cedens
2528 2150 2688 2202 non
2746 2133 2868 2201 est
2928 2130 3017 2202 de
3076 2131 3567 2203 necessitate
3620 2134 3754 2204 Sa-

2206 2248 2631 2330 cramenti,
2679 2248 2812 2319 sed
2854 2247 3270 2339 pertinens
3305 2249 3623 2320 tantum
3657 2248 3751 2319 ad
3821 2280 3830 2290 ·

2206 2364 2381 2457 ejus
2424 2363 3052 2439 solemnitatem.

2314 2482 2428 2554 Ad
2462 2480 2702 2563 aliud,
2741 2482 3091 2554 concedo
3141 2481 3353 2572 quod
3414 2500 3752 2552 consue-

2208 2600 2396 2673 tudo
2441 2598 2827 2670 Ecclesiae
2871 2597 3075 2670 bona
3126 2601 3276 2680 est,
3348 2598 3550 2689 quod
3582 2598 3753 2669 nul-

2207 2716 2374 2788 lum
2444 2716 2806 2789 adultum
2902 2715 3285 2808 baptizat,
3359 2713 3517 2786 nisi
3590 2734 3752 2786 res-

2212 2833 2554 2926 pondeat
2596 2853 2746 2925 pro
2799 2833 3093 2926 seipSO,
3129 2835 3209 2905 et
3249 2836 3375 2905 est
3416 2852 3752 2904 consue-

2207 2951 2398 3022 tudo
2451 2949 2878 3021 laudabilis
2927 2954 3009 3023 et
3075 2948 3615 3031 rationabiliS,
3665 2951 3751 3020 ut

2208 3064 2470 3136 solum
2530 3065 2810 3137 volens
2871 3064 3383 3138 adscribatur
3422 3062 3755 3136 familiae

2209 3182 2539 3255 Christi.
2584 3183 2728 3257 Sed
2762 3183 2950 3255 licet
2991 3202 3150 3253 non
3196 3182 3748 3274 responderet,

2208 3300 2396 3389 quia
2439 3298 2749 3372 scilicet
2800 3319 2960 3371 non
2992 3302 3368 3372 uteretur
3401 3298 3747 3378 ratione,

2209 3418 2294 3488 ut
2370 3414 2806 3497 dormiens,
2898 3419 3175 3507 posset
3244 3413 3395 3486 sibi
3473 3417 3754 3488 Sacra·-

2209 3536 2569 3605 mentum
2613 3526 2998 3612 conferri,
3063 3531 3247 3602 dum
3320 3534 3592 3603 tamen
3627 3551 3750 3601 es-

2210 3652 2329 3721 set
2427 3648 2959 3723 habitualiter
3000 3649 3558 3726 consentiens;
3618 3645 3748 3717 sed

2205 3766 2380 3850 hoc,
2429 3772 2516 3840 ut
2564 3766 2868 3839 dictum
2927 3769 3051 3838 est
3116 3763 3366 3857 prius,
3429 3783 3588 3834 non
3620 3784 3748 3835 ex-

2206 3885 2417 3977 pedit
2488 3883 2781 3964 facere,
2861 3882 2993 3954 sed
3055 3885 3488 3973 expectare
3554 3885 3749 3953 tem·

2207 4024 2379 4095 pus,
2481 4021 2636 4093 quo
2733 3997 3172 4072 actualiter
3257 3996 3739 4070 consentiat.

3850 1679 3931 1729 Ad
3960 1681 4013 1732 3.

3853 2493 3937 2542 Ad
3963 2493 4016 2545 4.

174 4113 863 4193 munimentatrando,
910 4110 1037 4182 vel
1097 4108 1283 4202 quia
1340 4129 1500 4181 non
1567 4109 1764 4181 bene
1805 4108 2084 4191 credit,

174 4196 507 4303 im‘ffissi'stsso.
546 4228 671 4299 vel
716 4227 904 4319 quia
945 4247 1105 4298 non
1148 4224 1489 4299 intendit
1530 4224 1906 4297 conferre
1950 4229 2089 4298 Sa·

542 4347 1092 4422 eramentum;
1138 4346 1219 4414 et
1286 4340 1455 4413 haec
1528 4339 1865 4423 malitia,
1928 4361 2089 4412 ma-

539 4459 756 4532 xime
824 4479 981 4530 non
1034 4446 1510 4537 intendendi,
1569 4456 1896 4549 impedit
1957 4460 2089 4531 Sa-

542 4579 1056 4648 cramentum
1110 4572 1496 4654 conferri,
1537 4572 1800 4663 magis
1845 4592 2082 4663 quam

542 4691 861 4764 malitia
931 4690 1188 4761 moris
1282 4689 1379 4762 in.
1424 4688 1943 4781 suscipiente,
2005 4692 2084 4761 et

541 4806 755 4879 ratio
842 4805 1156 4877 dicetur
1227 4804 1304 4876 in
1381 4803 1897 4877 distinctione
1966 4824 2086 4876 se-

540 4922 838 5018 quenti.
887 4921 1068 4994 Alia
1103 4925 1374 4995 autem
1410 4925 1680 5014 potest
1714 4942 1890 4993 esse
1926 4941 2084 4992 ma·

2658 4253 3293 4317 COMMENTARIUS.

2280 4467 2376 4551 (b)
2407 4473 2496 4531 De
2539 4451 2750 4529 'tertio
2820 4464 3132 4536 membro,
3194 4468 3318 4524 etc.
3366 4462 3748 4539 Respondet
3904 4507 3932 4556 3

2201 4590 2469 4657 Doctor,
2531 4581 2711 4661 quod
2769 4579 3165 4641 dissentiens
3235 4578 3541 4657 negative
3634 4582 3744 4638 aut
3769 4566 4082 4681 Dbisssffistisssss

2205 4700 2526 4760 contrarie
2566 4709 2698 4757 non
2756 4693 3122 4771 baptizatur
3175 4690 3414 4753 valide.
3461 4691 3569 4750 Est
3609 4693 3736 4750 Au·
3813 4694 4062 4766 negativa

2200 4815 2446 4896 gustini
2489 4813 2634 4873 loco
2694 4825 2892 4886 supra
2950 4809 3143 4868 citato
3189 4811 3256 4868 in
3300 4823 3459 4868 com.
3499 4823 3741 4883 praece·
3768 4762 4090 4889 antggffuve

2203 4934 2396 5004 denti,
2444 4947 2528 4991 ea:
2570 4930 2681 4989 lib.
2716 4928 2775 4987 4.
2809 4930 2886 4990 de
2924 4929 3274 5002 Βειριίεηῑο,
3334 4941 3474 5000 cap.
3536 4923 3636 4985 24.
3670 4925 3746 4985 Et
3771 4886 4081 4949 baptnzatur.

539 5039 718 5113 litia
761 5038 1147 5119 ministri,
1205 5057 1363 5110 non
1427 5037 1902 5128 inquantum
1948 5036 2085 5108 mi·
2202 5048 2437 5128 probat
2470 5062 2553 5108 ex
2582 5044 2687 5108 illo
2730 5046 2997 5106 Joannis
3026 5047 3085 5106 9.
3120 5048 3367 5104 aetatem
3397 5041 3748 5117 habetfl‘pse

538 5155 826 5237 nister,
863 5154 995 5227 sed
1026 5153 1613 5234 concomitans,
1652 5157 1848 5245 puta
1881 5153 2087 5244 quod
2195 5181 2319 5241 pro
2366 5181 2431 5226 se
2486 5163 2903 5239 respondean
2960 5159 3109 5221 ideo
3169 5163 3392 5220 autem
3463 5156 3745 5221 infantes

543 5272 782 5347 estin
827 5275 1157 5365 peccato
1202 5269 1573 5350 mortali;
1621 5272 1698 5341 et
1730 5269 1881 5341 hoc
1924 5289 2083 5340 non
2199 5282 2340 5343 sine
2429 5294 2758 5341 consensu
2825 5277 3236 5354 baptizantur
3289 5271 3527 5347 valide,
3597 5273 3746 5351 quia

543 5388 876 5481 impedit
973 5389 1593 5461 Sacramentum
1697 5385 2082 5458 conferri.
2199 5397 2499 5460 nondum
2543 5393 2764 5457 arbitri
2811 5392 3119 5472 suiipsius
3170 5409 3251 5454 ex
3302 5391 3566 5454 defectu
3596 5398 3747 5452 aeta-

545 5507 778 5577 Patet
821 5524 1021 5595 ergo
1074 5504 1279 5596 quod
1319 5523 1478 5574 non
1533 5502 1877 5576 intentio
1951 5503 2089 5574 Ini-
2206 5513 2332 5586 tis;
2384 5528 2472 5572 an
2506 5516 2729 5573 aulem
2760 5511 3131 5588 requiratur
3157 5508 3224 5569 in
3258 5510 3350 5568 eis
3385 5519 3748 5567 consensus

543 5622 788 5695 nistri
858 5620 1215 5713 impedit,
1291 5619 1426 5691 sed
1494 5637 1656 5690 non
1714 5617 2093 5709 quaelibet
2208 5633 2557 5708 parentum
2628 5633 2740 5688 aut
2811 5631 3095 5687 tutorum
3156 5623 3240 5685 ad
3282 5623 3571 5685 valorem
3629 5621 3741 5680 Sa-
