4287 6313
277 525 331 573 et
350 520 484 572 infre.

224 586 278 638 d.
308 584 385 638 13.
406 603 461 652 q.
500 584 545 635 1.

566 363 686 427 618

575 523 755 596 nire
823 522 1367 608 fundamentO,
1433 543 1674 617 quam
1741 522 1943 615 quod
1998 541 2124 592 ne·

575 642 941 715 cessario
1013 645 1404 733 sequatur
1482 641 1771 733 ipsum,
1857 637 2125 729 posito

571 757 951 837 termino,
998 757 1182 848 quia
1241 754 1568 828 omnino
1633 775 1796 826 non
1859 756 2128 845 polest

572 874 837 947 inesse
907 872 1456 955 fundamento,
1502 871 2125 962 circumscripto

570 988 948 1073 termino,
1019 988 1207 1081 quia
1249 992 1438 1060 tunc
1514 1007 1677 1059 non
1733 990 1949 1059 esset
2011 1006 2127 1057 re-

525 1093 531 1102 ’
573 1109 927 1198 spectus,
974 1104 1106 1176 sed
1147 1104 1412 1176 forma
1455 1103 1872 1184 absoluta;
1926 1121 2124 1193 ergo

572 1222 638 1294 si
690 1220 987 1313 aliquis
1033 1224 1454 1313 respectus
1497 1222 1765 1312 potest
1823 1218 2124 1291 extrin-

579 1359 809 1411 secus
854 1336 1234 1409 advenire
1269 1336 1813 1418 fundamentO,
1862 1335 2128 1426 sequi-

574 1456 711 1525 tur
763 1449 968 1542 quod
1018 1469 1178 1520 non
1232 1447 1702 1521 necessario
1758 1447 2127 1539 sequitur

572 1565 1465 1647 fundamentum,etiam
1512 1562 1867 1638 termino
1911 1563 2119 1655 posi-

570 1691 699 1766 to;
734 1703 936 1774 ergo
972 1683 1107 1755 ille
1152 1686 1570 1774 respectus
1628 1684 1894 1773 potest
1947 1701 2125 1752 esse

566 1820 823 1873 novus
889 1799 1219 1871 omnino
1253 1797 1424 1869 sine
1464 1796 1829 1870 novitate
1862 1795 2130 1867 funda*

566 1917 816 1991 menti
874 1915 1000 1988 vel
1080 1914 1454 1996 termini;
1526 1933 1712 2005 ergo
1788 1914 1881 1986 ad
1950 1913 2124 2005 ejus

563 2058 701 2103 esse
749 2053 1048 2106 novum
1103 2033 1371 2124 potest
1414 2051 1592 2102 esse
1635 2029 1907 2121 aliqua
1965 2051 2125 2100 mu-

569 2149 805 2231 tatio,
854 2148 1045 2242 quia
1099 2169 1261 2220 non
1302 2155 1427 2220 est
1498 2147 1588 2218 ad
1634 2146 1955 2239 aliquod
2006 2147 2127 2217 ab·

572 2267 954 2339 solutum.
1002 2264 1206 2348 Quia
1268 2263 1336 2336 si
1384 2264 1611 2336 dicas
1665 2266 2140 2355 respect-um·

570 2381 924 2473 aliquem
960 2380 1338 2452 advenire
1399 2378 1915 2451 extrinsecus
1952 2378 2123 2448 sub-

559 2498 808 2590 jecto,
905 2516 1065 2570 non
1160 2501 1433 2570 tamen
1578 2492 2117 2570 fundamento,

571 2614 721 2687 hoc
781 2613 984 2685 nihil
1053 2615 1203 2696 est,
1269 2614 1457 2705 quia
1521 2612 1961 2687 relationes
2010 2611 2120 2682 in-

570 2731 974 2812 trinsecae,
1047 2732 1329 2823 utpote
1402 2729 1872 2808 similitudo,
1947 2748 2120 2819 quae

569 2846 1098 2939 consequitur
1156 2846 1625 2927 albedinem,
1715 2851 1795 2919 et
1848 2844 2121 2937 huJus-

579 2964 815 3045 modi,
908 2965 1247 3056 possunt
1307 2963 1816 3035 extrinsecus
1896 2961 2120 3032 adve-

568 3080 748 3153 nire
807 3079 1197 3173 subjecto,
1265 3080 1451 3172 quia
1514 3078 2120 3151 fundamentum

565 3199 657 3271 de
690 3219 900 3270 novo
942 3198 1308 3280 advenit;
1354 3217 1551 3290 ergo
1605 3197 1670 3269 si
1718 3197 1879 3269 illae
1933 3200 2118 3267 sunt

570 3316 1036 3389 intrinsecae
1069 3320 1151 3388 et
1192 3315 1374 3387 aliae
1416 3315 1923 3394 extrinsecae,
1960 3314 2120 3387 erit

565 3429 1021 3505 differentia
1068 3450 1342 3503 earum
1385 3430 1465 3503 in
1506 3429 2120 3522 comparatione

570 3548 662 3620 ad
698 3547 1335 3622 fundamentum.

664 3665 1097 3746 Praeterea,
1176 3683 1424 3755 agens
1500 3663 1879 3738 naturale
1957 3682 2114 3733 non

575 3783 844 3872 potest
886 3799 1131 3871 agere
1179 3781 1268 3853 de
1319 3802 1553 3862 novo,
1609 3778 1766 3852 nisi
1816 3780 2116 3871 aliquid

572 3901 925 3989 ponatur
964 3916 1289 3982 novum,
1324 3898 1448 3968 vel
1483 3899 1564 3970 in
1600 3899 1802 3990 ipso,
1856 3898 1982 3969 vel
2037 3898 2115 3969 in

569 4033 837 4107 passo,
912 4014 1037 4085 vel
1104 4012 1487 4085 habitudo
1555 4032 1753 4084 nova
1825 4035 2111 4086 eorum

563 4132 740 4218 (hoc
803 4133 1170 4223 apparet,
1234 4130 1421 4221 quia
1494 4129 1865 4201 omnibus
1930 4129 2113 4204 istis

566 4244 1093 4321 uniformiter
1128 4266 1211 4318 se
1268 4246 1771 4328 habentibus,
1809 4247 2112 4319 unifor-

569 4364 721 4436 mis
791 4363 951 4439 erit
1039 4363 1279 4447 acti0,
1353 4383 1537 4435 cum
1617 4363 1778 4436 tale
1867 4381 2111 4453 agens

564 4486 757 4573 agat
795 4502 894 4554 ex
944 4482 1430 4555 necessitate
1469 4483 1869 4571 naturae);
1912 4499 2112 4572 ergo

564 4600 633 4670 si
705 4598 1026 4689 aliquod
1105 4616 1353 4687 agens
1420 4597 1796 4671 naturale
1874 4596 2114 4671 habet

562 4713 919 4805 aliquam
951 4711 1354 4785 actionem
1409 4732 1725 4795 novam,
1771 4713 1896 4784 vel
1952 4712 2113 4787 erit

563 4830 836 4921 aliqua
885 4820 1153 4900 forma
1202 4827 1578 4900 absoluta
1630 4832 1816 4900 ante
1868 4828 2109 4901 istam

566 4944 970 5018 actionem
1061 4962 1345 5014 novam
1434 4943 1512 5016 in
1602 4948 1915 5035 agente,
1986 4946 2111 5015 vel

566 5062 729 5135 alia
787 5080 997 5133 nova
1047 5059 1127 5131 in
1195 5081 1464 5153 passo,
1536 5061 1662 5132 vel
1729 5061 2110 5136 habitudo

563 5198 773 5251 nova
813 5177 1131 5269 agentis
1192 5179 1286 5250 ad
1346 5197 1701 5271 passum.
1769 5178 1915 5251 Sed
1968 5198 2110 5251 nec

564 5295 948 5390 primum,
993 5315 1138 5367 nec
1191 5296 1624 5368 secundum
1672 5296 1796 5368 est
1855 5315 2111 5367 neces-

463 5473 479 5482 ..
565 5414 903 5510 sarium.
950 5414 1228 5485 Potest
1262 5412 1477 5484 enim
1528 5412 1737 5503 ignis
1769 5412 1859 5483 de
1902 5432 2110 5483 novo

496 5538 809 5624 *agere
853 5528 931 5601 in
973 5529 1309 5621 lignum,
1365 5529 1661 5620 absque
1714 5528 1862 5601 hoc
1908 5528 2112 5620 quod

1768 364 1914 425 LIB.
1945 363 2048 425 w.
2077 359 2673 426 SRN'I'ENTIARUM

2247 519 2692 594 anteistam
2742 524 3153 596 actionem
3195 523 3407 614 ignis
3455 524 3795 618 recipiat

2242 654 2533 706 novam
2578 635 2955 719 formam,
3018 639 3142 710 vel
3218 638 3547 728 lignum,
3615 639 3800 731 quia

2243 753 2507 842 prima
2567 748 2833 824 forma
2882 753 3282 838 absoluta,
3321 774 3558 845 quam
3605 757 3802 829 reci·

2245 868 2362 961 pit
2439 869 2779 959 lignum,
2853 873 2976 940 est
3059 890 3203 961 per
3265 873 3508 943 istam
3603 872 3796 945 acti·

2245 1004 2518 1066 onem;
2563 1004 2761 1076 ergo
2829 989 2955 1058 est
2992 1005 3204 1057 nova
3252 985 3628 1059 habitudo
3676 988 3794 1080 ig-

2242 1098 2379 1171 nis
2438 1101 2534 1172 ad
2578 1100 2885 1191 lignum
2937 1099 3234 1193 absque
3291 1106 3510 1178 omni
3566 1109 3793 1180 novi-

2245 1217 2410 1288 tate
2497 1212 2784 1288 formae
2843 1217 3261 1291 absolutae.
3337 1222 3504 1294 Hoc
3573 1228 3794 1315 patet

2240 1330 3028 1422 experimentaliter,
3102 1337 3290 1427 quia
3349 1337 3618 1411 activo
3668 1361 3788 1412 eo-

2237 1446 2413 1518 dem
2478 1450 2709 1521 modo
2772 1470 2856 1521 se
2915 1451 3283 1538 habente,
3357 1455 3786 1528 secundum

2243 1565 2690 1652 potentiam
2742 1565 3124 1654 activam,
3173 1576 3253 1643 et
3300 1571 3627 1661 passivo
3670 1594 3789 1643 se-

2239 1681 2584 1752 cundum
2637 1685 3081 1774 potentiam
3137 1688 3545 1778 passivam
3608 1710 3788 1783 pro-

2235 1795 2571 1879 ximam,
2637 1796 2704 1868 si
2763 1798 3013 1873 fuerit
3071 1801 3394 1893 aliquod
3453 1803 3783 1897 impedi·
3836 1820 3986 1868 ‘rext-
4024 1818 4112 1869 ¹9.

3862 1886 3914 1929 et
3941 1882 4088 1929 inde.

2240 1919 2599 1985 mentum
2674 1915 3250 2008 interpositum
3303 1921 3519 1992 inter
3595 1919 3779 2004 ista,
3845 1944 4123 2002 Quomodo

3828 2019 3929 2053 non
3958 2008 4127 2054 detur

2237 2046 2396 2097 non
2454 2035 2639 2120 aget
2699 2032 2912 2104 istud
2952 2053 3201 2124 agens
3262 2035 3336 2106 in
3402 2055 3777 2129 passum,
3838 2072 4011 2117 motus
4063 2068 4119 2116 1„

2227 2146 2511 2217 amoto
2555 2150 2824 2220 autem
2859 2151 3018 2222 isto
3052 2152 3621 2245 impedimento
3653 2156 3780 2227 vel
3807 2131 3886 2203 Ad
3908 2129 4137 2248 ffffiid’

2240 2266 2684 2351 obstacu10,
2731 2275 2954 2360 aget3
2990 2291 3188 2364 ergo
3241 2278 3363 2344 est
3414 2274 3521 2346 ibi
3571 2295 3779 2347 nova
3809 2262 4152 2366 εἷῗξῗῃξῖζ,

2235 2382 2614 2459 habitudo
2683 2389 2999 2478 agentis
3077 2391 3171 2462 ad
3231 2412 3559 2483 passum
3616 2392 3787 2464 sine

2237 2523 2444 2574 nova
2477 2504 2746 2579 forma
2789 2507 3188 2583 absoluta.
3230 2513 3449 2585 Istud
3503 2512 3781 2605 proba-

2235 2624 2375 2693 tur
2460 2644 2557 2694 ex
2628 2625 3074 2700 intentione
3159 2629 3631 2722 Philosophi
3719 2637 3780 2699 5.

2237 2741 2512 2826 physic.
2604 2742 2791 2833 quia
2870 2743 3061 2818 licet
3144 2753 3383 2837 neget
3473 2754 3781 2820 motum

2237 2884 2415 2937 esse
2468 2865 2543 2936 in
2600 2871 2705 2938 Ad
2742 2873 3029 2959 aliqu-id,
3077 2877 3322 2984 prout
3383 2874 3475 2945 ad
3527 2892 3780 2965 genus

2234 2984 2340 3049 Ad
2397 2987 2660 3073 aliquid
2703 2987 3112 3078 pertinent
3175 2990 3618 3064 relationes
3672 2991 3782 3062 in-

2235 3093 2640 3175 trinsecus
2685 3105 3225 3189 advenientes,
3311 3126 3471 3179 non
3540 3111 3784 3199 negat

2235 3222 2504 3290 tamen
2609 3226 2945 3306 motum,
3025 3226 3148 3297 vel
3248 3225 3783 3298 mutationem

2231 3355 2406 3406 esse
2488 3338 2564 3409 in
2624 3342 2727 3406 Ad
2784 3343 3049 3428 aliquid
3117 3341 3609 3416 intrinsecus
3656 3344 3779 3413 ad-

2229 3453 2585 3538 venienS,
2668 3457 2831 3530 imo
2917 3459 3302 3533 concedit.
3401 3459 3782 3533 Concedit

2231 3570 2445 3642 enim
2514 3574 2594 3644 in
2663 3592 2959 3665 genere
3024 3580 3136 3644 ubi
3211 3597 3387 3648 esse
3467 3583 3775 3649 motum

2237 3688 2590 3779 proprie,
2652 3696 2731 3764 et
2782 3697 3055 3765 tamen
3095 3695 3205 3761 ubi
3254 3714 3415 3765 non
3454 3697 3570 3766 est
3619 3694 3777 3766 nisi

2237 3812 2652 3897 respectus
2742 3808 3061 3900 quidam
3156 3811 3534 3904 corporis
3624 3813 3776 3885 cir-

2232 3924 2856 3998 cumscribentis
2898 3928 2993 3998 ad
3045 3927 3427 4010 locatum,
3481 3930 3608 4002 vel
3663 3930 3779 4001 lo-

2230 4040 2391 4113 cati
2424 4039 2518 4112 ad
2553 4060 2850 4135 corpus
2884 4042 3594 4117 circumscribens,

2676 4317 3319 4387 COMMENTARIUS.

2306 4603 2398 4685 (b)
2449 4609 2691 4666 Contra
2732 4606 2925 4677 istud,
2973 4611 3098 4669 etc.
3151 4608 3260 4668 Hic
3305 4616 3531 4686 posset
3557 4612 3767 4678 fusius

2230 4721 2638 4783 tractariilla
2686 4724 2954 4802 quaestio
3001 4723 3084 4784 de
3130 4726 3416 4789 essentia
3468 4736 3533 4790 et
3574 4730 3771 4795 diffe-

2226 4841 2438 4900 rentia
2493 4839 2824 4901 relationis
2880 4838 3286 4902 extrinsecus
3329 4841 3768 4923 advenientis,

2227 4953 2349 5016 sed
2393 4954 2543 5032 quia
2587 4953 2718 5014 haec
2760 4969 2842 5015 ex
2885 4952 3182 5029 professo
3241 4961 3552 5021 tractatur
3594 4963 3774 5039 infra

2226 5074 2370 5133 ἀίει.
2409 5071 2500 5131 13.
2534 5084 2667 5131 non
2714 5075 2815 5131 est
2843 5073 3050 5131 visum
3085 5070 3226 5149 ,iam
3273 5073 3625 5150 plurimum
3674 5077 3768 5140 in-

2226 5189 2511 5260 haerere;
2557 5193 2655 5248 est
2698 5187 2870 5248 enim
2901 5185 3354 5265 philosophica
3396 5190 3765 5269 difficultaS,

2227 5320 2425 5383 quam
2474 5320 2605 5364 non
2649 5304 2930 5365 libenter
2976 5305 3068 5366 rei
3112 5307 3522 5387 Theologicae
3569 5309 3772 5372 admi-

2227 5437 2405 5493 sce0,
2459 5420 2579 5482 nisi
2628 5436 2750 5498 per
2796 5437 2868 5484 se
2917 5423 3292 5485 necessaria
3339 5425 3422 5484 sit
3488 5424 3574 5487 ad
3625 5424 3771 5504 ejus

2230 5536 2762 5599 declarationem.
2800 5538 2863 5599 In
2916 5539 3039 5600 hac
3093 5544 3311 5602 autem
3361 5538 3768 5614 difficultate,
3813 5530 3816 5531 ⁷
