4287 6313
561 410 671 487 164

554 607 688 666 um,
771 584 1154 675 justificatio
1231 583 1297 650 in
1383 579 1677 668 parvulis
1783 572 2089 642 meritum

553 704 793 774 Christi
824 717 887 772 et
934 708 1449 772 Sacramentum.

244 828 493 945 Instggtia
643 825 721 888 Et
751 820 804 887 si
845 820 987 887 haec
1026 818 1306 906 rejiciaS,
1343 813 1665 901 responde
1695 811 1775 879 ad
1846 812 2092 877 instan-

204 957 530 1030 prodqeiione
558 937 712 1003 tiam
753 936 834 1003 de
880 935 1208 1003 creatione
1251 931 1491 999 animae
1531 926 1893 1006 rationalis,
1943 924 2097 1011 quia

220 1037 503 1135 raissiffiii's.
551 1056 672 1120 etsi
720 1054 798 1121 ad
862 1074 1004 1120 eam
1059 1052 1249 1118 detur
1306 1046 1647 1135 dispositio
1707 1065 1787 1111 ex
1868 1055 2097 1108 natura

551 1171 667 1252 rei,
707 1180 776 1237 ut
805 1169 1239 1237 communiter
1286 1165 1545 1244 dicitur,
1592 1182 1720 1228 non
1752 1173 1850 1226 est
1880 1170 2096 1225 tamen

549 1286 890 1373 dispositio
941 1282 1347 1352 necessitatis
1412 1302 1525 1367 per
1594 1301 1665 1345 se
1731 1298 1812 1343 ex
1865 1285 2097 1341 natura

554 1402 672 1483 rei,
726 1400 1117 1468 secludendo
1183 1395 1795 1465 determinationem
1848 1402 1913 1457 et
1981 1411 2098 1476 pa-

549 1530 723 1585 ctum
800 1538 1016 1584 causae
1074 1514 1328 1602 primae,
1410 1531 1559 1602 quae
1631 1505 2098 1575 determinavit

551 1635 857 1722 supplere
884 1634 1061 1701 vires
1101 1645 1374 1707 naturae,
1420 1642 1483 1695 et
1513 1627 1824 1695 assistere
1863 1623 1949 1703 ei,
1987 1620 2100 1689 ubi

551 1750 763 1818 virtus
812 1751 955 1838 ejus
993 1748 1240 1829 deficit,
1310 1744 1602 1834 alioquin
1641 1762 1790 1809 cum
1836 1739 1924 1806 sit
1961 1758 2100 1804 cre-

551 1880 678 1948 ata,
746 1888 873 1933 non
933 1874 1278 1952 repugnat,
1323 1861 1666 1949 supposito
1704 1876 1973 1943 corpore
2032 1854 2099 1920 in

551 1986 728 2053 omni
761 1984 1192 2071 dispositione
1241 1979 1527 2067 perfecta
1585 1974 1889 2054 naturali,
1966 1992 2091 2038 non

553 2101 898 2168 infundere
945 2099 1253 2176 animam,
1300 2108 1411 2162 aut
1463 2093 1744 2160 infusam
1796 2110 2102 2177 separare

554 2219 696 2285 sine
728 2216 971 2304 praevia
1009 2214 1426 2300 corruptione
1464 2208 1790 2297 corporis.

315 2352 392 2403 37.
641 2331 823 2410 Quod
891 2334 946 2398 si
1005 2330 1183 2396 dicas
1250 2327 1618 2413 subjectum
1687 2345 1835 2391 esse
1895 2341 2098 2408 capax

557 2450 819 2529 animae,
856 2469 986 2514 non
1018 2445 1239 2525 refert,
1285 2443 1438 2531 quia
1469 2442 1563 2510 sic
1603 2462 1684 2508 ex
1728 2437 2099 2525 Augustino

558 2580 621 2632 et
669 2578 892 2633 nostro
926 2569 1220 2641 Doctore,
1286 2560 1502 2627 anima
1547 2567 1765 2624 nostra
1797 2554 1954 2622 dicit
1995 2554 2098 2619 in-

556 2682 971 2749 clinationem
1041 2678 1401 2747 naturalem
1443 2675 1522 2741 ad
1559 2682 1821 2742 xformas
1881 2690 2103 2757 super-

558 2800 908 2879 naturaleS,
946 2811 1017 2865 ut
1045 2817 1164 2865 suo
1202 2796 1342 2862 loco
1392 2792 1746 2860 videbitur.
1821 2787 2103 2874 Disposi-

556 2915 645 2980 tio
687 2915 904 3000 itaque
932 2932 1012 2978 ex
1077 2922 1258 2997 parte
1287 2904 1562 2993 subjecti
1613 2903 1770 2970 dicit
1799 2899 2103 2969 determi-

559 3029 885 3096 nationem
925 3027 1067 3114 ejus
1107 3024 1185 3091 ad
1217 3019 1658 3108 recipiendam
1709 3019 1981 3084 formam
2022 3017 2101 3082 ab

557 3158 815 3235 agente,
854 3146 1004 3233 quia
1036 3140 1310 3209 includit
1351 3137 1918 3226 impedimentum,
1957 3133 2100 3201 ideo

558 3276 771 3333 autem
839 3260 1076 3327 dicitur
1116 3256 1518 3325 necessitans
1561 3265 1858 3340 respectu
1908 3271 2102 3337 agen·

560 3379 670 3459 tia,
707 3379 811 3446 vel
842 3378 994 3466 quia
1031 3395 1237 3462 agens
1278 3393 1358 3439 ex
1419 3370 1626 3436 forma
1683 3388 1801 3436 sua
1860 3381 1959 3434 est
1999 3368 2105 3433 de-

557 3495 977 3563 terminatum
1008 3491 1457 3586 adactionem
1485 3487 1550 3553 in
1584 3487 1881 3574 subjecto
1914 3505 2104 3571 capa-

554 3611 639 3693 ci,
675 3622 740 3678 et
778 3611 922 3677 sine
967 3606 1438 3695 impedimento
1499 3603 1846 3691 applicat0‚
1895 3613 1966 3667 ut
2006 3613 2105 3667 est

553 3747 757 3814 agens
788 3723 1081 3791 naturale
1117 3746 1132 3802 ;
1178 3721 1307 3801 vel,
1346 3720 1400 3788 si
1441 3730 1541 3786 est
1598 3717 1906 3798 liberum,
1964 3716 2100 3804 jam

552 3842 1024 3909 determinatur
1064 3860 1140 3906 ex
1171 3835 1623 3925 suppositione
1648 3832 1883 3920 prioris
1920 3844 2104 3898 actus

554 3979 694 4026 suae
743 3955 1121 4035 voluntatis,
1177 3974 1324 4041 quae
1390 3951 1586 4017 infert
1650 3948 2102 4016 necessitatem

239 2845 282 2894 D
292 2845 436 2907 isposi
444 2844 513 2893 tio

238 2908 485 2977 quomodo

264 2984 476 3018 necessi-

296 3031 440 3081 tansi

556 4084 918 4152 secundum
1003 4082 1188 4169 quid.
1263 4080 1443 4146 Sicut
1518 4089 1735 4144 autem
1800 4079 1994 4154 DeuS,
2035 4085 2106 4140 ut

555 4223 782 4278 auctor
841 4221 1118 4285 naturas,
1181 4228 1261 4273 ex
1335 4215 1521 4291 pacto
1588 4202 1841 4269 assistit
1887 4199 2103 4267 causis

559 4334 993 4414 naturalibuS,
1040 4328 1404 4398 ubideficit
1464 4347 1688 4394 earum
1767 4326 1975 4392 virtus
2044 4336 2108 4390 et

230 4483 507 4547 Dispositio
561 4460 871 4549 perfectio
943 4470 1221 4539 naturae,
1268 4467 1337 4523 ut
1397 4453 1688 4542 procedit
1726 4474 1761 4520 a
1828 4473 1947 4518 suo
1987 4471 2106 4516 au·

237 4547 764 4672 supssr‘imtu-ctore,
817 4605 965 4671 quae
1004 4582 1212 4670 exigit
1258 4580 1560 4658 formam,
1609 4579 1696 4644 ita
1745 4576 1966 4656 etiam,
2034 4586 2103 4641 ut

322 4671 448 4782 ‘22:¹⁸
566 4725 790 4779 auctor
820 4707 1440 4794 supernaturalium,
1478 4702 1804 4790 disposuit
1851 4701 2109 4767 ordina-

292 4795 465 4845 divina
845 4833 856 4845 .
1341 4830 1351 4842 .
1598 4827 1610 4840 .
1670 4828 1682 4839 .

247 4859 514 4931 proqiden·
569 4848 634 4901 te
691 4832 902 4900 media
969 4830 1356 4898 sublevandi
1437 4829 1724 4894 hom1n1s
1764 4826 1843 4892 ad
1910 4845 2103 4892 suum

334 4926 430 4973 ²¹⁸⁸
572 4957 794 5039 finem,
840 4956 1077 5043 quibus
1152 4953 1454 5020 similiter
1520 4972 1602 5018 ex
1695 4961 1882 5035 pacto
1940 4947 2109 5014 assi-

566 5084 701 5151 stit.
730 5086 808 5149 Et
839 5083 1007 5149 sicut
1045 5081 1110 5147 in
1142 5079 1248 5145 his
1281 5099 1357 5144 ex
1393 5076 1829 5165 providentiae
1861 5073 2107 5139 divinae

567 5228 742 5276 mera
826 5204 1255 5293 dispositione
1357 5213 1659 5269 servatur
1725 5199 1883 5266 ordo
1977 5197 2104 5284 pri-

560 5334 694 5402 oris
746 5345 807 5402 et
840 5330 1247 5419 posterioris,
1302 5329 1389 5396 ita
1439 5329 1622 5415 prius
1654 5326 1732 5394 ad
1776 5325 2101 5414 posterius

557 5460 870 5548 disponit,
943 5469 1013 5526 ut
1069 5477 1198 5522 non
1264 5455 1606 5541 contingat
1688 5454 1768 5520 de
1817 5450 2107 5539 potentia

553 5586 886 5660 ordinaria
996 5583 1151 5672 poni
1249 5582 1468 5670 ipsum
1549 5580 1690 5646 sine
1777 5600 1897 5647 suo
1974 5579 2111 5665 pri-

1704 408 1848 475 LlB.
1881 409 1984 474 lv.
2030 396 2629 470 SENTENTIARUM

2205 570 2326 650 ori,
2362 582 2433 637 ut
2460 566 2737 656 gloriam
2779 563 2922 632 sine
3004 558 3238 630 merito
3297 552 3583 647 propri0,
3644 547 3750 618 vel

2208 680 2477 750 Christi.

2296 804 2418 867 Per
2447 797 2620 885 quod
2652 793 3062 882 explicantur
3101 788 3211 856 illa
3282 785 3484 853 verba
3523 788 3746 851 Docto·
3889 786 3972 837 38·

2210 918 2299 985 ris
2366 916 2434 981 in
2475 915 2684 1003 primo
2754 911 3046 978 membro
3113 907 3311 994 hujus
3347 902 3744 991 argumenti,

2212 1031 2330 1103 ubi
2370 1034 2645 1121 loquens
2703 1029 2781 1096 de
2822 1027 2928 1094 illa
2978 1025 3220 1091 virtute
3277 1022 3597 1109 impressa
3665 1017 3751 1083 si-

2212 1172 2344 1238 gno
2375 1146 2671 1216 sensibili
2699 1141 3159 1213 antecedenter
3190 1139 3268 1206 ad
3319 1158 3513 1206 usum
3551 1158 3566 1202 ε
3602 1135 3752 1203 Non

2211 1266 2531 1352 sequitur,
2603 1259 2838 1348 inquit,
2901 1258 3093 1345 quasi
3141 1254 3231 1320 ad
3287 1250 3570 1339 aliquid,
3632 1269 3758 1337 per

2211 1381 2385 1469 quod
2410 1388 2626 1467 posset
2673 1377 2812 1443 dici
2843 1385 3161 1460 tanquam
3196 1389 3592 1456 consequens
3622 1387 3752 1432 na-

2216 1494 2528 1563 turaliter
2547 1496 2692 1561 sine
2721 1492 3068 1569 miracul0,
3117 1501 3243 1556 etc.
3299 1487 3364 1574 ly
3413 1482 3758 1552 naturali—

2216 1625 2315 1681 ter
2380 1611 2791 1699 intelligitur,
2859 1628 2987 1675 non
3051 1606 3235 1694 quasi
3285 1602 3609 1671 connexio
3678 1598 3762 1666 sit

2215 1753 2294 1797 ex
2364 1742 2595 1796 natura
2656 1726 3010 1792 formarum
3083 1720 3458 1798 intrinseca,
3544 1713 3759 1803 qualis

2215 1857 2310 1913 est
2351 1845 2521 1911 inter
2561 1844 2830 1909 formam
2883 1840 3059 1929 ignis
3118 1848 3182 1905 et
3222 1834 3483 1913 caloris,
3538 1830 3651 1899 sed
3693 1840 3763 1896 ut

2215 1961 2488 2029 includit
2525 1960 3026 2047 dispositionem
3070 1976 3289 2024 causae
3328 1951 3753 2030 extrinsecae,

2215 2092 2279 2146 et
2344 2079 2639 2146 ordinem
2708 2075 2902 2142 medii
2960 2075 3040 2142 ad
3100 2073 3321 2150 finem,
3362 2082 3431 2136 ut
3462 2066 3650 2134 facile
3678 2086 3759 2132 ex
3790 2070 4105 2181 fficffiffiffl'

2215 2194 2643 2284 responsione
2707 2192 2787 2259 ad
2853 2191 3284 2279 quaestionem
3339 2183 3752 2272 intelligitur,
3836 2257 3847 2267 .
3908 2200 4025 2265 est·

2216 2313 2326 2379 ubi
2356 2311 2451 2378 sic
2488 2311 2646 2378 dicit
2684 2309 3007 2376 actionem
3040 2303 3576 2375 sacramentalem
3610 2319 3754 2367 esse
3799 2260 4078 2323 d¹sp⁰⁸¹t¹⁰'

2217 2427 2711 2515 dispositionem
2757 2425 3040 2513 priorem
3132 2421 3211 2489 ad
3252 2418 3748 2508 productionem

2216 2544 2469 2632 gratiae.
2525 2542 2800 2619 Quando
2856 2551 3073 2606 autem
3141 2548 3336 2625 negat
3405 2533 3561 2601 alibi
3602 2553 3757 2599 cau-

2216 2681 2354 2726 sam
2441 2658 2800 2726 naturalem
2872 2655 3197 2741 attingere
3250 2649 3749 2740 dispositionem

2217 2776 2293 2842 ad
2326 2775 2633 2862 gratiam,
2677 2784 2787 2840 aut
2817 2770 3203 2859 simpliciter
3234 2764 3757 2856 supernaturale,

2217 2891 2625 2978 intelligitde
2645 2888 3076 2977 dispositione
3103 2885 3297 2974 priori
3336 2883 3525 2951 modo
3548 2904 3627 2949 ex
3653 2900 3768 2946 na·
3811 2923 3817 2929 ·

2217 3019 2364 3073 tura
2394 3008 2779 3084 formarum,
2813 3024 3171 3092 earumque
3213 3000 3624 3068 connexione
3665 3019 3765 3066 se-

2216 3123 2502 3191 cundum
2539 3122 2937 3211 exigentiam
2980 3119 3348 3208 physicam.

3799 1116 4078 1182 Explicatio

3805 1180 4063 1231 clausulae.

2309 3258 2404 3324 Ad
2450 3256 2858 3344 propositum
2912 3256 3128 3341 itaque
3168 3252 3483 3340 supponit
3531 3254 3766 3317 Doctor
3812 3236 4091 3350 Reffigun„

2218 3395 2364 3442 esse
2412 3373 2907 3453 inconvenienS,
2965 3371 3019 3437 si
3076 3369 3290 3437 virtus
3342 3368 3448 3434 illa
3495 3367 3765 3454 physica
3836 3367 4073 3474 dictffad

2218 3505 2283 3559 et
2318 3492 2551 3570 activa,
2588 3489 3043 3556 infunderetur
3075 3487 3267 3574 signo
3307 3483 3604 3552 sensibili
3644 3503 3762 3549 an-
3837 3488 4076 3599 pagg&-

2217 3619 2281 3674 te
2311 3627 2503 3675 usum
2553 3608 2719 3694 ejus,
2766 3603 2919 3690 quia
2968 3624 3199 3690 nempe
3240 3600 3580 3688 productio
3619 3599 3764 3686 ejus
4005 3587 4018 3601 ”

2218 3734 2389 3791 esset
2429 3720 2843 3801 miraculosa,
2896 3730 2961 3786 et
3001 3731 3239 3805 praeter
3269 3737 3534 3784 cursum
3586 3713 3765 3780 ordi-

2221 3838 2475 3905 narium
2506 3836 2751 3904 divinae
2785 3834 3238 3923 providentiae,
3276 3833 3426 3920 quia
3457 3842 3632 3898 esset
3653 3851 3770 3917 per

2217 3955 2537 4022 actionem
2577 3953 2895 4032 divinam,
2932 3962 2993 4019 et
3020 3971 3147 4017 non
3181 3970 3296 4036 per
3326 3948 3609 4036 aliquam
3636 3947 3769 4014 dis-

2221 4071 2610 4160 positionem
2644 4079 3023 4156 perpetuam
3060 4067 3204 4132 sive
3246 4064 3572 4131 firmatam
3616 4083 3770 4130 cum

2219 4180 2527 4261 Ecclesia,
2572 4180 2744 4266 quod
2785 4177 3258 4244 inconveniens
3291 4186 3413 4254 est,
3451 4174 3604 4263 quia
3651 4174 3769 4241 mi·
3807 4176 4108 4289 issssffibsstffi

2222 4298 2562 4365 nisterium
2621 4300 3191 4363 Sacramentorum
3242 4301 3492 4379 spectat
3543 4290 3621 4357 ad
3655 4294 3769 4357 Ec·
3914 4316 4007 4350 aas

2220 4413 2510 4480 clesiam.
2569 4412 2751 4479 Unde
2801 4412 2949 4478 sine
2998 4409 3363 4477 intentione
3414 4408 3580 4495 ejuS,
3624 4427 3773 4495 quae
3845 4363 4091 4416 allatum.

2222 4532 2514 4598 salvatur
2552 4530 2619 4596 in
2653 4530 2977 4608 ministr0,
3025 4526 3185 4592 nihil
3220 4524 3313 4604 fit,
3356 4538 3426 4591 ut
3467 4523 3628 4590 fides
3659 4523 3771 4590 do·

2222 4658 2346 4728 cet,
2420 4644 2900 4733 quantumlibet
2964 4642 3228 4730 signum
3307 4640 3777 4708 sacramentale

2224 4762 2435 4850 quoad
2476 4761 2751 4827 formam
2802 4771 2865 4825 et
2905 4757 3243 4824 materiam
3286 4755 3666 4844 perficiatur
3714 4767 3779 4822 et

2224 4877 2607 4964 applicetur,
2646 4876 2816 4964 quod
2864 4874 3103 4941 falsum
3135 4884 3334 4953 esset,
3371 4872 3425 4939 si
3480 4873 3542 4938 in
3583 4872 3776 4959 signo

2225 4993 2518 5059 sensibili
2551 4989 3011 5058 antecedenter
3041 4988 3117 5055 ad
3157 5009 3347 5055 usum
3382 4989 3526 5076 ejus
3560 4986 3771 5054 infun·

2225 5107 2488 5174 deretur
2518 5107 2757 5187 virtuS,
2801 5105 2952 5193 quia
2992 5123 3190 5170 causa
3220 5101 3456 5169 efficax
3487 5101 3775 5188 applica-

2230 5235 2290 5291 ta
2341 5224 2635 5311 subjecto
2690 5219 2935 5307 capaci,
3000 5231 3064 5285 et
3124 5218 3269 5285 sine
3309 5216 3779 5304 impedimento

2227 5351 2451 5406 causat
2481 5359 2673 5406 suum
2715 5337 3045 5403 effectum.
3082 5333 3363 5400 Intentio
3397 5344 3614 5400 autem
3663 5334 3779 5399 Ec·
3842 5336 4126 5452 31¹3th

2226 5456 2443 5524 clesiae
2492 5476 2605 5522 seu
2662 5452 2972 5533 ministri,
3018 5473 3146 5517 non
3186 5449 3509 5518 antecedit
3550 5469 3766 5527 usum,
3889 5478 4048 5513 usum

2226 5574 2341 5641 sed
2369 5570 2734 5658 concipitur
2765 5568 2959 5636 simul
2992 5589 3138 5635 cum
3182 5588 3326 5648 usu,
3364 5578 3430 5633 et
3460 5564 3770 5654 exprimi·
3815 5527 4161 5641 Sat-{lamen-
