4287 6313
261 624 543 673 Monstrum

279 686 334 736 in
361 687 523 738 Gallia
534 727 545 738 .

261 1494 545 1545 Monstrum

278 1560 581 1746 ’ἒὲἓὲἕζῒν
616 1630 917 1716 partes
982 1629 1073 1701 de
1134 1632 1418 1722 quibus
1465 1634 1686 1725 patet
1735 1633 1939 1724 quod
1985 1654 2155 1725 per·
2265 1625 2487 1700 facili
2531 1629 2904 1711 inveniri,
2971 1629 3158 1702 talis
3217 1629 3554 1708 scilicet,
3612 1627 3812 1719 quod

286 1744 552 1855 hugtiznn-
612 1740 869 1816 tinent
928 1744 1020 1816 ad
1078 1745 1502 1820 distinctas
1574 1769 1989 1841 personas,
2038 1771 2153 1820 se·
2266 1763 2424 1814 non
2450 1749 2723 1836 posset
2764 1745 3179 1837 expectari
3225 1744 3644 1836 singillata
3676 1743 3804 1814 ba-

386 1825 485 1857 m.
610 1859 967 1950 paratim
1004 1858 1371 1951 perfundi
1413 1863 1735 1939 deberet
1767 1865 1924 1938 ista
1958 1885 2150 1956 pars
2265 1859 2603 1950 ptizatio
2646 1882 2956 1940 eorum,
3006 1865 3279 1933 essent
3340 1866 3612 1934 tamen
3654 1861 3805 1931 duo

604 1977 684 2046 et
752 1973 918 2055 illa,
981 1997 1165 2048 cum
1235 1979 1674 2052 iteratione
1735 1981 2018 2053 formae
2070 1981 2151 2052 in
2263 1976 2689 2067 Baptismi,
2738 1978 2947 2049 sicut
2991 1977 3291 2050 dictum
3347 1982 3471 2051 est
3531 1977 3612 2048 in
3655 1981 3812 2049 ter·

605 2092 1007 2185 singulari
1065 2117 1310 2188 super
1356 2102 1813 2191 utrumque.
1880 2098 1958 2171 Si
2010 2119 2150 2170 au·
2262 2093 2378 2165 tio
2433 2094 2794 2167 membro
2863 2093 3433 2168 distinctionis.

602 2213 763 2282 tem
819 2211 1220 2285 certitudo
1291 2212 1568 2286 haberi
1637 2234 1798 2284 non
1859 2215 2143 2306 possit,
2352 2211 2463 2281 Ad
2517 2211 2848 2283 tertiam
2901 2210 3467 2303 probationem
3522 2210 3613 2282 de
3660 2212 3806 2281 Eu-

600 2322 1126 2415 baptizandus
1213 2332 1337 2401 est
1427 2328 1716 2400 saltem
1814 2329 1890 2400 in
1984 2329 2147 2402 illis
2262 2327 2686 2406 charistia,
2753 2327 3121 2418 quamvis
3180 2329 3572 2401 Sacerdos
3625 2346 3804 2419 pro-

606 2438 998 2529 partibuS,
1086 2464 1258 2534 quae
1332 2445 1902 2537 principaliter
1973 2466 2147 2538 per·
2259 2444 2588 2516 ferendo
2662 2443 2906 2515 semel
2978 2444 3253 2525 verba,
3338 2443 3610 2535 plures
3671 2441 3802 2515 ho-

609 2554 867 2630 tinent
940 2560 1033 2631 ad
1122 2582 1395 2645 unum,
1468 2582 1648 2635 cum
1722 2564 1988 2635 forma
2035 2563 2143 2635 .in
2259 2560 2462 2633 stias
2516 2566 2937 2634 consecret
2981 2560 3248 2641 simul,
3314 2564 3585 2633 tamen
3620 2562 3804 2633 sunt

603 2670 1049 2763 singulari:
1138 2682 1218 2749 et
1314 2679 1657 2751 secundo
1736 2680 2142 2752 abluendae
2255 2677 2361 2749 ibi
2401 2677 2677 2769 plures
2721 2676 3384 2750 consecrationes
3430 2678 3800 2768 passivae.

601 2793 786 2862 sunt
838 2789 1016 2862 aliae
1061 2798 1361 2885 parteS,
1418 2816 1592 2890 quae
1634 2815 1816 2894 ‘non
1882 2796 2141 2868 viden·
2256 2795 2357 2866 Et
2435 2794 2685 2866 etiam
2775 2798 3048 2884 posset
3151 2792 3506 2875 concedi,
3598 2793 3802 2885 quod

601 2903 737 2972 tur
809 2901 1378 2995 principaliter
1449 2905 1858 2998 pertinere
1900 2908 1994 2979 ad
2054 2909 2141 2980 il·
2253 2913 2524 2981 essent
2603 2909 2875 3002 plures
2947 2909 3514 2989 Eucharistiae,
3589 2908 3800 2982 sicut

598 3017 764 3088 lum
807 3020 1189 3111 primum,
1251 3028 1331 3097 et
1391 3023 1542 3096 hoc
1603 3045 1782 3097 cum
1845 3025 2136 3109 forma,
2254 3029 2530 3121 plures
2565 3028 2880 3108 hostiae,
2920 3029 3305 3103 similiter
3344 3031 3580 3122 plura
3614 3031 3798 3104 vina

598 3156 771 3229 quae
808 3138 1201 3212 servanda
1234 3147 1356 3215 est
1392 3141 1469 3214 in
1504 3142 1694 3226 illis,
1729 3142 1819 3215 dc
1856 3144 2138 3237 quibus
2251 3148 2757 3229 consecrata,
2812 3145 3023 3221 sicut
3088 3146 3322 3240 plura
3401 3147 3612 3219 vina.

594 3258 716 3326 est
749 3255 1098 3339 dubium,
1166 3279 1339 3350 quae
1386 3261 1716 3352 ponitur
1763 3265 2134 3351 Ecceraoaq.
2340 3263 2452 3336 Ad
2513 3264 2944 3335 secundum
3005 3264 3205 3346 dico,
3263 3264 3464 3356 quod
3517 3265 3595 3336 in
3656 3265 3794 3337 ali-
3819 3286 3900 3335 Ar
3929 3301 4051 3360 ρῳ.
4091 3289 4152 3342 2.

594 3372 676 3438 de
735 3375 1076 3460 Baptismo
1126 3388 1185 3442 et
1242 3382 1383 3465 eju-s
1434 3382 1694 3465 effectu,
1766 3383 1982 3467 capite
2059 3383 2141 3447 dc
2252 3401 2405 3472 quo
2511 3384 3014 3455 concurrunt
3090 3381 3351 3474 plura,
3443 3357 4158 3476 quorumbaptffissfis,

594 3489 850 3575 quibu-s.
2253 3496 2655 3589 quodlibet
2716 3497 2887 3569 sine
2946 3497 3106 3569 auo
3168 3502 3291 3571 est
3361 3496 3662 3590 aliquid
3714 3499 3789 3570 in
3838 3475 4136 3602 ,aggffiz

2254 3632 2362 3693 se,
2437 3613 2514 3683 et
2580 3612 2791 3686 sicut
2841 3616 2963 3685 est
3017 3612 3312 3706 aliquis
3364 3611 3443 3684 in
3496 3635 3603 3696 se,
3679 3614 3795 3686 ita
3856 3600 4117 3728 Baggsm·

1172 3721 1567 3781 SCHOLIUM·
2252 3732 2524 3821 potest
2601 3749 3081 3821 permanere
3157 3735 3245 3804 ut
3314 3730 3421 3804 sit
3495 3730 3796 3821 aliquid

2251 3842 2534 3928 totius,
2600 3843 2811 3919 sicut
2882 3850 3006 3920 est
3069 3846 3145 3919 in
3214 3847 3355 3920 illo
3426 3846 3798 3939 exemplo

658 3942 715 3996 Si
753 3946 987 3999 constat
1021 3947 1360 4001 monstrum
1408 3944 1642 4003 habere
1673 3946 1827 4005 duas·
1876 3953 2138 4020 animas,
2251 3968 2341 4040 de
2377 3968 2744 4061 partibus
2777 3966 3085 4038 domus·
3133 3966 3304 4039 HOC
3357 3969 3588 4039 modo
3639 3989 3798 4041 non

592 4052 755 4149 pars·
795 4045 1079 4110 spectans
1137 4040 1214 4096 ad
1275 4043 1433 4099 hanc
1512 4046 1806 4112 animam,
1881 4051 2138 4156 seorsim
2251 4089 2376 4158 est
2438 4085 2518 4157 in
2585 4083 3008 4177 proposito
3102 4083 3289 4175 quia
3344 4104 3484 4156 nec
3556 4085 3806 4157 verba

593 4136 982 4208 baptizanda,
1029 4153 1063 4194 a
1111 4144 1285 4210 parte
1347 4154 1487 4211 quae
1526 4147 1760 4213 spectat
1803 4143 1879 4200 ad
1928 4146 2138 4202 aliam.
2302 4199 2317 4213 ,
2704 4199 2717 4212 ,
3019 4140 3034 4163 ’
3179 4202 3181 4204 ,
3276 4198 3288 4210 .
3418 4200 3432 4213 .
3747 4199 3761 4213 .

593 4235 657 4290 Si
704 4234 965 4292 dubium
1023 4242 1134 4306 est,
1194 4253 1271 4294 an
1331 4240 1463 4296 haec
1535 4242 1638 4297 vel
1699 4242 1809 4298 illa
1869 4258 2014 4315 pars
2063 4247 2145 4303 sit
2254 4221 2426 4271 Slne
2467 4200 2883 4273 ablutlone
2957 4200 3487 4328 ‘Sunt‘allqllld
3527 4201 3804 4327 Baptl'

595 4335 857 4391 alterius
887 4337 1136 4405 animae,
1169 4338 1284 4395 suh
1322 4339 1672 4397 conditione
1704 4341 2068 4415 baptizetur.
2255 4316 2433 4398 Smi,
2500 4336 2643 4388 nec
2722 4315 3031 4388 ablutlo
3096 4335 3269 4387 Sme
3336 4316 3632 4387 Vffl'bls·
3705 4318 3806 4389 Et

1204 4490 1205 4493 η
2256 4431 2324 4504 si
2365 4432 2609 4513 dicas,
2659 4431 2950 4503 saltem
3011 4431 3150 4503 illa
3216 4436 3303 4505 ut
3345 4432 3588 4504 simul
3645 4433 3806 4505 exi-

248 4610 332 4660 Ad
364 4546 562 4675 5531·
685 4531 801 4604 Ad
835 4533 1187 4626 primum
1232 4539 1329 4625 (c)
1363 4543 1964 4628 argumentum,
2011 4563 2141 4615 an-
2256 4545 2581 4631 stentia,
2663 4551 2850 4620 sunt
2929 4548 3022 4619 ad
3093 4547 3631 4641 Baptismum,
3723 4554 3803 4623 ct

608 565 907 640 habens
949 568 1101 643 duo
1153 574 1448 665 capita,
1508 594 1855 665 quorum
1907 592 2153 645 unum

607 690 1014 781 expressit
1052 692 1266 764 nolle
1307 694 1396 765 de
1429 714 1548 776 eo,
1597 694 1687 766 de
1728 716 1885 787 quo
1940 694 2153 766 aliud

608 806 1012 897 expressit
1092 808 1321 881 velle.
1397 810 1662 886 Unum
1732 812 1949 883 enim
2017 830 2152 881 no·

606 919 759 994 luit
808 923 1251 1004 continere,
1299 930 1375 999 et
1421 927 1688 1000 sobrie
1738 928 2038 1007 vivere,
2076 932 2156 1000 et

607 1037 819 1110 aliud
865 1040 1246 1114 lascivire
1295 1049 1375 1117 et
1436 1046 1776 1136 epulari,
1836 1050 1917 1118 et
1969 1066 2153 1117 cum

607 1176 851 1227 unum
907 1179 1051 1250 per
1104 1181 1192 1233 os
1243 1183 1476 1234 suum
1528 1165 1977 1247 excederet,
2036 1184 2154 1235 re-

607 1273 915 1366 liquum
978 1280 1381 1354 clamabat
1428 1303 1511 1353 se
1562 1284 1926 1374 gravari.

699 1391 812 1463 De
883 1395 1024 1466 tali
1101 1404 1468 1471 monstro
1527 1400 1729 1480 dico,
1812 1401 2014 1492 quod
2085 1401 2151 1473 si

612 1507 1010 1583 certitudo
1082 1519 1351 1604 potest
1437 1514 1740 1594 haberi,
1814 1520 1892 1589 et
1991 1515 2150 1587 sint

596 4650 963 4722 tecedens
1015 4671 1171 4722 non
1206 4658 1328 4726 est
1379 4676 1690 4738 verum,
1746 4657 2139 4750 loquendo

593 4765 684 4837 de
756 4787 912 4838 uno
984 4769 1431 4860 Baptismo.
1513 4773 1719 4843 Nam
1800 4773 1866 4846 si
1937 4776 2137 4847 idem

594 4881 951 4974 baptizat
1015 4884 1313 4976 plures,
1379 4886 1528 4959 hoc
1579 4892 1703 4960 est
1773 4890 2138 4980 pluribus

597 4997 1282 5091 baptizationibus
1380 5004 1753 5095 passivis,
1851 5011 1932 5079 et
2025 5010 2141 5081 ita

597 5120 785 5189 sunt
857 5118 1132 5208 plures
1208 5118 1829 5212 baptizationes
1896 5126 1996 5197 Et
2074 5126 2140 5197 si

595 5229 963 5307 intendat
1068 5235 1420 5325 probare
1520 5237 1940 5329 majorem,
2022 5241 2140 5312 lo-

600 5348 906 5438 quendo
989 5348 1079 5420 de
1170 5351 1404 5424 unico
1485 5352 1928 5444 Baptismo,
2024 5378 2141 5429 re-

597 5466 974 5558 spondeo,
1068 5469 1270 5558 quod
1357 5468 1506 5541 hoc
1591 5491 1753 5542 non
1850 5475 2140 5565 probat

596 5583 863 5676 prima
927 5584 1306 5676 probatio
1365 5588 1455 5657 de
1542 5588 1820 5693 mpltis
1900 5591 2138 5663 simul

1827 412 1970 475 [ΑΒ.
2003 413 2103 475 1V.
2136 405 2728 479 SEN'I'ENTIARUM

2266 576 2651 666 aspersis,
2697 580 2786 651 ut
2832 581 3053 670 patet
3089 577 3169 649 in
3258 575 3509 649 tertio
3574 592 3816 645 mem-

2265 691 2413 762 bro
2473 692 3049 767 distinctionis.

2354 810 2629 900 Neque
2673 813 3017 883 secunda
3064 811 3438 904 probatio
3471 810 3560 882 de
3597 827 3813 880 mon-

2269 924 2494 1006 stris,
2563 927 2752 1018 quia
2794 928 2859 1000 si
2922 933 3192 1002 essent
3232 929 3403 1000 duae
3445 946 3814 1020 personae

2269 1040 2347 1112 in
2402 1048 2799 1126 monstro,
2837 1049 3107 1119 essent
3159 1044 3638 1136 singillatim
3684 1042 3812 1114 ba-

2268 1156 2714 1247 ptizandae;
2797 1161 2923 1230 vel
3004 1160 3072 1231 si
3154 1158 3394 1230 simul
3458 1157 3808 1249 baptiza-

2271 1276 2557 1345 rentur
2595 1275 2744 1349 hac
2797 1277 3113 1348 forma:
3155 1281 3296 1366 Εῃο
3360 1280 3639 1364 Baptizo
3670 1298 3803 1355 vos,

2268 1392 2637 1485 quamvis
2734 1396 3112 1469 minister
3177 1396 3553 1486 peccaret
3639 1393 3811 1464 sine

2265 1512 2778 1592 necessitate,
2870 1532 3043 1605 quae
3130 1532 3290 1585 non
3367 1515 3644 1604 posset
3720 1511 3810 1581 de

2255 4664 2369 4737 sic
2420 4669 2760 4756 possunt
2821 4665 3073 4739 adhuc
3132 4686 3388 4739 essea
3426 4666 3796 4750 diversiS,

2255 4778 2405 4852 hoc
2481 4799 2770 4852 verum
2855 4784 3094 4861 esset,
3200 4780 3270 4853 si
3346 4802 3507 4853 non
3583 4789 3799 4857 esset

2254 4896 2525 4968 unitas
2622 4893 3050 4970 efficientis
3162 4897 3581 4990 requisita,
3679 4900 3795 4972 in-

2258 5017 2647 5104 quantum
2744 5014 2882 5085 illa
2967 5014 3476 5088 constituunt
3547 5036 3788 5089 unum

2257 5129 2633 5220 signum;
2767 5133 2891 5202 est
3017 5133 3283 5202 autem
3402 5129 3798 5221 requisita

2255 5248 2595 5338 propter
2666 5244 3258 5318 ordinationem
3322 5245 3797 5338 principalis

2256 5361 2574 5452 agentis
2644 5364 2725 5435 et
2804 5360 3350 5442 instituentis;
3428 5365 3507 5436 et
3587 5361 3795 5436 istud

2255 5497 2414 5548 non
2457 5479 2672 5549 esset
2716 5474 3036 5567 signum
3100 5475 3410 5560 efficax,
3483 5477 3638 5549 nisi
3682 5482 3795 5550 to·

2256 5593 2548 5668 taliter
2606 5592 3226 5667 ministraretur
3274 5594 3371 5666 ab
3420 5595 3720 5667 eodem.
