4287 6313
507 386 614 447 1:34

509 567 639 615 non
686 549 830 617 ideo
862 563 1132 637 negaret
1155 556 1391 619 Doctor
1418 571 1547 617 non
1586 550 1866 636 compati
1899 569 2048 615 cum

506 664 618 731 illo
659 678 859 751 statu,
894 667 1046 754 quia
1095 669 1454 735 formaliter
1501 689 1581 735 ex
1615 667 1868 733 ratione
1916 686 2055 732 ma-

504 782 670 848 culae
706 781 798 847 illi
858 795 1280 871 repugnaret,
1346 782 1567 849 sedin
1621 802 1840 861 causa,
1904 780 2056 869 quia

508 896 818 963 nimirum
860 910 1074 964 ortum
1127 899 1323 964 habet
1352 898 1455 963 vel
1486 919 1567 963 ex
1609 897 1913 984 passione
1954 897 2055 964 vel

509 1032 591 1078 ex
629 1013 1024 1101 ignorantia,
1063 1035 1211 1102 quae
1244 1014 1351 1081 ille
1381 1026 1613 1093 statuS,
1653 1016 1842 1101 juxta
1880 1035 2087 1088 com-‚

515 1150 780 1196 munem
814 1128 1170 1217 Augustini
1210 1144 1275 1197 et
1323 1131 1868 1197 Scholasticorum
1911 1152 2057 1199 sen-

513 1246 782 1312 tentiam
855 1267 982 1312 non
1022 1247 1390 1314 admitteret
1437 1248 1513 1313 in
1570 1251 1639 1313 2.
1720 1247 1787 1313 d.
1834 1250 1943 1314 22.
1997 1259 2058 1314 et

514 1361 689 1426 alias
717 1382 911 1446 soepe.

210 1488 322 1537 Non
352 1484 458 1535 fore

215 1548 428 1598 veniale.
604 1484 986 1572 Oppositum
1021 1487 1218 1575 hujus
1241 1487 1427 1555 docet
1465 1492 1530 1555 S.
1567 1488 1848 1554 Thomas
1883 1489 1958 1554 in
1988 1491 2052 1554 2.

180 1613 462 1664 D.Thom.
513 1604 582 1669 d.
636 1606 745 1671 21.
790 1616 852 1670 et
899 1609 958 1669 1.
1018 1607 1080 1669 2.
1153 1615 1377 1690 quoest.
1434 1607 1541 1671 89.
1598 1617 1734 1670 art.
1801 1609 1864 1672 3.
1949 1603 2059 1669 ubi

511 1718 652 1804 ejus
736 1730 1304 1786 commentatores.
1405 1719 1747 1805 Sequendo
1841 1729 2056 1785 autem

411 1896 412 1899 ,
513 1835 680 1899 1ιᾶυο
709 1834 1122 1913 sententiam,
1162 1834 1413 1901 nullum
1454 1848 1630 1902 esset
1661 1836 1726 1900 in
1769 1856 1845 1902 eo
1886 1847 2058 1902 statu

514 1961 849 2035 peccatum
881 1949 1159 2028 veniale,
1204 1962 1266 2016 et
1298 1950 1884 2038 sic-{argumentum
1932 1972 2059 2017 non

515 2077 729 2154 urget.
774 2065 1222 2152 Supponendo
1293 2068 1487 2133 etiam
1533 2089 1649 2153 pro
1710 2087 1884 2135 nunc
1924 2068 2061 2154 pri-

515 2202 711 2265 mam,
801 2181 908 2270 (de
981 2183 1344 2270 quaestione
1433 2205 1560 2249 non
1650 2184 2063 2270 disputamus

515 2299 746 2385 nunc,)
804 2319 953 2386 quae
1004 2299 1215 2384 magis
1255 2298 1612 2367 conformis
1652 2312 1751 2366 est
1798 2304 2061 2387 Augus-

186 2421 462 2491 Angustia.
517 2414 654 2480 tino
687 2418 791 2480 14.
837 2415 918 2480 de
969 2416 1172 2480 Civit.
1210 2437 1356 2501 cap.
1398 2421 1502 2482 11.
1554 2428 1614 2481 et
1655 2417 1768 2482 lib.
1822 2422 1932 2484 41.
1982 2419 2064 2484 de

229 2485 431 2551 Magnst.
524 2530 682 2598 Gen.
718 2530 808 2596 ad
840 2532 1131 2596 litteram
1155 2553 1300 2617 cap.
1346 2535 1408 2597 5.
1436 2544 1502 2597 et
1540 2533 1850 2619 Magistro
1882 2536 1955 2601 in
1993 2538 2055 2601 2.

169 2654 288 2704 Non
333 2652 489 2763 infert
519 2646 586 2711 d.
624 2650 732 2714 20.
769 2648 1219 2733 Respondetur
1249 2669 1327 2714 ex
1362 2662 1622 2735 peccato
1654 2651 1915 2732 veniali,
1954 2666 2063 2719 aut

192 2729 383 2826 necteesg:
409 2732 467 2850 ⁸-
521 2774 836 2850 potestate
866 2764 942 2831 ad
978 2765 1220 2851 ipsum,
1276 2786 1404 2830 non
1449 2764 1667 2852 colligi
1727 2767 2063 2836 sufficiens

165 2845 488 2939 sacramenu.
523 2881 842 2949 motivum
873 2882 1254 2950 instituendi
1296 2884 1720 2963 Sacramenti,
1765 2886 1917 2973 quia
1959 2908 2063 2952 ne-

522 3018 649 3086 que
687 3000 767 3066 de
811 2999 976 3067 facto
1032 3001 1225 3066 etiam
1268 3004 1677 3067 Sacramenta
1730 3014 1881 3069 sunt
1929 3004 2064 3089 pri-

522 3113 729 3181 mario
760 3114 1052 3182 instituta
1092 3115 1169 3181 ad
1204 3116 1507 3183 effectum
1542 3115 1884 3185 deletionis
1911 3140 2060 3206 pec-

519 3231 643 3297 cati
684 3230 1002 3312 venialis3
1040 3231 1451 3299 sufficiebant
1482 3254 1639 3321 ergo
1685 3236 1808 3300 alia
1852 3257 2062 3302 reme-

520 3348 650 3430 dia,
703 3347 943 3435 quibus
991 3349 1070 3414 de
1129 3349 1295 3415 facto
1344 3360 1527 3418 extra
1586 3365 2061 3420 sacramentum

522 3462 802 3528 deletur.

192 3601 465 3715 Paegnium
611 3591 936 3665 Quantum
979 3600 1194 3656 autem
1235 3590 1313 3657 ad
1373 3604 1705 3677 peccatum
1768 3593 2058 3675 mortale,

222 3729 440 3776 mortate
525 3705 857 3792 sequendo
887 3707 1276 3773 sententiam
1312 3707 1599 3774 Anselmi
1644 3709 1762 3774 lib.
1820 3714 1879 3775 1.
1929 3710 2068 3776 Cur

188 3795 471 3903 ‘ffsssgfifff'
526 3822 699 3886 Deus
745 3822 959 3902 home,
1007 3823 1062 3890 si
1121 3823 1437 3889 vicissent
1485 3824 1678 3911 primi
1740 3838 2061 3910 parenteS‚

523 3937 648 4003 sibi
705 3949 770 4003 et
807 3937 1086 4022 posteris
1146 3938 1359 4003 meriti
1413 3951 1634 4004 essent
1701 3940 1764 4004 in
1836 3941 2065 4007 effectu

522 4048 1109 4132 confirmationem,
1145 4051 1232 4117 ita
1263 4065 1335 4118 ut
1372 4053 1654 4140 amplius
1687 4074 1814 4119 non
1852 4077 2069 4142 pecca-

524 4179 691 4234 rent.
727 4171 887 4245 Quae
919 4169 1243 4235 sententia
1272 4170 1555 4237 cohaeret
1601 4172 1930 4258 aliquibus
1971 4172 2067 4239 lo-

522 4282 617 4350 cis
657 4286 723 4351 S.
781 4283 1158 4370 Augustini,
1214 4297 1286 4351 ut
1325 4285 1549 4352 videre
1610 4286 1759 4353 licet
1815 4288 1880 4353 in
1930 4290 2066 4374 jam

523 4400 738 4468 citatis
780 4421 1009 4488 supra.
1072 4405 1224 4484 Haec
1252 4403 1572 4469 sententia
1604 4405 1914 4491 supponit
1957 4427 2066 4472 so-

525 4518 621 4584 los
680 4519 1177 4605 praedestinatos
1229 4520 1591 4587 nascituros
1660 4521 1724 4587 in
1766 4534 1938 4590 statu
1973 4524 2066 4589 in·

231 4645 429 4769 &5405ss
528 4634 871 4716 nocentiae,
935 4634 1107 4722 quod
1176 4635 1361 4701 docet
1426 4656 1734 4722 expresse
1794 4640 2062 4724 Gregor.

229 4747 452 4822 not-torf
531 4748 644 4814 lib.
682 4754 746 4815 4.
783 4751 1033 4816 Moral.
1086 4773 1141 4818 c.
1186 4753 1294 4817 26.
1335 4752 1534 4818 alias,
1571 4755 1675 4823 28.
1717 4764 2069 4844 utrumque

205 4835 482 4962 νέῗῑξὲξξδ
530 4864 829 4952 sequitur
876 4869 1106 4932 Doctor
1149 4870 1222 4933 in
1281 4871 1345 4934 2.
1415 4867 1483 4933 d.
1528 4870 1636 4935 20.
1699 4868 1932 4937 limitat
1970 4883 2068 4939 ta-

297 4395 400 4447 Soli

202 4457 475 4524 praedesti-

282 4536 344 4572 na
352 4523 390 4571 ti

280 4590 406 4634 tunc

167 4963 499 5071 tssssffissffiff
535 5002 680 5048 men
723 4981 897 5048 illam
931 4981 1243 5061 Anselmi,
1282 4994 1353 5049 ut
1408 4982 1830 5070 intelligenda
1867 4987 1951 5053 sit
1989 4988 2069 5054 de

170 5089 443 5197 Gaffiffgff·
529 5093 706 5176 filiis,
747 5107 891 5182 post
933 5096 1125 5162 etiam
1161 5096 1435 5183 primam
1485 5101 1903 5164 tentationem
1955 5099 2064 5165 de-

175 5209 445 5325 11ξὲξὲξᾲ
526 5212 788 5294 victam,
833 5214 969 5281 fore
1010 5227 1081 5282 ut
1128 5212 1698 5297 confirmarentur,
1745 5216 1896 5303 quia
1937 5238 2065 5283 non

523 5343 745 5397 essent
785 5329 1072 5396 melioris
1112 5330 1504 5397 conditionis
1571 5351 1765 5418 quam
1817 5331 2066 5417 primus

522 5467 784 5534 parens,
819 5450 1158 5515 Doctorem
1198 5460 1562 5533 sequuntur
1593 5447 1872 5525 Gabriel,
1920 5452 2064 5514 Bas·

519 5563 702 5643 solis,
755 5563 958 5630 etalii
1004 5573 1250 5631 nostrae
1280 5562 1546 5645 scholae,
1607 5564 1846 5652 quibus
1879 5584 2064 5634 acce-

1649 386 1793 448 LlB.
1825 386 1925 448 lv.
1973 383 2566 446 SENTENTlARUM

2171 546 2265 613 dit
2321 547 2625 613 Pererius
2670 546 2786 614 lib.
2833 550 2898 613 4.
2962 549 3037 613 in
3115 546 3274 613 Gen.
3347 554 3570 632 quoest.
3637 540 3720 607 de

2166 666 2631 751 procreatione
2661 666 2989 731 mulieris.

2156 766 2164 776 ’
2264 783 2415 846 Haec
2445 792 2661 847 tamen
2711 778 3123 847 confirmatio
3156 799 3235 844 ex
3296 774 3718 843 Doctoreibi·
3800 771 4020 895 pfffi‘ia

2170 896 2342 977 dem,
2384 918 2510 962 non
2544 895 2798 963 tolleret
2836 895 3193 983 potentiam
3233 892 3567 981 peccandi,
3607 890 3720 957 sed
3769 897 4036 959 peccandi,

2171 1013 2258 1080 ita
2298 1013 2775 1102 provideretur,
2813 1025 2884 1079 ut
2913 1023 3059 1079 actu
3094 1031 3220 1076 non
3255 1020 3618 1097 peccarent.

2256 1138 2378 1203 Alii
2410 1137 2646 1204 docent
2685 1137 3085 1224 oppositum,
3125 1147 3439 1222 quantum
3476 1133 3550 1200 ad
3602 1154 3718 1221 po-

2168 1257 2437 1323 tentiam
2473 1255 2804 1341 peccandi,
2857 1255 2970 1322 sed
3013 1254 3287 1341 primam
3328 1253 3718 1320 sententiam

2171 1373 2465 1441 Doctoris
2498 1373 2811 1460 supponit
2848 1370 3262 1457 Augustinus
3322 1370 3435 1437 lib.
3498 1374 3570 1435 4.
3641 1369 3722 1434 de
3787 1382 4029 1448 Augusti-

2176 1493 2380 1560 Civit.
2407 1514 2553 1578 cap.
2593 1493 2697 1555 10.
2736 1487 2849 1554 lib.
2889 1489 2954 1553 9.
2990 1488 3071 1553 de
3113 1488 3272 1551 Gen.
3308 1486 3399 1552 ad
3431 1487 3725 1552 litteram
3852 1461 3965 1495 nus.

2170 1628 2324 1694 cap.
2379 1608 2443 1675 3.
2491 1606 2606 1672 lib.
2648 1609 2707 1668 1.
2746 1604 3033 1668 Retract.
3082 1619 3238 1686 cap.
3306 1603 3409 1666 13.
3458 1600 3567 1665 ubi
3601 1600 3724 1664 im-

2174 1723 2366 1812 plicat
2388 1720 2825 1787 conditionem
2851 1715 3305 1803 perseverandi
3340 1715 3405 1780 in
3431 1715 3713 1802 Justitia,

2174 1839 2604 1907 necessariam
2675 1836 2878 1901 fuisse
2942 1834 3019 1899 ad
3092 1831 3513 1898 obtinendam
3581 1832 3720 1919 glo-

2171 1957 2377 2031 riam;
2411 1952 2683 2042 exponit
2739 1948 3013 2038 proinde
3068 1969 3179 2015 eos
3222 1948 3512 2033 potuisse
3561 1949 3715 2030 labi,

2173 2084 2236 2140 et
2266 2072 2563 2159 sequitur
2610 2090 2690 2136 ex
2721 2090 2797 2136 eo
2832 2068 3002 2155 quod
3050 2069 3131 2134 de
3174 2067 3339 2133 facto
3405 2076 3524 2132 est.
3562 2070 3718 2133 Res·
3760 2085 4066 2152 Responsio.

2176 2180 2496 2277 pondetur
2533 2210 2607 2254 ex
2640 2188 2849 2275 prima
2896 2186 3204 2275 opinione
3259 2185 3560 2253 evacuari
3601 2185 3720 2250 ob-

2171 2306 2546 2394 jectionem,
2636 2306 2786 2392 quia
2865 2304 3017 2371 licet
3085 2315 3376 2370 maneret
3435 2301 3722 2390 potentia

2176 2421 2511 2510 peccandi,
2574 2434 2793 2486 tamen
2854 2440 2984 2485 non
3050 2431 3436 2507 sequeretur
3492 2437 3721 2505 pecca-

2182 2551 2318 2604 tum
2390 2537 2705 2620 mortale3
2754 2517 2961 2624 ⁸quod
3028 2534 3298 2623 perinde
3384 2532 3722 2620 supposita

2176 2654 2367 2721 etiam
2410 2653 2694 2721 secunda
2729 2654 3074 2733 sententia,
3119 2651 3246 2718 dici
3298 2662 3531 2738 potest.
3573 2650 3725 2738 quia

2176 2772 2622 2838 controversia
2652 2784 2751 2837 est
2808 2781 3085 2850 tantum,
3130 2788 3211 2834 an
3253 2768 3568 2834 haberent
3618 2787 3722 2853 po-

2175 2889 2445 2955 tentiam
2498 2889 2832 2976 peccandi,
2869 2900 2931 2955 et
2988 2908 3071 2954 an
3109 2886 3521 2953 confirmatio
3578 2907 3718 2952 eam

2176 3006 2454 3085 tolleret,
2492 3006 2686 3072 etiam
2720 3018 3062 3083 remotam,
3108 3026 3188 3070 ex
3229 3024 3303 3070 ea
3360 3015 3577 3069 autem
3612 3023 3721 3068 ne-

2180 3141 2283 3187 mo
2313 3119 2546 3186 asserit
2578 3119 2734 3198 fore,
2777 3130 2846 3186 ut
2886 3119 3083 3207 aliqui
3126 3129 3302 3185 certo
3341 3129 3404 3184 et
3443 3137 3590 3184 cum
3631 3118 3720 3185 ef-

2179 3241 2347 3305 fectu
2384 3247 2745 3324 peccarent.

2267 3357 2424 3419 Dato
2455 3353 2646 3419 etiam
2681 3352 2850 3439 quod
2884 3363 3246 3437 peccarent,
3294 3364 3363 3418 ut
3394 3350 3449 3416 si
3494 3370 3715 3416 nasce·
3771 3357 4073 3423 Supposito

2180 3484 2406 3537 rentur
2435 3490 2566 3536 non
2617 3470 2828 3535 solum
2863 3468 3333 3555 praedestinati,
3370 3467 3481 3534 sed
3518 3467 3711 3533 etiam
3739 3425 4076 3548 regi-'gssgffim

2180 3587 2463 3674 reprobi,
2537 3606 2665 3651 non
2707 3585 3002 3674 sequitur
3058 3584 3208 3650 inde
3263 3585 3424 3665 fore,
3491 3595 3561 3652 ut
3599 3585 3715 3650 Sa·
3761 3549 4058 3660 ssffirffissffi

2179 3703 2528 3770 oramentis
2585 3701 3073 3788 adjuvarentur,
3168 3701 3281 3767 sed
3340 3701 3717 3767 desereren-

2179 3821 2309 3901 tur,
2348 3819 2517 3887 sicut
2540 3818 2771 3905 Angeli
2807 3830 3170 3903 peccanteS,
3199 3831 3263 3885 et
3286 3818 3723 3885 damnationis

2181 3935 2570 4004 sententiam
2632 3935 3001 4021 acciperent
3066 3934 3286 4002 statim
3356 3957 3389 3999 a
3432 3946 3719 4021 peccam,

2181 4054 2332 4140 quia
2363 4052 2428 4116 in
2462 4047 2759 4137 utrisque
2807 4070 2923 4135 par
2989 4060 3199 4134 status
3240 4061 3417 4128 erat;
3464 4062 3724 4116 sentcn-

2180 4171 2336 4237 tiam
2401 4167 2736 4233 insinuant
2794 4165 2995 4232 verba
3036 4164 3391 4253 Augustini
3465 4167 3577 4232 lib.
3640 4171 3713 4231 4.

2182 4287 2265 4352 de
2306 4286 2507 4350 Civ-it.
2543 4306 2599 4351 c.
2647 4287 2758 4349 10.
2812 4283 2945 4347 Nec
2991 4283 3339 4369 quisquam
3377 4304 3459 4348 ex
3499 4304 3726 4350 eorum

2181 4403 2388 4487 stirpe
2429 4402 2849 4487 iniquitatem
2872 4401 3323 4477 committeret,
3360 4421 3504 4486 quae
3540 4400 3724 4466 dam·

2180 4519 2518 4583 nationem
2550 4517 2892 4603 reciperet.

2271 4633 2491 4711 Quoad
2530 4633 3026 4720 praedestinatos
3072 4656 3230 4702 vero
3287 4635 3431 4702 dico
3472 4635 3725 4701 nullum

2180 4747 2544 4834 lapsurum,
2581 4748 2730 4835 quia
2774 4769 2887 4834 per
2918 4748 3129 4815 media
3186 4748 3362 4815 illius
3421 4759 3630 4816 status
3671 4749 3725 4816 si

2183 4875 2689 4952 perseverasset,
2730 4870 2921 4950 prout
2960 4865 3298 4931 ordinatus
3338 4877 3437 4931 est
3479 4865 3544 4930 in
3589 4865 3727 4952 pri-

2183 5003 2287 5048 mo
2318 4994 2607 5068 parente,
2644 4982 3100 5067 pervenissent
3143 4986 3220 5049 ad
3256 4983 3606 5050 terminum
3640 4983 3726 5050 si—

2179 5109 2288 5163 cut
2319 5095 2546 5184 Angeli
2583 5097 2761 5178 boni,
2797 5096 2941 5163 sine
2969 5096 3179 5184 lapsu.

2267 5212 2548 5301 Objicies
2595 5214 2810 5293 terti0,
2857 5215 3088 5280 saltem
3120 5233 3317 5280 causa
3350 5214 3723 5281 instructio-
3822 5211 4002 5323 'rgffua

2181 5330 2283 5396 nis
2369 5350 2561 5416 posse
2647 5330 2899 5396 institui
2942 5335 3458 5411 Sacramentum,
3526 5342 3593 5396 ut
3642 5352 3721 5397 ex
3799 5336 4023 5449 οὴίξὲῑίο

2179 5445 2599 5514 sensibilibus
2622 5445 3055 5534 intelligibilia
3077 5458 3524 5534 cognosceret,
3552 5447 3723 5535 quod
3835 5480 3991 5515 causa

2179 5586 2309 5631 non
2358 5576 2682 5653 repugnat
2711 5564 2802 5632 illi
2834 5566 3064 5647 statui;
3111 5586 3270 5655 ergo
3327 5579 3543 5636 manet
3583 5567 3725 5636 suf·
3761 5533 4037 5644 munigno
