4287 6313
568 433 703 514 2⁴26*

488 636 495 641 ·
576 614 851 700 gradum
891 610 1146 697 gratiae,
1184 594 1350 674 ultra
1388 624 1582 694 quem
1630 621 1759 667 non
1802 611 1941 665 erat
1978 595 2114 663 effi-

580 750 725 807 cax,
774 740 839 795 et
878 728 965 794 ita
1024 726 1078 791 si
1136 736 1392 790 tantum
1434 718 1708 806 gradum
1754 712 2129 781 inveniebat
2241 708 2621 775 missionem
2657 707 2720 770 in
2753 705 2847 771 eis
2884 702 3085 769 fuisse
3118 720 3232 787 per
3265 696 3528 764 modum
3565 697 3787 783 Sacra-

585 847 651 912 in
695 844 1118 931 suscipiente,
1186 860 1315 907 non
1364 838 1556 904 dabat
1594 836 1650 902 ei
1712 833 1992 922 gratiam
2021 852 2037 910 3
2071 839 2135 895 et

588 985 703 1050 per
750 963 874 1028 hoc
924 958 1203 1044 explicat
1258 954 1671 1042 Magistrum,
1712 971 1858 1036 cap.
1892 947 2131 1034 penul-

590 1081 748 1146 timo
814 1078 1011 1162 hujus
1059 1072 1535 1148 distinctioni&
1600 1087 1679 1133 ex
1710 1066 1854 1152 ejus
1884 1061 2129 1128 verbis,

680 1192 918 1260 Eadem
968 1200 1070 1257 est
1144 1186 1465 1253 sententia
1522 1188 1596 1250 D.
1658 1187 2134 1248 Bonaventurae

598 1311 671 1375 in
719 1308 1130 1395 expositione
1170 1307 1429 1379 litteroe,
1483 1308 1659 1386 part.
1724 1299 1789 1360 2.
1863 1294 2015 1359 dub.
2064 1294 2129 1357 8.

276 1414 538 1527 522}ng
597 1441 656 1491 et
697 1435 920 1512 qmcsc.
967 1424 1209 1488 ultima
1239 1420 1328 1485 ad
1347 1420 1667 1505 primum.
1707 1417 1860 1479 Haec
1900 1409 2136 1476 solutio

247 1536 563 1653 P‘ffiffi‘guiss
598 1542 907 1608 fundatur
968 1540 1030 1604 in
1109 1535 1330 1604 verbis
1382 1532 1560 1599 Pauli
1628 1531 1717 1597 ad
1811 1529 2137 1593 Romanos

596 1664 659 1724 4.
734 1657 842 1744 qui
912 1655 1066 1720 dicit
1101 1651 1531 1740 justificatum
1568 1647 1770 1713 fuisse
1810 1643 2135 1709 Abraham

594 1798 709 1862 per
739 1774 957 1853 fidem,
1026 1772 1213 1856 cujus
1244 1766 1653 1854 signaculum
1714 1761 1961 1849 accepit
2002 1760 2136 1826 Cir-

591 1890 1104 1965 cutncisionem;
1159 1886 1312 1952 hinc
1374 1884 1430 1950 ei
1490 1879 1912 1948 Circumcisio
1973 1875 2137 1941 nihil

590 2008 863 2075 contulit
903 2026 984 2070 ex
1048 2023 1244 2090 opere
1292 2012 1579 2086 operatO,
1626 1995 1737 2062 sed
1798 2015 1878 2060 ex
1943 2012 2138 2078 opere

591 2135 809 2190 tamen
866 2117 1197 2206 operantis
1245 2137 1359 2202 per
1401 2113 1664 2179 modum
1736 2108 1947 2175 meriti
2030 2126 2139 2172 ac-

592 2241 762 2324 cepit
790 2237 1102 2324 gratiam3
1151 2253 1361 2320 neque
1387 2230 1512 2295 hoc
1555 2226 1819 2313 negavit
1872 2222 2135 2302 Paulus,

593 2354 895 2443 quamvis
935 2351 989 2418 si
1025 2346 1431 2434 interpretari
1465 2363 1614 2410 eum
1663 2341 1851 2407 liceat
1908 2358 2142 2404 secun-

593 2469 748 2536 dum
811 2465 1227 2554 superficiem
1300 2462 1678 2539 verborum,
1776 2469 1839 2522 et
1954 2463 2146 2540 prout

597 2585 858 2673 quidam
952 2581 1350 2667 intelligunt,
1454 2595 1663 2663 neque
1732 2573 1827 2638 sic
1898 2570 2146 2635 valeret

597 2697 1020 2764 Circumcisio
1069 2695 1379 2768 Abrahae,
1435 2689 1606 2777 quod
1668 2706 1796 2751 non
1871 2682 2147 2770 quadrat

601 2814 848 2901 regulis
913 2809 1374 2877 communibus
1443 2803 1657 2871 meriti
1689 2814 1752 2868 et
1799 2798 1952 2865 boni
1994 2818 2148 2882 ope-

607 2930 725 3011 ri0,
761 2941 955 3014 atque
992 2921 1476 3011 adimpletionis
1507 2919 1672 3005 legis
1720 2929 1785 2983 et
1829 2912 2141 2981 mandati.

292 3042 540 3105 Obie-²050·
606 3045 729 3110 Sed
760 3056 984 3110 contra
1050 3038 1277 3128 objicit
1344 3041 1600 3113 Doctor,
1656 3031 1806 3120 quia
1865 3029 1959 3095 sic
2007 3027 2149 3093 Cir-

606 3160 922 3228 cumcisio
992 3178 1119 3223 non
1208 3167 1380 3221 esset
1488 3163 1737 3217 certum
1851 3146 2142 3232 signum,

606 3276 756 3367 quia
789 3275 855 3342 in
894 3271 1353 3359 adultisjustis
1394 3288 1520 3334 non
1550 3265 1777 3332 habuit
1816 3262 2145 3328 effectum.

367 3408 451 3457 48.
616 3396 621 3400 ’
692 3390 1065 3477 Respondet
1142 3385 1440 3472 negando
1504 3380 1920 3458 antecedenS,
1996 3377 2150 3463 quia

312 3470 530 3595 ἓῗέιιιῖῗιὶ
607 3507 1010 3596 significaret
1049 3503 1351 3591 gratiam,
1401 3502 1505 3567 vel
1557 3499 1619 3562 in
1678 3498 1855 3580 ficri,
1903 3494 1956 3560 si
2020 3513 2146 3558 non

328 3601 499 3706 offissffi
607 3636 780 3692 esset
827 3623 1018 3695 obex.
1092 3619 1195 3685 vel
1261 3618 1326 3683 in
1396 3616 1573 3702 facto
1642 3633 1797 3693 esse,
1866 3611 2035 3676 sicut
2092 3608 2149 3674 si

259 3719 496 3842 fiffssfitffi
522 3718 576 3830 ἐξ
609 3744 799 3806 Beata
836 3739 1036 3823 Virgo
1080 3734 1430 3821 recepisset
1488 3729 1954 3819 plenitudinem
2005 3746 2152 3811 gra-

261 3846 395 3894 s³⁰²⁰
437 3858 568 3894 ⁹⁸⁸⁰·
607 3857 715 3923 tiae
765 3857 829 3921 in
886 3851 1310 3938 conceptione
1370 3847 1510 3926 filii,
1564 3846 1643 3930 ad
1703 3863 1897 3931 quam
1981 3847 2150 3908 Deus

605 3996 748 4041 eam
815 3970 1191 4048 destinavit,
1259 3987 1388 4032 non
1450 3962 1805 4049 recepisset
1871 3960 2149 4046 gratiam

606 4094 661 4161 si
714 4105 935 4180 postea
994 4090 1227 4156 fuisset
1289 4085 1628 4172 baptizata,
1692 4082 1995 4170 quamvis
2038 4086 2148 4148 Ba-

606 4211 885 4297 ptismus
954 4206 1183 4273 fuisset
1253 4214 1551 4289 respectu
1613 4201 1757 4287 ejus
1800 4219 2028 4265 verum
2064 4197 2152 4263 si-

605 4347 837 4414 gnum,
894 4326 1047 4411 quia
1108 4318 1513 4406 significaret
1571 4317 1676 4393 vel
1738 4316 2015 4402 gratiam
2081 4314 2148 4379 in

260 4444 780 4527 Exe1nptum,sieri,
830 4441 932 4507 vel
991 4440 1059 4505 in
1115 4440 1297 4523 facto
1338 4455 1493 4502 esse.
1539 4431 1720 4508 Quod
1764 4442 1936 4517 patet
1969 4431 2032 4496 in
2066 4430 2147 4495 si-

610 4558 771 4638 mili,
817 4556 968 4643 quia
1044 4551 1269 4620 missio
1318 4549 1600 4616 visibilis
1659 4545 1941 4632 Spiritus
2000 4566 2148 4611 san-

607 4673 691 4741 cti
741 4670 1071 4761 significat
1098 4668 1402 4756 gratiam,
1442 4676 1509 4730 ut
1552 4667 1855 4728 Doctores
1889 4661 1953 4725 in
1984 4659 2141 4725 disc.

611 4792 714 4854 16.
771 4798 829 4852 el
874 4790 978 4851 17.
1025 4783 1172 4850 talis
1214 4781 1336 4848 fuit
1397 4778 1622 4845 missio
1654 4777 1797 4864 ejus
1833 4775 1894 4839 in
1941 4779 2146 4860 Apos-

608 4905 773 4972 tolos
840 4903 905 4968 in
990 4901 1097 4967 die
1172 4902 1608 4972 PentecosteS‚
1689 4905 1759 4958 ut
1827 4902 2000 4978 patet
2065 4910 2147 4956 ex

288 5050 552 5114 chrysost,
609 5024 1077 5107 chrysostomo
1122 5014 1353 5080 homil.
1399 5015 1509 5077 24.
1574 5011 1643 5074 in
1700 5010 1882 5084 Acca,
1930 5016 1990 5070 et
2030 5006 2146 5070 ho-

292 5112 551 5226 nffgsslslot
613 5140 754 5204 mil.
810 5141 872 5201 4.
940 5153 1137 5219 super
1182 5129 1338 5196 illud
1376 5181 1389 5195 .
1438 5126 1691 5212 Replezi
1719 5134 1870 5189 sunt
1928 5142 2151 5187 omnes

315 5239 529 5300 Gregor.
612 5256 877 5342 Spiritu
904 5260 1152 5316 sancto,
1189 5244 1471 5331 Cyrillus
1520 5239 2149 5326 Hierosolymitanus

277 5363 563 5430 ·C⁰¹¹fl¹'¹¹¹³·
614 5368 951 5436 Catechesi
982 5366 1088 5435 17.
1118 5366 1396 5449 Gregor.
1449 5362 1625 5424 hom.
1683 5359 1791 5422 30.
1840 5357 1913 5419 in
1953 5355 2140 5431 Acta,

314 5300 523 5350 Hieron.

382 5425 456 5474 tio

289 5485 553 5552 Apostoto-
609 5488 873 5553 Hieron.
1269 5476 1359 5542 ad
1443 5474 1813 5550 lledibiam,
1903 5483 1965 5537 et
2037 5469 2146 5534 alii

354 5563 494 5603 rum.

609 5608 858 5677 Patres,

246 1230 313 1280 D.
359 1229 555 1279 Bonav.

970 5483 1162 5569 epist.

1732 428 1913 498 stin.
1974 428 2075 496 tv.
2126 379 2741 493 sauraismnum.

2328 590 2490 658 Hinc
2555 586 2935 656 Scholastici
3004 582 3222 672 plures
3278 579 3537 657 docent,
3609 574 3780 642 hanc
3825 592 4113 710 ΒΑιςΓηέἐεῐιῇ

3871 722 4080 771 Doctor.

2244 824 2441 892 menti
2503 819 3054 896 Confirmationis,
3141 814 3361 883 Aiens.
3454 817 3519 878 3.
3604 819 3787 898 part.
3825 777 4147 893 Signfficatio

2246 945 2611 1009 D.Thomas
2656 945 2719 1007 3.
2778 948 3004 1026 quaest.
3063 939 3171 1001 72.
3225 944 3355 1001 art.
3419 936 3484 997 4.
3537 928 3650 995 ad.
3724 930 3788 992 3.
3830 908 3962 957 racto
4007 920 4143 955 ⁰⁸⁸⁶·

2245 1074 2467 1127 noster
2503 1062 2734 1125 Doctor
2761 1059 2835 1122 in
2868 1061 2932 1122 4.
2968 1054 3126 1120 dist.
3164 1057 3227 1119 7.
3267 1049 3377 1116 ubi
3410 1046 3544 1125 alii,
3575 1056 3645 1112 ut
3676 1042 3794 1110 ibi-

2246 1175 2392 1242 dem
2423 1155 2829 1241 tractabitur.
2867 1174 2937 1236 ln
2987 1169 3095 1235 his
3129 1179 3344 1234 autem
3377 1162 3606 1231 missio
3640 1158 3796 1226 visi·
3859 1164 3864 1167 ’

2247 1293 2397 1359 bilis
2428 1291 2708 1377 Spiritus
2739 1287 2943 1356 sancti
2977 1283 3377 1373 significavit
3418 1279 3695 1369 gratiam
3731 1277 3796 1342 in

2244 1407 2654 1493 ficri.R1issio
2685 1426 2880 1493 super
2900 1403 3158 1470 Christo
3192 1400 3256 1465 in
3286 1398 3563 1465 Iordane
3592 1393 3798 1482 signi·

2249 1523 2469 1591 licavit
2525 1523 2799 1610 gratiam
2837 1520 2902 1585 in
2939 1522 3120 1605 facco
3181 1538 3335 1595 esse,
3403 1533 3612 1599 neque
3648 1509 3798 1575 inde

2249 1641 2373 1707 suit
2420 1641 2683 1727 signum
2734 1638 2993 1716 falsum,
3040 1646 3111 1702 ut
3159 1645 3333 1700 recte
3384 1634 3455 1696 D.
3514 1629 3795 1694 Thomas

2250 1759 2321 1823 in
2366 1762 2436 1822 1.
2490 1756 2646 1822 dist.
2712 1758 2806 1820 Π.
2853 1756 2918 1821 2.
2961 1762 3137 1838 parc.
3179 1750 3333 1815 disc.
3379 1757 3514 1812 art.
3560 1748 3623 1809 Ξ.
3686 1764 3788 1809 re-

2249 1895 2470 1960 spon-3.
2527 1872 2616 1938 ad
2664 1872 2997 1937 ultimum.
3067 1868 3172 1933 Sic
3239 1865 3436 1932 etiam
3497 1859 3795 1928 Christus
3861 1852 4124 1919 Exempla.

2252 1990 2535 2075 sumpsit
2568 1989 2631 2054 in
2686 1988 2911 2054 ultima
2951 1988 3148 2051 Coena
3190 1978 3667 2049 Eucharistiam
3698 1995 3798 2041 sa-

2252 2105 2757 2184 cramentaliter,
2794 2103 2897 2170 cui
2934 2123 3062 2168 non
3103 2098 3278 2166 dedit
3306 2097 3614 2185 gratiam,
3651 2091 3805 2180 quia

2253 2244 2395 2289 eam
2465 2221 2895 2308 supponebat,
2971 2238 3099 2284 non
3166 2216 3288 2283 fuit
3344 2212 3496 2280 inde
3566 2210 3800 2277 falsum

2254 2340 2557 2425 signum;
2602 2339 2698 2404 sic
2740 2338 2945 2404 forma
2979 2332 3291 2421 Baptismi
3344 2326 3676 2416 significat
3708 2346 3805 2392 re-

2255 2455 2633 2521 missionem
2668 2452 2935 2540 peccati,
2999 2463 3064 2515 et
3116 2448 3391 2514 collatus
3441 2444 3805 2531 baptismus

2248 2574 2455 2660 justu,
2514 2591 2640 2636 non
2691 2582 2790 2635 est
2838 2567 3105 2654 signum
3166 2564 3434 2639 falsum,
3502 2559 3808 2650 quamvis

2261 2708 2387 2752 non
2444 2685 2657 2752 deleat
2731 2684 2797 2749 in
2865 2705 2940 2748 eo
3018 2692 3377 2768 peccatum,
3462 2690 3534 2745 ut
3634 2697 3807 2743 com-

2259 2802 2543 2869 muniter
2620 2803 2926 2866 Doctores
3002 2796 3082 2863 de
3159 2796 3488 2883 Baptismo
3562 2805 3627 2859 et
3698 2792 3808 2858 ab·

2260 2919 2607 2998 solutione,
2659 2938 2806 3004 quoe
2854 2915 3091 2981 dantur
3131 2910 3532 3001 justificatis,
3586 2922 3808 2975 noster

2263 3035 2494 3098 Doctor
2523 3033 2594 3097 in
2644 3035 2707 3096 4.
2770 3030 2927 3095 dist.
2973 3030 3036 3097 8.
3084 3038 3308 3115 quaest.
3373 3028 3438 3091 6.
3483 3027 3640 3092 disc.
3692 3026 3798 3089 14.
3843 3004 4160 3124 fflefflgffi·

2262 3161 2486 3236 quaesc.
2556 3151 2621 3215 4.
2684 3147 2838 3215 dist.
2913 3149 3020 3213 29.
3119 3154 3343 3231 qucesl.
3426 3146 3490 3209 Ξ.
3563 3141 3652 3209 ad
3733 3145 3798 3208 2.

2263 3264 2517 3332 Alensis
2557 3268 2620 3331 4.
2661 3274 2842 3351 part.
2906 3272 3131 3348 quaesl.
3195 3263 3258 3327 8.
3297 3282 3391 3325 m.
3438 3263 3502 3325 7.
3545 3270 3678 3325 art.
3737 3263 3798 3322 1.

2264 3389 2326 3449 5.
2364 3386 2428 3450 6.
2475 3383 2850 3449 D.Thomas
2891 3381 2962 3446 in
2986 3384 3048 3446 4.
3094 3379 3257 3444 disc.
3299 3380 3410 3443 18.
3465 3387 3690 3464 quoest.
3732 3378 3793 3441 1.

2263 3511 2394 3565 art.
2477 3504 2540 3566 3.
2630 3498 2720 3564 ad
2787 3501 2850 3562 2.
2938 3501 3000 3563 3.
3082 3507 3263 3582 parc.
3345 3505 3570 3581 quaest.
3690 3494 3799 3557 68.

2262 3623 2393 3678 art.
2485 3617 2545 3678 1.
2627 3610 2717 3675 ad
2802 3614 2866 3677 3.
2969 3612 3041 3674 D.
3135 3611 3488 3673 Bonavent.
3573 3608 3648 3672 in
3734 3608 3798 3669 4.
3839 3592 4128 3705 Bongbnt.

2264 3729 2420 3795 dist.
2482 3731 2545 3794 6.
2602 3737 2825 3814 quoesc.
2863 3730 2926 3791 2.
2976 3724 3082 3790 ubi
3138 3723 3394 3811 reliqui.
3451 3723 3634 3790 Ratio
3675 3733 3798 3800 est,
3902 3716 4082 3768 Ratio.

2265 3848 2416 3933 quia
2447 3847 2936 3912 Sacramentum
2980 3841 3238 3927 proprie
3269 3841 3539 3918 dictum,
3576 3853 3645 3906 ut
3694 3843 3809 3908 Ba-

2265 3964 2566 4049 ptismuS,
2604 3982 2733 4028 non
2765 3961 2935 4028 delet.
2960 3973 3318 4046 peccatum,
3356 3979 3568 4047 neque
3598 3959 3802 4047 signi-

2263 4077 2410 4145 ficat
2457 4078 2758 4165 gratiam,
2815 4077 2938 4143 nisi
3000 4074 3305 4162 practice,
3355 4094 3482 4162 qua
3542 4087 3805 4142 exercet

2265 4194 2573 4260 virtutem
2642 4207 2706 4260 et
2763 4192 3120 4259 efficaciam
3180 4202 3484 4276 respectu
3531 4211 3801 4270 eorum;

2264 4312 2540 4398 ideoque
2571 4321 2743 4376 recte
2776 4313 2962 4394 Hugo
2995 4308 3073 4374 de
3115 4310 3179 4373 S.
3233 4308 3492 4372 Victore
3540 4305 3652 4373 lib.
3733 4309 3798 4373 2.
3918 4335 4095 4400 nugo.

2262 4427 2343 4491 de
2363 4427 2662 4492 Sacram.
2705 4437 2883 4513 part.
2915 4428 3019 4490 14.
3064 4445 3209 4508 cap.
3246 4425 3310 4489 8.
3347 4421 3533 4489 docet
3562 4422 3804 4488 formas

2262 4544 2765 4611 sacramentales
2827 4542 3161 4629 Baptismi,
3240 4538 3675 4619 Poenitentiae,
3743 4553 3810 4604 et

2262 4660 2359 4727 sic
2396 4659 2475 4726 de
2503 4661 2670 4740 aliis,
2715 4681 2849 4725 ‘non
2888 4670 3130 4734 actum,
3176 4667 3292 4721 aul
3330 4667 3653 4734 eventum,
3693 4655 3809 4721 sed

2261 4779 2572 4843 virtutem
2599 4796 2868 4841 suorum
2909 4776 3258 4860 effectuum
3295 4772 3706 4859 siqnisicare.
3843 4849 3850 4854 .

2349 4886 2505 4951 Item
2539 4882 2990 4949 Tridentinum
3013 4902 3167 4947 sess,
3207 4884 3272 4946 Ἴ.
3309 4880 3390 4945 de
3411 4881 3809 4944 Sacramen-
3846 4854 4144 5030 Appffisfuio

2263 5003 2346 5066 cis
2377 5002 2450 5065 in
2488 5020 2747 5086 qenere,
2786 5020 2933 5064 can.
2998 5001 3061 5064 7.
3099 4994 3326 5061 definit
3391 4998 3806 5061 Sacramenta

2261 5117 2416 5182 dare
2451 5116 2754 5202 gratiam,
2808 5124 3120 5200 quantum
3161 5123 3259 5178 est
3299 5132 3381 5177 ex
3430 5123 3610 5197 parte
3664 5110 3802 5186 Dei,

2261 5247 2323 5299 et
2365 5231 2683 5319 ipsorum,
2737 5241 2801 5296 et
2841 5228 2928 5294 ibi
2970 5239 3034 5294 et
3074 5226 3256 5306 alias,
3330 5211 3499 5292 hanc
3537 5223 3806 5313 signifi-

2260 5349 2581 5415 cationem
2667 5349 2892 5416 statuit
2962 5348 3024 5414 in
3108 5342 3394 5411 efficacia
3463 5342 3802 5428 ipsorum:

2262 5465 2432 5554 quod
2473 5486 2630 5551 ergo
2669 5463 3004 5530 conferant
3033 5460 3308 5549 gratiam
3347 5459 3412 5525 in
3463 5470 3634 5537 actu,
3689 5478 3803 5524 seu

2263 5592 2529 5664 eventu,
2589 5601 2714 5648 non
2765 5590 2862 5646 est
2927 5577 3007 5644 de
3056 5578 3305 5644 ratione
3353 5578 3804 5643 Sacramento-

3919 4984 4144 5031 ustorum

3844 5044 3910 5093 ad
3945 5055 4178 5116 ‘reapon-

3914 5117 4115 5155 sionem

3916 5169 4116 5219 datam.
