4287 6313
1528 426 1732 489 DIST.
1779 426 1910 488 vll.
1956 424 2327 500 QUAESTIO
2360 426 2405 487 l.

446 592 582 657 sola
616 591 840 677 nequit
871 591 1145 678 intelligi
1182 590 1529 676 promissio
1561 588 1802 656 Christi
1845 608 1987 674 spe-

444 704 650 784 cialiS,
697 718 767 772 ut
808 719 982 792 patet
1047 709 1188 771 Act.
1235 711 1298 772 8.
1362 718 1423 772 et
1487 709 1589 771 19.
1664 708 1733 770 In
1778 704 1989 790 primo

444 823 583 888 loco
634 822 939 889 dicuntur
979 824 1279 909 baptizati
1336 822 1722 889 Samaritani
1758 843 1792 887 a
1844 822 1989 887 Phi-

444 940 645 1027 lipp0,
698 961 826 1028 quo
893 939 1113 1006 audito
1165 938 1591 1026 lerosolymis
1668 940 1990 1004 miserunt

443 1056 532 1121 ad
571 1078 678 1122 eos
708 1058 977 1122 Petrum
999 1069 1059 1122 et
1088 1059 1431 1133 Ioannem,
1473 1068 1543 1121 ut
1576 1057 1992 1142 imponerent

446 1194 680 1238 manus
715 1194 914 1259 super
971 1174 1145 1252 illos,
1211 1184 1271 1238 et
1328 1175 1705 1259 acciperent
1768 1172 1990 1257 Spiri-

449 1301 583 1356 tum
622 1301 919 1355 sanctum
944 1314 970 1369 ,·
1001 1289 1159 1355 dicit
1187 1288 1361 1353 enim
1389 1301 1606 1355 textus
1644 1315 1657 1355 ε
1685 1288 1989 1353 Nondum

451 1408 632 1472 enim
672 1407 745 1472 in
779 1427 1166 1493 quemquam
1217 1406 1489 1470 illorum
1522 1414 1813 1482 venerat,
1879 1403 1994 1468 secl

120 1527 398 1640 ffggzffiuffi
454 1526 780 1611 baptizati
828 1535 1081 1590 tantum
1130 1533 1322 1590 erant
1352 1526 1426 1588 iu
1455 1524 1724 1588 nomine
1764 1522 1992 1586 Domi-

96 1652 421 1719 haptismate,
453 1641 530 1705 ni
565 1642 766 1720 Jesu,·
808 1638 977 1728 jtunc
1026 1640 1447 1726 imponebant
1512 1658 1749 1703 monus
1795 1657 1996 1723 super

95 1721 425 1830 eonfissinati-
456 1757 631 1836 illos,
704 1769 763 1822 et
826 1757 1239 1843 accipiebant
1271 1756 1603 1841 Spiritum
1667 1764 1987 1818 sanctum.

133 1855 395 1954 coffiffixm.
460 1873 621 1937 Cum
656 1873 927 1938 vidisset
975 1882 1192 1938 autem
1232 1872 1467 1935 Simon
1497 1868 1669 1955 quod
1712 1889 1835 1953 per
1866 1869 1993 1931 im-

448 1988 846 2073 positionem
894 2008 1130 2052 monus
1169 1986 1637 2073 Apostolorum
1699 1984 1996 2069 Spiritus

448 2114 737 2183 sanctus,
777 2115 899 2182 etc,
944 2103 1039 2170 sic
1080 2102 1274 2168 etiam
1337 2103 1481 2167 Aet.
1531 2104 1635 2167 19.
1689 2099 1997 2165 dicuntur

448 2221 732 2306 primum
824 2219 1136 2307 baptizari
1208 2218 1299 2284 illi
1377 2216 1679 2303 discipuli
1729 2215 1996 2282 Joannis

358 2390 367 2395 .
448 2337 777 2423 Baptistae,
850 2348 912 2403 et
982 2356 1135 2401 mox
1203 2356 1317 2421 per
1366 2354 1600 2399 manus
1678 2332 1996 2418 impositi-

449 2464 642 2509 onem
697 2443 927 2509 factam
976 2464 1009 2508 a
1052 2443 1274 2520 Pau10,
1322 2441 1647 2527 recepisse
1677 2440 1992 2526 Spiritum

446 2570 772 2639 sanctum,
846 2570 1154 2646 tanquam
1214 2558 1549 2623 diversum
1591 2557 1861 2634 donum,
1916 2556 1995 2620 ab

446 2696 520 2741 eo
551 2675 722 2762 quod
757 2685 1143 2763 receperunt
1197 2673 1259 2738 in
1305 2672 1720 2758 baptismate.

539 2796 882 2871 Praeterea,
972 2813 1102 2857 non
1170 2803 1270 2856 est
1345 2789 1615 2856 dubium
1678 2788 1996 2875 plurimos

452 2910 654 2976 fuisse
687 2909 1069 2995 baptizatos,
1113 2907 1451 2993 supposita
1482 2904 1815 2972 communi
1849 2926 1995 2971 sen-

453 3027 653 3091 tentia
703 3026 783 3090 de
823 3024 1152 3112 Baptismo
1210 3022 1510 3088 instituto
1586 3034 1734 3087 ante
1783 3021 1997 3107 passi-

452 3162 643 3207 onem
693 3139 960 3218 Christi,
1035 3137 1206 3226 quod
1256 3137 1499 3205 fuerint
1536 3137 1731 3203 etiam
1784 3136 1998 3223 bapti-

453 3258 575 3322 zati
616 3256 948 3344 Baptismo
1013 3257 1305 3337 Joannis,
1370 3254 1541 3342 quod
1593 3252 1864 3341 perinde
1901 3266 2000 3320 est

452 3372 622 3459 apud
689 3373 1068 3450 haereticos:
1148 3384 1364 3439 tamen
1412 3372 1692 3437 Ioannis
1750 3375 1812 3437 7.
1869 3390 1998 3436 non

455 3490 740 3578 loquitur
806 3490 1133 3569 Christus,
1207 3501 1277 3555 ut
1327 3489 1593 3574 exponit
1650 3485 1998 3573 Evangeli-

458 3621 581 3685 sta,
633 3605 715 3673 de
763 3605 1012 3694 Spiritu
1065 3618 1323 3692 recepto
1367 3606 1429 3670 in
1464 3604 1817 3691 Baptism0,
1887 3602 2003 3668 sed

460 3744 645 3808 quem
685 3723 1025 3809 accepturi
1081 3733 1288 3788 essent
1327 3721 1662 3786 credentes
1694 3721 1764 3785 in
1807 3742 1951 3785 eum
1977 3743 2002 3798 ‚-

463 3853 524 3908 et
588 3840 916 3925 Apostolis
968 3841 1130 3906 facta
1181 3851 1282 3905 est
1329 3839 1679 3925 promissio
1719 3837 2002 3923 Spiritus

461 3956 690 4036 sancti,
737 3958 932 4021 Lucae
970 3960 1076 4020 24.
1142 3967 1203 4021 et
1249 3957 1529 4021 Ioannis
1589 3959 1697 4021 14.
1733 3956 1871 4020 Act.
1921 3959 1990 4019 1.

461 4094 609 4160 quae
668 4070 1014 4158 promissio
1047 4070 1209 4136 facta
1248 4082 1503 4136 est-non
1573 4068 1651 4135 ad
1716 4080 2000 4156 tempuS,

458 4188 570 4256 sed
656 4208 954 4274 semper;
1044 4196 1108 4252 et
1193 4185 1407 4270 reipsa
1482 4185 1800 4271 completa
1879 4197 1999 4265 est,

457 4305 600 4368 Act.
640 4307 703 4370 Ξ.
752 4301 1011 4390 quando
1059 4299 1452 4367 adveniente
1495 4299 1736 4386 Spiritu
1784 4313 2004 4366 sancto

461 4418 670 4486 induti
703 4430 856 4485 sunt
905 4419 1151 4484 virtute
1189 4438 1273 4481 ex
1302 4417 1459 4495 alto,
1499 4417 1686 4502 juxta
1730 4415 2004 4500 promis-

458 4536 710 4603 sionem
756 4536 1013 4601 sactam.
1055 4535 1295 4598 Deliae
1328 4531 1641 4597 missione
1690 4530 2005 4616 interpre-

457 4665 632 4719 tatur
716 4656 943 4718 Petrus
1024 4648 1432 4738 prophetiam
1518 4647 1758 4726 Joelis;
1849 4669 2007 4734 ergo

460 4769 811 4858 promissio
862 4768 966 4833 illa
1013 4788 1143 4833 non
1196 4766 1588 4853 intelligitur
1637 4765 1716 4830 de
1764 4764 2006 4851 Spiritu

460 4898 709 4966 sancto,
749 4897 817 4952 ut
849 4885 1040 4951 datur
1073 4883 1397 4950 mediante
1430 4883 1754 4968 Baptismo
1783 4905 1798 4960 ;
1835 4873 2008 4968 quod

464 5023 622 5090 ergo
671 5001 828 5068 dicit
860 5005 1088 5066 Petrus
1128 4999 1356 5064 eodem
1400 4999 1579 5065 loco:
1622 4999 2012 5084 Baptizetur

468 5121 913 5204 unusquisque
979 5127 1285 5195 vestrum,
1361 5126 1485 5182 etc,
1556 5127 1616 5180 et
1671 5117 2012 5200 accipietis

81 5233 446 5363 Jggffiissssiis
474 5236 718 5301 donum
780 5234 1078 5319 Spiritus
1150 5233 1385 5308 sancti,
1434 5244 1554 5298 etc.
1604 5252 1728 5297 non
1799 5231 2010 5297 solum

185 5363 363 5414 etiam
480 5352 861 5439 intelligitur
893 5353 971 5417 de
1003 5351 1171 5416 dono
1215 5348 1621 5416 remissionis
1662 5360 1724 5415 et
1773 5349 2012 5415 sancti·

478 5470 796 5535 ficationis
838 5490 950 5555 per
1010 5467 1434 5552 Baptismum‚
1501 5468 1611 5534 sed
1672 5467 1864 5532 etiam
1935 5467 2015 5531 de

103 5426 427 5481 confirmati

476 5589 647 5655 dono
721 5585 1256 5653 sanctificationis
1333 5606 1449 5671 per
1524 5584 2013 5672 impositionem

110 3844 414 3902 Promissio

151 3909 368 3964 stabilis

191 3976 339 4024 facta

109 4033 401 4106 Apostolis.

186 5492 346 5540 sunt.

3542 421 3660 485 659

2102 607 2437 664 manuum,
2476 607 2623 672 quae
2652 586 2870 654 statim
2932 609 3010 655 ex
3069 588 3252 675 praxi
3288 588 3647 676 primitivae

2099 702 2411 770 Ecclesiae
2471 703 2665 769 fiebat
2705 726 2904 789 super
2954 706 3294 790 baptizatis
3352 706 3430 771 ad
3471 727 3645 772 com-

2100 818 2608 885 municationem
2652 820 2957 905 Spiritus,
3022 822 3281 906 quando
3330 833 3467 887 erat
3525 842 3651 907 op-

2102 936 2463 1019 portunitas
2553 934 2861 1004 ministri.
2936 948 3006 1002 ut
3075 949 3248 1023 patet
3317 940 3460 1002 Act.
3539 940 3678 1002 19.-

2104 1070 2314 1138 neque
2352 1052 2669 1138 Apostoli,
2744 1054 3046 1137 quamvis
3113 1053 3176 1119 id
3246 1074 3375 1118 non
3435 1052 3656 1138 expri-

2102 1170 2403 1234 maturin
2447 1169 2805 1255 Scriptura,
2851 1170 2991 1236 loco
3024 1170 3218 1247 dicto,
3255 1168 3654 1236 distulerunt

2102 1283 2675 1350 confirmationem
2717 1284 3125 1351 credentium
3175 1285 3647 1371 baptizatorum

2101 1397 2549 1485 lerosolymis‚
2598 1400 2708 1487 qui
2768 1412 3009 1466 tantam
3072 1421 3320 1480 curam,
3366 1403 3509 1466 Act.
3584 1404 3647 1465 8.

2104 1524 2456 1599 gesserunt
2519 1515 3105 1594 Samaritanorum,
3189 1528 3258 1582 ut
3355 1515 3656 1581 miserint

2104 1628 2182 1694 ad
2224 1651 2334 1695 eos
2404 1634 2665 1696 Petrum
2706 1644 2770 1698 et
2833 1635 3170 1712 loannem,
3240 1642 3311 1696 ut
3379 1632 3651 1717 imposi-

2105 1744 2285 1811 tione
2328 1766 2638 1812 manuum
2691 1747 2922 1813 darent
2988 1748 3082 1815 eis
3139 1747 3453 1833 Spiritum
3497 1767 3646 1812 san-

2106 1874 2308 1927 ctum.

2196 1981 2420 2064 Neque
2460 1978 2656 2045 refert
2686 1980 2856 2065 quod
2909 1984 3137 2047 Petrus
3169 1983 3309 2046 Act.
3363 1985 3465 2046 10.
3521 2001 3648 2045 non
3735 1996 3907 2068 ,Quid

2106 2093 2364 2180 legatur
2432 2115 2662 2161 manus
2756 2096 3149 2182 imposuisse
3223 2096 3521 2162 Cornelio
3588 2109 3651 2162 et
3693 2058 3967 2193 dmeggium

2107 2209 2255 2275 aliis
2321 2232 2469 2277 cum
2556 2232 2632 2277 eo
2690 2212 3128 2292 credentibuS,
3185 2212 3336 2299 quia
3409 2234 3490 2278 ex
3547 2234 3650 2279 ea·
3704 2184 3961 2236 Corneho.

2108 2324 2252 2391 dem
2308 2328 2735 2413 congruentia
2791 2328 2852 2393 id
2940 2328 3177 2423 sactum
3213 2328 3651 2415 subintelligi-

2107 2453 2238 2521 tur,
2276 2455 2339 2508 et
2378 2456 2691 2511 consueto
2747 2466 2897 2526 usu,
2953 2446 3077 2512 nisi
3129 2446 3424 2512 dicamus
3476 2447 3652 2532 ipsos

2108 2579 2240 2624 non
2283 2559 2672 2646 indiguisse,
2741 2562 2892 2648 quia
2951 2583 3065 2647 per
3120 2562 3649 2648 anticipationem

2108 2696 2190 2741 ex
2235 2677 2498 2763 speciali
2543 2678 2891 2765 privilegio
2916 2679 3472 2766 Jamjreceperant
3516 2678 3653 2763 Spi-

2110 2793 2306 2858 ritum
2376 2806 2699 2872 sanctum,
2772 2796 2962 2860 etiam
3007 2807 3156 2860 ante
3224 2795 3651 2880 Baptismum,

2105 2905 2186 2973 ad
2255 2908 2786 2995 praedicationem
2859 2911 3054 2989 Petri,
3135 2913 3305 2976 sicut
3387 2922 3451 2975 et
3529 2909 3654 2995 ipsi

2109 3026 2398 3111 Apostoli
2436 3047 2516 3092 ex
2561 3026 2885 3113 frequenti
2935 3026 3256 3093 sententia
3294 3024 3658 3111 Theologo-

2110 3162 2255 3207 rum
2290 3142 2554 3209 fuerunt
2582 3142 2950 3209 confirmati
2975 3143 3038 3209 in
3071 3142 3175 3209 die
3208 3146 3646 3222 PentecosteS‚

2113 3259 2178 3324 in
2212 3280 2374 3346 quos
2416 3260 2770 3327 descensus
2801 3261 3084 3329 visibilis
3132 3261 3414 3347 Spiritus
3444 3261 3652 3326 sancti

2111 3376 2636 3442 Confirmationis
2669 3376 2807 3444 loco
2839 3377 2982 3443 fuit.
3019 3377 3180 3443 Vide
3213 3378 3652 3463 Augustinum
3708 3367 3993 3433 Angustia.

2116 3488 2229 3553 lib.
2275 3492 2382 3554 50.
2416 3490 2648 3555 homil.
2692 3494 2800 3556 23.
2838 3513 2893 3558 c.
2951 3493 3057 3556 12.
3094 3492 3201 3557 ubi
3238 3511 3495 3557 causam
3529 3491 3656 3557 hu·-

2104 3605 2218 3691 jus
2259 3606 2585 3694 privilegii
2633 3619 2808 3674 recte
2846 3609 3136 3693 exponit,
3193 3620 3257 3674 et
3294 3609 3660 3674 communi-

2115 3722 2432 3789 cationem
2521 3723 2804 3809 Spiritus
2881 3724 3084 3790 sancti
3180 3746 3295 3810 per
3344 3745 3657 3791 manuum

2118 3835 2602 3921 impositionem
2643 3836 2970 3903 diversam
3030 3838 3180 3904 facit
3226 3859 3260 3903 a
3303 3840 3656 3926 Baptismo,

2115 3971 2494 4037 supponens
2574 3973 2689 4036 per
2764 3951 2940 4018 illam
3042 3953 3357 4039 Spiritum
3425 3974 3664 4021 consu-

2116 4079 2293 4132 etum
2343 4077 2482 4134 tum
2525 4068 2731 4134 fuisse
2763 4066 3026 4133 datum:
3087 4069 3323 4134 Adhuc
3362 4069 3663 4155 loquente

2119 4183 2337 4261 Petro,
2378 4182 2610 4269 inquit,
2637 4205 2773 4249 uon
2805 4183 2954 4248 dico
2984 4185 3279 4250 nondum
3320 4187 3664 4271 imponen-

2118 4311 2178 4364 te
2217 4322 2506 4380 mcmum,
2552 4301 2669 4365 sed
2718 4302 3011 4367 nondum
3069 4304 3271 4369 etiam
3318 4304 3664 4388 baptizan-

2080 4427 2200 4494 ‘te,
2247 4428 2368 4482 etc.
2446 4419 2622 4482 venit
2665 4419 2962 4503 Spiritus
3018 4430 3301 4498 sanctus,
3364 4421 3664 4506 implevit

2123 4536 2533 4615 Cornelium,
2579 4547 2701 4601 etc.

2203 4651 2354 4716 Dixi
2388 4673 2586 4732 supra
2612 4651 2678 4716 in
2712 4652 3043 4737 primitiva
3066 4652 3348 4718 Ecclesia
3374 4652 3663 4719 haecduo
3815 4665 3870 4714 6.

2120 4768 2532 4833 Sacramenta
2576 4769 2923 4855 conjuncta
2962 4768 3106 4835 data
3170 4791 3339 4849 esse,
3405 4772 3663 4856 quando

2119 4883 2571 4969 opportunitas
2605 4884 2885 4950 ministri
2922 4883 3450 4952 Confirmationis
3482 4888 3667 4953 ades-

2120 5010 2241 5080 set,
2287 4999 2440 5087 quia
2487 5000 2611 5066 hoc
2669 4999 3106 5065 ministerium
3175 5001 3251 5066 ad
3323 5002 3666 5087 Apostolos

2121 5115 2294 5183 solos
2334 5127 2490 5182 tunc
2530 5117 2884 5202 spectabat,
2928 5114 3055 5200 (’ut
3114 5116 3281 5183 infra
3320 5117 3665 5206 dicemus)

2124 5232 2235 5318 qui
2280 5253 2406 5297 non
2450 5245 2748 5318 poterant
2778 5232 3084 5299 omnibus
3125 5233 3353 5300 adesse
3394 5234 3458 5300 in
3492 5237 3671 5320 prin-

2124 5348 2318 5432 cipio.
2410 5352 2842 5436 Conjunctum
2937 5361 3153 5416 autem
3235 5350 3670 5418 ministerium

2127 5466 2470 5553 utriusque
2529 5467 2956 5546 Sacramenti,
3003 5479 3177 5554 patet
3233 5490 3312 5534 ex
3373 5470 3675 5535 Patribus

2126 5606 2326 5671 supra
2372 5584 2583 5652 citatis
2626 5584 2700 5649 ad
2743 5584 3004 5651 initium
3047 5587 3420 5664 commenti,
3474 5588 3677 5672 expli-
