4287 6313
616 362 735 423 672

614 521 785 609 apud
826 522 1172 589 liaereticos
1228 544 1374 589 esse
1409 543 1632 588 verum
1667 522 2013 607 Baptiema,
2051 528 2163 584 aut

615 638 1015 705 unctionem.
1061 642 1384 704 Caeterum
1473 636 1893 702 traditionem
1990 635 2162 700 circa

616 753 1294 821 oleibenedietionem
1334 753 1764 821 necessariam
1798 750 2108 839 supponit
2145 774 2158 816 :

623 870 794 956 Unqi
836 891 1085 956 quoque
1125 891 1376 935 neccsse
1415 881 1528 946 cst,
1587 870 1820 957 inquit,
1864 889 2009 933 eum
2050 868 2166 953 qui

618 985 991 1072 baptizalus
1053 987 1164 1065 sit,
1232 996 1300 1050 ul
1356 997 1623 1072 accepto
1656 986 2034 1062 chrismate,
2091 982 2165 1047 id

619 1113 734 1182 est,
798 1104 1112 1168 unctione
1186 1124 1321 1168 esse
1385 1114 1611 1168 unctos
1643 1103 1788 1179 Dei,
1826 1111 1886 1165 cl
1925 1099 2165 1165 habere

620 1219 692 1282 in
741 1239 809 1282 se
854 1218 1147 1304 qratiam
1220 1218 1476 1283 Christi
1514 1218 1743 1304 possit.
1794 1218 2003 1281 Porro
2046 1237 2163 1280 au-

619 1346 745 1400 tem
797 1336 1248 1415 Eucharistia,
1322 1345 1381 1401 cl
1443 1336 1622 1401 unde
1687 1335 2009 1421 baptizati
2042 1356 2159 1399 un-

617 1465 888 1540 quntur,
982 1455 1196 1519 oleum
1254 1455 1324 1519 in
1390 1453 1601 1517 altari
1659 1453 2165 1534 sanctificatum·

615 1572 1037 1652 sanctificare
1109 1580 1327 1635 autem
1393 1590 1525 1634 non
1568 1569 1785 1653 potuit
1842 1568 1974 1632 olei
2028 1588 2166 1632 cre-

616 1696 904 1765 aturam,
978 1689 1099 1772 qui·
1156 1707 1273 1751 nec
1329 1686 1545 1750 altare
1595 1686 1845 1761 habuit,
1900 1705 2015 1749 nce
2049 1685 2167 1748 Ec-

617 1803 907 1867 clesiam.
965 1802 1149 1867 Unde
1178 1823 1297 1868 nec
1323 1803 1543 1867 unctio
1581 1801 1958 1887 spiritualis
1987 1798 2169 1886 apud

622 1920 962 1983 licerelicos
1036 1930 1245 2004 potest
1335 1939 1489 1996 esse,
1575 1917 1842 2003 quando
1925 1927 2169 1981 constet

624 2035 836 2100 oleum
868 2034 1304 2117 sanctificari,
1343 2044 1402 2097 ec
1453 2033 1951 2097 Eucliaristiam
2015 2032 2172 2114 fieri

627 2152 808 2237 apud
840 2152 994 2217 illos
1023 2152 1295 2217 omnino
1328 2172 1459 2216 non
1489 2171 1698 2236 posse,
1746 2161 1867 2215 etc.

396 2282 478 2333 29.
718 2268 837 2344 Qui
878 2268 1058 2335 locus
1090 2280 1188 2334 est
1227 2268 1656 2347 clarissimuS,
1692 2266 1943 2354 colligit
1992 2267 2167 2333 enim

629 2386 1018 2472 Cyprianus,
1055 2407 1132 2451 ex
1175 2405 1250 2451 eo
1292 2383 1463 2471 quod
1515 2404 1853 2450 necessum
1894 2382 1978 2449 sit
2031 2383 2170 2448 ole-

628 2523 737 2568 um
771 2502 1146 2568 chrismatis
1199 2503 1261 2567 in
1328 2501 1514 2566 altari
1550 2497 1963 2579 sanctificari,
2001 2499 2171 2565 sicut

623 2628 688 2684 et
727 2617 1224 2695 Eucharistiam,
1264 2617 1435 2702 apud
1488 2615 1827 2682 haereticos
1860 2635 1987 2680 non
2021 2635 2166 2681 esse

622 2755 846 2800 veram
882 2733 1279 2813 unctionem,
1319 2732 1470 2819 quia
1526 2752 1649 2798 non
1694 2742 1969 2817 possunt
2023 2750 2170 2797 san·

619 2850 907 2917 ctilicare
946 2849 1264 2915 chrisma.
1342 2851 1518 2913 Hanc
1557 2848 1850 2914 eamdem
1912 2867 2171 2933 compa-

619 2969 938 3035 rationem
979 2966 1515 3034 sanctificationis
1549 2966 1671 3032 olei
1708 2964 1784 3030 ad
1834 2986 2168 3031 consecra0

620 3084 859 3150 tionem
903 3083 1329 3150 Eucharistiae
1364 3082 1428 3148 in
1461 3082 1645 3148 altari
1696 3081 1847 3146 facit
1884 3080 2170 3168 Cyrillus

618 3200 1203 3288 lerosolymitanus
1249 3200 1311 3264 in
1357 3198 1683 3266 Catechesi
1732 3202 1795 3263 3.
1838 3210 2168 3283 mystago-

622 3317 790 3402 gica,
828 3314 1067 3381 ibidem
1108 3315 1300 3380 etiam
1343 3312 1623 3400 appellat
1661 3314 1877 3378 oleum
1917 3313 2173 3376 exorci-

622 3446 866 3511 zatum,
903 3455 1018 3501 seu
1060 3433 1445 3499 exorcismis
1487 3429 1989 3497 sanctificatum.

712 3551 843 3614 Hoc
907 3548 1118 3635 ipsum
1172 3558 1420 3634 spectat
1477 3546 1552 3612 ad
1585 3545 2055 3611 confectionem
2111 3553 2173 3609 et

624 3665 1110 3732 renovationem
1218 3664 1593 3730 chrismatis
1655 3661 1720 3726 in
1833 3661 2168 3739 Paschate,

628 3802 821 3870 quam
890 3780 1028 3847 fieri
1096 3780 1353 3859 debere,
1425 3780 1610 3846 docet
1685 3800 1765 3844 ex
1821 3777 2177 3866 traditione

623 3895 992 3984 Apostolica
1032 3897 1354 3963 Fabianus
1384 3897 1690 3982 Carthag.
1728 3896 1832 3962 lv.
1876 3915 2021 3980 cap.
2061 3896 2170 3959 36.

623 4015 793 4082 idem
834 4014 1164 4101 supponit,
1211 4014 1381 4080 sicut
1432 4023 1494 4079 et
1533 4011 1896 4098 Cyprianus
1924 4032 1954 4074 s
2007 4031 2169 4075 erm.

624 4133 706 4200 cle
748 4136 1073 4212 unctione,
1113 4130 1355 4198 Concil.
1402 4132 1698 4196 Vasense
1737 4150 1882 4214 cap.
1930 4132 1993 4193 3.
2051 4130 2179 4192 To-

626 4249 912 4316 letanum
963 4251 1012 4317 Ι.
1049 4271 1194 4336 cap.
1245 4251 1349 4314 12.
1385 4268 1530 4332 cap.
1602 4246 1801 4310 Omni
1863 4239 2172 4330 tempore,

630 4366 716 4432 de
744 4376 1102 4432 consecrat.
1165 4364 1320 4429 disc.
1395 4366 1458 4427 4.
1496 4383 1642 4447 cap.
1708 4360 2063 4443 Quoniam,
2100 4359 2181 4425 dc

631 4483 960 4548 sententia
1003 4478 1726 4552 eaecommunicationiS,
1765 4478 1838 4541 in
1868 4479 1939 4541 6.

725 4595 1245 4664 Benedictionem
1299 4615 1455 4660 vero
1486 4614 1631 4660 esse
1670 4601 1969 4679 oportere
2028 4589 2177 4677 Epi-

636 4714 960 4802 scopalem
1009 4712 1192 4779 docet
1233 4711 1534 4797 Synodus
1574 4714 1858 4775 Romana
1892 4707 2014 4774 sub
2038 4707 2181 4793 Syl-

637 4843 877 4913 vestr0,
979 4830 1357 4898 Toletanum
1444 4831 1491 4896 Ι.
1592 4850 1740 4916 cci-p.
1834 4832 1942 4895 20.
2032 4832 2180 4894 Car-

637 4950 978 5036 thaginen.
1051 4951 1140 5013 11.-
1193 4968 1341 5033 cap.
1397 4950 1462 5012 Ξ.
1533 4945 1993 5031 Carthaginen.
2066 4945 2175 5010 111.

635 5087 786 5152 cap.
832 5069 940 5132 36.
986 5064 1315 5151 Hispalen.
1360 5067 1438 5129 ll.
1510 5085 1665 5150 cap.
1736 5064 1801 5128 7.
1864 5066 2181 5127 Damasus

636 5185 806 5267 Papa
847 5181 1040 5268 epist.
1098 5184 1162 5245 4.
1209 5180 1291 5246 dc
1329 5183 1397 5246 C.
1444 5179 1805 5267 Episcopis‚
1860 5180 2181 5244 Innocen-

632 5298 765 5365 tius
797 5300 844 5362 1.
893 5297 965 5362 in
1005 5298 1197 5382 epist.
1232 5295 1322 5361 acl
1346 5296 1728 5361 Decentium
1759 5294 2184 5380 Euqubinum

632 5436 782 5501 cap.
817 5418 880 5480 3.
920 5416 1046 5479 Leo
1081 5415 1129 5478 1.
1166 5414 1357 5499 epist.
1390 5416 1495 5478 88.
1532 5413 1812 5477 Ioannes
1845 5413 1951 5478 ΙΙΙ.
1981 5412 2174 5497 epist.

630 5531 722 5597 ad
762 5531 1129 5616 Episcopos
1184 5529 1559 5594 Germanice
1619 5538 1679 5592 ec
1722 5527 1984 5592 Gallice.
2022 5526 2186 5592 Hinc

281 4628 603 4680 Benedictio-

389 4707 503 4743 nem

281 4771 389 4806 esse
420 4754 607 4805 debere

308 4817 578 4884 Episcopa-

389 4882 483 4931 lem
496 4919 508 4932 .

1752 361 1894 421 ΗΒ.
1928 360 2029 421 lv.
2080 358 2674 423 SEN’I'ENTIARUM

2278 519 2627 606 rejicienda
2676 532 2776 587 est
2844 522 3167 587 sententia
3208 519 3517 587 Paludani
3577 525 3647 586 in
3709 522 3834 586 hac

2275 635 2429 700 dise.
2477 648 2701 722 quccst.
2767 642 2820 704 1.
2868 651 2927 704 ec
2995 642 3059 703 4.
3106 638 3217 725 qui
3289 649 3491 724 negat
3569 636 3833 704 benedi·

2274 751 2556 818 ctionem
2597 753 2973 820 chrismatis
3017 754 3413 820 necessitate
3443 754 3835 820 Sacramen-

2275 868 2321 933 ti
2400 870 2733 956 praemitti.
2798 871 3216 938 Contrarium
3279 871 3454 938 enim
3528 883 3699 957 patet
3752 892 3836 937 ex

2275 988 2606 1053 communi
2661 990 3169 1077 Theologorum,
3213 1001 3273 1056 et
3321 991 3444 1055 hoc
3473 1010 3618 1056 esse
3665 987 3835 1053 divi-

2278 1122 2378 1166 nae
2420 1101 2851 1169 institutionis
2910 1105 3241 1191 colligitur
3280 1125 3359 1170 ex
3409 1102 3625 1170 dictis.
3672 1107 3837 1168 Con-

2276 1217 2627 1303 gruitatem
2668 1232 2887 1285 autem
2922 1220 3069 1285 talis
3097 1218 3532 1286 institutionis
3563 1218 3834 1306 subjicit

2280 1332 2445 1397 infra
2493 1336 2727 1399 Doctor
2790 1336 3218 1421 responsione
3285 1336 3374 1400 ad
3432 1337 3495 1399 Ξ.
3574 1335 3841 1422 objecsi-

2279 1474 2501 1518 onem.
2551 1453 2864 1540 Rejicitur
2903 1453 3098 1519 etiam
3140 1455 3485 1541 Cajetanus
3532 1456 3596 1518 3.
3649 1463 3835 1537 part.

2281 1579 2507 1654 quoesc.
2548 1570 2653 1635 72.
2691 1579 2821 1634 art.
2866 1574 2930 1634 4.
2977 1589 3277 1635 asserens
3309 1567 3832 1634 benedictionem

2282 1685 2692 1771 praemissam
2727 1706 2762 1751 a
2803 1685 3086 1771 simplici
3123 1684 3468 1751 Sacerdote
3499 1682 3825 1763 sufficere,

2280 1822 2429 1887 quac
2470 1801 2792 1867 sententia
2833 1813 2931 1867 est
2971 1802 3352 1888 singularis.
3398 1802 3581 1868 Unde
3616 1813 3683 1867 ut
3736 1801 3832 1867 di-

2281 1916 2403 1981 ctis
2471 1916 2772 2002 adjiciam
2843 1916 3292 1983 auctoritatem
3390 1916 3686 2002 Dionysii
3758 1915 3840 1980 de

2283 2031 2656 2097 Ecclesiast.
2748 2031 3136 2113 hierarchia,
3200 2053 3340 2118 cap.
3421 2038 3485 2098 5.
3558 2033 3828 2109 Divina,

2285 2143 2521 2232 inquit,
2579 2147 2912 2211 institutio
2962 2167 3226 2211 sacram
3266 2146 3837 2216 hierarchia-orma

2280 2252 2597 2317 ordinum
2634 2256 3118 2333 ewremoniam,
3161 2255 3510 2340 divinique
3542 2274 3835 2339 unquen-

2283 2369 2336 2433 ei
2406 2370 2903 2455 confectionem,
2999 2381 3195 2457 atque
3252 2381 3551 2435 sanctam
3598 2369 3837 2433 altaris

2283 2487 2846 2551 consecrationem
2942 2486 3328 2551 divinorum
3434 2487 3837 2567 Pontificum

2280 2600 2664 2682 efficacibus
2700 2600 3131 2683 facultatibus
3179 2601 3522 2688 sinqulari
3567 2621 3838 2665 munere

2280 2716 2611 2798 allribuic,
2666 2728 2789 2783 eto.

2372 2834 2741 2899 Ministrum
2808 2853 2967 2919 ergo
3035 2833 3234 2920 hujus
3294 2830 3833 2899 sanctificationis
4002 2832 4085 2883 3⁰-

2284 2962 2456 3016 recte
2517 2949 2854 3015 constituit
2928 2944 3160 3015 Doctor
3236 2948 3627 3035 Episcopum
3697 2960 3835 3014 tan·

2284 3088 2476 3155 quam
2513 3066 2959 3147 ordinarium;
3017 3087 3097 3133 an
3139 3087 3294 3132 vero
3337 3066 3655 3132 committi
3691 3087 3837 3149 pos-

2282 3185 2365 3251 sit
2405 3185 2733 3252 Sacerdoti
2781 3206 2861 3251 ex
2929 3184 3363 3271 delegatione,
3412 3206 3541 3250 non
3576 3184 3838 3250 videtur

2287 3302 2448 3367 mihi
2508 3323 2824 3380 asserere,
2884 3323 3096 3389 neque
3149 3303 3345 3368 etiam
3413 3322 3685 3388 negare,
3730 3299 3842 3367 sed

2284 3439 2364 3484 ex
2414 3418 2892 3505 suppositione,
2930 3418 3105 3505 quod
3158 3418 3216 3484 id
3260 3417 3580 3484 committi
3632 3417 3841 3504 possit

2285 3532 2362 3599 ad
2394 3534 2951 3620 complementum
2986 3532 3391 3600 definitionis
3418 3532 3845 3619 comprehen-

2287 3647 2476 3729 dere3
2525 3647 2694 3715 unde
2726 3650 2795 3714 in
2869 3651 3246 3735 Reporlatis
3296 3648 3419 3715 hac
3486 3647 3710 3713 eadem
3747 3647 3840 3711 di·

2285 3765 2633 3830 stinctionc
2664 3785 2678 3829 ε
2707 3767 3236 3847 Sanctificacum,
3270 3764 3505 3852 inquit,
3541 3764 3844 3845 sanctisi-

2288 3885 2544 3948 cczlione
2590 3885 2981 3969 Epi-scopuli
3012 3884 3471 3948 communiter.
3512 3885 3838 3947 Caeterum

2290 3999 2490 4086 aliqui
2557 4019 2705 4064 eum
2757 4020 2873 4085 pro
2915 4010 3096 4085 parte
3155 3997 3544 4064 affirmativa
3610 3997 3840 4072 citant,

2288 4135 2499 4202 neque
2565 4115 2776 4181 littera
2857 4115 3126 4182 omnino
3192 4125 3538 4202 repugnat,
3606 4134 3831 4201 quam·

2289 4232 2393 4297 vis
2409 4231 2503 4304 de
2535 4231 2641 4297 illa
2670 4232 3130 4299 commissione
3164 4252 3290 4297 non
3331 4232 3629 4309 disserat,
3667 4230 3837 4296 sicut

2292 4348 2372 4415 de
2436 4349 2902 4415 commissione
2947 4349 3155 4435 ipsius
3213 4348 3556 4414 ministerii
3630 4348 3845 4414 uncti-

2292 4466 2460 4546 onis,
2535 4486 2683 4552 quae
2725 4464 2862 4530 fieri
2923 4477 3140 4551 posset
3191 4486 3305 4553 per
3369 4464 3846 4550 delegationem

2293 4582 2548 4648 Summi
2581 4580 2941 4663 Pontificis,
2987 4595 3056 4648 ut
3101 4581 3490 4647 videbimus

2384 4698 2693 4763 Ledesma
2738 4700 2796 4763 Ι.
2834 4709 3013 4784 part.
3055 4701 3119 4762 4.
3164 4708 3388 4783 qums-c,
3440 4700 3549 4762 13.
3596 4708 3726 4762 arc.
3775 4699 3839 4761 3.
3904 4718 4160 4771 sententia

2296 4828 2476 4905 putat
2517 4815 2726 4882 solum
2757 4814 3148 4901 Episcopum
3173 4814 3340 4879 hanc
3369 4812 3844 4899 delegationem
3899 4785 4159 4913 iffgffgss'ff

2294 4932 2527 4998 facere.
2601 4931 2726 4997 Sed
2793 4930 2916 4996 hoe
2976 4931 3151 4998 nulla
3200 4930 3450 4996 ratione
3505 4928 3836 5007 fundatur,
3989 4917 4090 4959 ω’·

2297 5066 2446 5112 nam
2489 5046 2597 5112 hic
2628 5056 2810 5111 actus
2851 5043 3075 5110 divina
3133 5044 3540 5111 institutione
3590 5063 3843 5128 compe·
3882 5099 3891 5107 .

2295 5161 2373 5228 tit
2432 5160 2589 5227 solis
2654 5160 2989 5247 Episcopis
3057 5160 3285 5227 saltem
3353 5158 3705 5237 ordinarie,
3779 5168 3842 5224 et

2298 5276 2650 5365 prohibitio
2702 5276 2991 5343 excludit
3029 5278 3451 5355 Sacerdotes;
3513 5287 3611 5343 est
3668 5275 3842 5342 enim

2298 5406 2481 5462 actus
2558 5392 2843 5460 Ordinis.
2891 5394 3280 5480 Dispensare
3327 5403 3543 5459 autem
3597 5391 3662 5457 in
3725 5391 3848 5456 hoe

2292 5522 2442 5610 jure
2482 5541 2611 5587 non
2671 5533 2920 5606 spectat
2977 5520 3053 5586 ad
3124 5520 3541 5607 Episcopum,
3615 5516 3728 5584 sed
3767 5514 3845 5582 ad
