<?xml version="1.0" encoding="UTF-8"?>
<!DOCTYPE html PUBLIC "-//W3C//DTD XHTML 1.0 Transitional//EN"
    "http://www.w3.org/TR/xhtml1/DTD/xhtml1-transitional.dtd">
<html xmlns="http://www.w3.org/1999/xhtml" xml:lang="en" lang="en">
 <head>
  <title>
</title>
<meta http-equiv="Content-Type" content="text/html;charset=utf-8" />
  <meta name='ocr-system' content='tesseract 3.04.00' />
  <meta name='ocr-capabilities' content='ocr_page ocr_carea ocr_par ocr_line ocrx_word'/>
</head>
<body>
  <div class='ocr_page' id='page_1' title='image "./joannisdunsscot01waddgoog_0349.png"; bbox 0 0 4287 6313; ppageno 0'>
   <div class='ocr_carea' id='block_1_1' title="bbox 114 2280 438 2533">
    <p class='ocr_par' dir='ltr' id='par_1_1' title="bbox 114 2280 438 2533">
     <span class='ocr_line' id='line_1_1' title="bbox 142 2280 410 2408; baseline 0 -17"><span class='ocrx_word' id='word_1_1' title='bbox 142 2280 311 2408; x_wconf 45' lang='lat' dir='ltr'>Magi.-</span> <span class='ocrx_word' id='word_1_2' title='bbox 340 2342 385 2391; x_wconf 83' lang='grc' dir='ltr'><strong>Κ</strong></span> <span class='ocrx_word' id='word_1_3' title='bbox 397 2377 410 2391; x_wconf 93' lang='grc'><strong>.</strong></span> 
     </span>
     <span class='ocr_line' id='line_1_2' title="bbox 114 2404 438 2533; baseline -0.006 -14"><span class='ocrx_word' id='word_1_4' title='bbox 114 2404 367 2533; x_wconf 54' lang='lat' dir='ltr'>Arig‘unii‘</span> <span class='ocrx_word' id='word_1_5' title='bbox 386 2466 438 2517; x_wconf 86' lang='lat'><strong>1.</strong></span> 
     </span>
    </p>
   </div>
   <div class='ocr_carea' id='block_1_2' title="bbox 118 3437 442 3504">
    <p class='ocr_par' dir='ltr' id='par_1_2' title="bbox 118 3437 442 3504">
     <span class='ocr_line' id='line_1_3' title="bbox 118 3437 442 3504; baseline 0 -14"><span class='ocrx_word' id='word_1_6' title='bbox 118 3441 352 3504; x_wconf 78' lang='lat' dir='ltr'>Argum.</span> <span class='ocrx_word' id='word_1_7' title='bbox 386 3437 442 3490; x_wconf 86' lang='grc'><strong>2.</strong></span> 
     </span>
    </p>
   </div>
   <div class='ocr_carea' id='block_1_3' title="bbox 125 4030 450 4095">
    <p class='ocr_par' dir='ltr' id='par_1_3' title="bbox 125 4030 450 4095">
     <span class='ocr_line' id='line_1_4' title="bbox 125 4030 450 4095; baseline -0.015 -14"><span class='ocrx_word' id='word_1_8' title='bbox 125 4031 354 4095; x_wconf 79' lang='lat' dir='ltr'>Argum.</span> <span class='ocrx_word' id='word_1_9' title='bbox 400 4030 450 4079; x_wconf 88' lang='grc'>3.</span> 
     </span>
    </p>
   </div>
   <div class='ocr_carea' id='block_1_4' title="bbox 1594 354 2477 434">
    <p class='ocr_par' dir='ltr' id='par_1_4' title="bbox 1594 354 2477 434">
     <span class='ocr_line' id='line_1_5' title="bbox 1594 354 2477 434; baseline -0.008 -12"><span class='ocrx_word' id='word_1_10' title='bbox 1594 360 1772 422; x_wconf 85' lang='lat' dir='ltr'>Dls&#39;r</span> <span class='ocrx_word' id='word_1_11' title='bbox 1815 360 1916 422; x_wconf 89' lang='lat' dir='ltr'>lll.</span> <span class='ocrx_word' id='word_1_12' title='bbox 1965 355 2327 434; x_wconf 79' lang='lat' dir='ltr'>QUAEsTio</span> <span class='ocrx_word' id='word_1_13' title='bbox 2377 354 2477 418; x_wconf 88' lang='lat' dir='ltr'>lV.</span> 
     </span>
    </p>
   </div>
   <div class='ocr_carea' id='block_1_5' title="bbox 3574 341 3691 408">
    <p class='ocr_par' dir='ltr' id='par_1_5' title="bbox 3574 341 3691 408">
     <span class='ocr_line' id='line_1_6' title="bbox 3574 341 3691 408; baseline -0.017 0"><span class='ocrx_word' id='word_1_14' title='bbox 3574 341 3691 408; x_wconf 82' lang='lat'>333</span> 
     </span>
    </p>
   </div>
   <div class='ocr_carea' id='block_1_6' title="bbox 455 509 3982 728">
    <p class='ocr_par' dir='ltr' id='par_1_6' title="bbox 455 509 3982 728">
     <span class='ocr_line' id='line_1_7' title="bbox 455 509 3668 612; baseline -0.002 -25"><span class='ocrx_word' id='word_1_15' title='bbox 455 521 676 591; x_wconf 86' lang='lat' dir='ltr'>versio</span> <span class='ocrx_word' id='word_1_16' title='bbox 741 523 965 611; x_wconf 89' lang='lat' dir='ltr'>nequit</span> <span class='ocrx_word' id='word_1_17' title='bbox 1024 544 1172 592; x_wconf 90' lang='lat' dir='ltr'>esse</span> <span class='ocrx_word' id='word_1_18' title='bbox 1210 522 1418 611; x_wconf 89' lang='lat' dir='ltr'>prima</span> <span class='ocrx_word' id='word_1_19' title='bbox 1480 522 1790 589; x_wconf 80' lang='lat' dir='ltr'>resolutio</span> <span class='ocrx_word' id='word_1_20' title='bbox 1851 519 2000 586; x_wconf 82' lang='lat' dir='ltr'>talis</span> <span class='ocrx_word' id='word_1_21' title='bbox 2115 530 2387 585; x_wconf 78' lang='lat' dir='ltr'>renatus</span> <span class='ocrx_word' id='word_1_22' title='bbox 2415 515 2628 601; x_wconf 81' lang='lat' dir='ltr'>fuerit</span> <span class='ocrx_word' id='word_1_23' title='bbox 2684 536 2768 581; x_wconf 75' lang='lat' dir='ltr'>ex</span> <span class='ocrx_word' id='word_1_24' title='bbox 2797 535 2995 602; x_wconf 82' lang='lat' dir='ltr'>aqua,</span> <span class='ocrx_word' id='word_1_25' title='bbox 3050 514 3203 612; x_wconf 81' lang='lat' dir='ltr'>ete.</span> <span class='ocrx_word' id='word_1_26' title='bbox 3257 527 3457 602; x_wconf 79' lang='lat' dir='ltr'>ergo</span> <span class='ocrx_word' id='word_1_27' title='bbox 3519 509 3668 580; x_wconf 83' lang='lat' dir='ltr'>Ba.-</span> 
     </span>
     <span class='ocr_line' id='line_1_8' title="bbox 461 626 3982 728; baseline -0.003 -21"><span class='ocrx_word' id='word_1_28' title='bbox 461 638 648 706; x_wconf 82' lang='lat' dir='ltr'>mixti</span> <span class='ocrx_word' id='word_1_29' title='bbox 681 659 796 726; x_wconf 90' lang='lat' dir='ltr'>per</span> <span class='ocrx_word' id='word_1_30' title='bbox 834 639 1081 726; x_wconf 85' lang='lat' dir='ltr'>ignem,</span> <span class='ocrx_word' id='word_1_31' title='bbox 1135 651 1207 705; x_wconf 90' lang='lat' dir='ltr'>ut</span> <span class='ocrx_word' id='word_1_32' title='bbox 1254 649 1432 727; x_wconf 90' lang='lat' dir='ltr'>patet</span> <span class='ocrx_word' id='word_1_33' title='bbox 1471 639 1550 705; x_wconf 91' lang='lat' dir='ltr'>ad</span> <span class='ocrx_word' id='word_1_34' title='bbox 1590 657 1860 705; x_wconf 88' lang='lat' dir='ltr'>sensum</span> <span class='ocrx_word' id='word_1_35' title='bbox 1893 655 2010 722; x_wconf 89' lang='lat' dir='ltr'>per</span> <span class='ocrx_word' id='word_1_36' title='bbox 2120 634 2465 728; x_wconf 87' lang='lat' dir='ltr'>ptismus</span> <span class='ocrx_word' id='word_1_37' title='bbox 2501 633 2684 725; x_wconf 87' lang='lat' dir='ltr'>post</span> <span class='ocrx_word' id='word_1_38' title='bbox 2719 628 2843 702; x_wconf 88' lang='lat' dir='ltr'>sui</span> <span class='ocrx_word' id='word_1_39' title='bbox 2870 626 3469 702; x_wconf 81' lang='lat' dir='ltr'>institutionem</span> <span class='ocrx_word' id='word_1_40' title='bbox 3492 629 3674 700; x_wconf 81' lang='lat' dir='ltr'>erat</span> <span class='ocrx_word' id='word_1_41' title='bbox 3741 628 3894 680; x_wconf 72' lang='lat'><strong>³0⁸⁰·</strong></span> <span class='ocrx_word' id='word_1_42' title='bbox 3928 628 3982 680; x_wconf 82' lang='lat'>3·</span> 
     </span>
    </p>
   </div>
   <div class='ocr_carea' id='block_1_7' title="bbox 459 753 2011 1073">
    <p class='ocr_par' dir='ltr' id='par_1_7' title="bbox 459 753 2011 1073">
     <span class='ocr_line' id='line_1_9' title="bbox 459 753 2011 846; baseline -0.002 -27"><span class='ocrx_word' id='word_1_43' title='bbox 459 754 952 840; x_wconf 82' lang='lat' dir='ltr'>experientiam.</span> <span class='ocrx_word' id='word_1_44' title='bbox 998 754 1123 822; x_wconf 91' lang='lat' dir='ltr'>Sed</span> <span class='ocrx_word' id='word_1_45' title='bbox 1181 753 1499 846; x_wconf 72' lang='lat' dir='ltr'>quidquid</span> <span class='ocrx_word' id='word_1_46' title='bbox 1564 753 1672 834; x_wconf 86' lang='lat' dir='ltr'>sit,</span> <span class='ocrx_word' id='word_1_47' title='bbox 1718 773 1848 820; x_wconf 90' lang='lat' dir='ltr'>non</span> <span class='ocrx_word' id='word_1_48' title='bbox 1912 762 2011 817; x_wconf 90' lang='lat' dir='ltr'>est</span> 
     </span>
     <span class='ocr_line' id='line_1_10' title="bbox 459 867 2004 958; baseline -0.001 -24"><span class='ocrx_word' id='word_1_49' title='bbox 459 868 658 958; x_wconf 90' lang='lat' dir='ltr'>hujus</span> <span class='ocrx_word' id='word_1_50' title='bbox 698 868 845 951; x_wconf 89' lang='lat' dir='ltr'>loci,</span> <span class='ocrx_word' id='word_1_51' title='bbox 885 869 952 937; x_wconf 90' lang='lat' dir='ltr'>in</span> <span class='ocrx_word' id='word_1_52' title='bbox 992 891 1122 957; x_wconf 91' lang='lat' dir='ltr'>quo</span> <span class='ocrx_word' id='word_1_53' title='bbox 1152 870 1371 957; x_wconf 88' lang='lat' dir='ltr'>agitur</span> <span class='ocrx_word' id='word_1_54' title='bbox 1401 868 1674 956; x_wconf 80' lang='lat' dir='ltr'>praecise</span> <span class='ocrx_word' id='word_1_55' title='bbox 1702 867 1783 934; x_wconf 90' lang='lat' dir='ltr'>de</span> <span class='ocrx_word' id='word_1_56' title='bbox 1813 886 2004 954; x_wconf 90' lang='lat' dir='ltr'>aqua,</span> 
     </span>
     <span class='ocr_line' id='line_1_11' title="bbox 459 983 1754 1073; baseline -0.002 -20"><span class='ocrx_word' id='word_1_57' title='bbox 459 1006 608 1073; x_wconf 79' lang='lat' dir='ltr'>quae</span> <span class='ocrx_word' id='word_1_58' title='bbox 641 985 941 1054; x_wconf 84' lang='lat' dir='ltr'>instituta</span> <span class='ocrx_word' id='word_1_59' title='bbox 968 999 1068 1054; x_wconf 91' lang='lat' dir='ltr'>est</span> <span class='ocrx_word' id='word_1_60' title='bbox 1107 986 1378 1052; x_wconf 87' lang='lat' dir='ltr'>materia</span> <span class='ocrx_word' id='word_1_61' title='bbox 1416 983 1754 1072; x_wconf 89' lang='lat' dir='ltr'>Baptismi.</span> 
     </span>
    </p>
   </div>
   <div class='ocr_carea' id='block_1_8' title="bbox 899 1282 1589 1367">
    <p class='ocr_par' dir='ltr' id='par_1_8' title="bbox 899 1282 1589 1367">
     <span class='ocr_line' id='line_1_12' title="bbox 899 1282 1589 1367; baseline -0.003 -13"><span class='ocrx_word' id='word_1_62' title='bbox 899 1282 1358 1367; x_wconf 81' lang='lat' dir='ltr'>QUAEsTIO</span> <span class='ocrx_word' id='word_1_63' title='bbox 1460 1283 1589 1354; x_wconf 92' lang='lat' dir='ltr'><strong>IV.</strong></span> 
     </span>
    </p>
   </div>
   <div class='ocr_carea' id='block_1_9' title="bbox 480 1518 2016 1606">
    <p class='ocr_par' dir='ltr' id='par_1_9' title="bbox 480 1518 2016 1606">
     <span class='ocr_line' id='line_1_13' title="bbox 480 1518 2016 1606; baseline -0.001 -20"><span class='ocrx_word' id='word_1_64' title='bbox 480 1521 714 1588; x_wconf 80' lang='lat' dir='ltr'>Utrum</span> <span class='ocrx_word' id='word_1_65' title='bbox 835 1521 1174 1587; x_wconf 77' lang='lat' dir='ltr'>institutio</span> <span class='ocrx_word' id='word_1_66' title='bbox 1293 1518 1624 1606; x_wconf 79' lang='lat' dir='ltr'>Baptismi</span> <span class='ocrx_word' id='word_1_67' title='bbox 1749 1527 2016 1585; x_wconf 75' lang='lat' dir='ltr'>evacuet</span> 
     </span>
    </p>
   </div>
   <div class='ocr_carea' id='block_1_10' title="bbox 947 1631 1587 1701">
    <p class='ocr_par' dir='ltr' id='par_1_10' title="bbox 947 1631 1587 1701">
     <span class='ocr_line' id='line_1_14' title="bbox 947 1631 1587 1701; baseline -0.003 0"><span class='ocrx_word' id='word_1_68' title='bbox 947 1635 1535 1701; x_wconf 76' lang='lat' dir='ltr'>Circumcisionem</span> <span class='ocrx_word' id='word_1_69' title='bbox 1554 1631 1587 1699; x_wconf 72' lang='grc'>,9</span> 
     </span>
    </p>
   </div>
   <div class='ocr_carea' id='block_1_11' title="bbox 467 1855 2014 2150">
    <p class='ocr_par' dir='ltr' id='par_1_11' title="bbox 467 1855 2014 2150">
     <span class='ocr_line' id='line_1_15' title="bbox 467 1855 2012 1931; baseline -0.003 -11"><span class='ocrx_word' id='word_1_70' title='bbox 467 1859 674 1920; x_wconf 83' lang='lat' dir='ltr'>Alensis</span> <span class='ocrx_word' id='word_1_71' title='bbox 698 1862 750 1919; x_wconf 80' lang='lat'><strong>4.</strong></span> <span class='ocrx_word' id='word_1_72' title='bbox 777 1877 833 1931; x_wconf 84' lang='lat' dir='ltr'>p.</span> <span class='ocrx_word' id='word_1_73' title='bbox 865 1878 919 1931; x_wconf 86' lang='lat' dir='ltr'><strong>q.</strong></span> <span class='ocrx_word' id='word_1_74' title='bbox 948 1863 1002 1917; x_wconf 68' lang='lat'>7⁸.</span> <span class='ocrx_word' id='word_1_75' title='bbox 1030 1877 1107 1918; x_wconf 85' lang='lat' dir='ltr'>m.</span> <span class='ocrx_word' id='word_1_76' title='bbox 1139 1861 1200 1917; x_wconf 85' lang='lat'><strong>9.</strong></span> <span class='ocrx_word' id='word_1_77' title='bbox 1242 1863 1307 1918; x_wconf 88' lang='lat' dir='ltr'>D.</span> <span class='ocrx_word' id='word_1_78' title='bbox 1341 1860 1549 1917; x_wconf 82' lang='lat' dir='ltr'>Bonav.</span> <span class='ocrx_word' id='word_1_79' title='bbox 1583 1855 1684 1917; x_wconf 70' lang='lat' dir='ltr'>h‘t&#39;c</span> <span class='ocrx_word' id='word_1_80' title='bbox 1710 1862 1768 1917; x_wconf 83' lang='lat'><strong>2.</strong></span> <span class='ocrx_word' id='word_1_81' title='bbox 1788 1874 1842 1928; x_wconf 82' lang='lat' dir='ltr'>p.</span> <span class='ocrx_word' id='word_1_82' title='bbox 1869 1875 1927 1918; x_wconf 86' lang='grc' dir='ltr'><strong>α.</strong></span> <span class='ocrx_word' id='word_1_83' title='bbox 1957 1860 2012 1916; x_wconf 89' lang='grc'>3.</span> 
     </span>
     <span class='ocr_line' id='line_1_16' title="bbox 536 1928 2014 2005; baseline -0.004 -13"><span class='ocrx_word' id='word_1_84' title='bbox 536 1952 590 2005; x_wconf 86' lang='lat' dir='ltr'><strong>q.</strong></span> <span class='ocrx_word' id='word_1_85' title='bbox 633 1937 683 1992; x_wconf 89' lang='lat'><strong>1.</strong></span> <span class='ocrx_word' id='word_1_86' title='bbox 728 1941 778 1988; x_wconf 76' lang='lat' dir='ltr'>et</span> <span class='ocrx_word' id='word_1_87' title='bbox 821 1935 878 1989; x_wconf 84' lang='lat'><strong>2.</strong></span> <span class='ocrx_word' id='word_1_88' title='bbox 911 1932 1169 1990; x_wconf 87' lang='lat' dir='ltr'>Richard.</span> <span class='ocrx_word' id='word_1_89' title='bbox 1203 1936 1262 1989; x_wconf 81' lang='lat' dir='ltr'><strong>d.</strong></span> <span class='ocrx_word' id='word_1_90' title='bbox 1299 1934 1350 1990; x_wconf 91' lang='lat'><strong>1.</strong></span> <span class='ocrx_word' id='word_1_91' title='bbox 1382 1948 1438 1989; x_wconf 85' lang='grc' dir='ltr'><strong>α.</strong></span> <span class='ocrx_word' id='word_1_92' title='bbox 1470 1935 1522 1990; x_wconf 91' lang='grc'><strong>6.</strong></span> <span class='ocrx_word' id='word_1_93' title='bbox 1552 1947 1610 2005; x_wconf 79' lang='lat' dir='ltr'><strong>q.</strong></span> <span class='ocrx_word' id='word_1_94' title='bbox 1644 1931 1694 1988; x_wconf 79' lang='lat'><strong>4.</strong></span> <span class='ocrx_word' id='word_1_95' title='bbox 1731 1939 1785 1987; x_wconf 78' lang='lat' dir='ltr'>et</span> <span class='ocrx_word' id='word_1_96' title='bbox 1816 1928 1911 1986; x_wconf 68' lang='lat' dir='ltr'>hic</span> <span class='ocrx_word' id='word_1_97' title='bbox 1956 1947 2014 1987; x_wconf 86' lang='lat' dir='ltr'>a.</span> 
     </span>
     <span class='ocr_line' id='line_1_17' title="bbox 536 2003 2014 2075; baseline -0.003 -13"><span class='ocrx_word' id='word_1_98' title='bbox 536 2008 589 2062; x_wconf 87' lang='lat'><strong>5.</strong></span> <span class='ocrx_word' id='word_1_99' title='bbox 615 2022 667 2075; x_wconf 85' lang='lat' dir='ltr'><strong>q.</strong></span> <span class='ocrx_word' id='word_1_100' title='bbox 697 2008 751 2061; x_wconf 91' lang='grc'><strong>2.</strong></span> <span class='ocrx_word' id='word_1_101' title='bbox 794 2010 843 2059; x_wconf 74' lang='lat' dir='ltr'>ct</span> <span class='ocrx_word' id='word_1_102' title='bbox 880 2005 937 2062; x_wconf 90' lang='grc'>3.</span> <span class='ocrx_word' id='word_1_103' title='bbox 991 2008 1057 2061; x_wconf 89' lang='lat' dir='ltr'>D.</span> <span class='ocrx_word' id='word_1_104' title='bbox 1088 2004 1278 2061; x_wconf 90' lang='lat' dir='ltr'>Thom.</span> <span class='ocrx_word' id='word_1_105' title='bbox 1327 2005 1383 2062; x_wconf 77' lang='lat' dir='ltr'><strong>d.</strong></span> <span class='ocrx_word' id='word_1_106' title='bbox 1440 2005 1487 2060; x_wconf 90' lang='lat'><strong>1.</strong></span> <span class='ocrx_word' id='word_1_107' title='bbox 1549 2019 1600 2072; x_wconf 85' lang='lat' dir='ltr'><strong>q.</strong></span> <span class='ocrx_word' id='word_1_108' title='bbox 1637 2003 1725 2059; x_wconf 83' lang='lat'><strong>10.</strong></span> <span class='ocrx_word' id='word_1_109' title='bbox 1786 2008 1834 2058; x_wconf 74' lang='lat' dir='ltr'>ct</span> <span class='ocrx_word' id='word_1_110' title='bbox 1871 2003 1930 2060; x_wconf 91' lang='grc'>3.</span> <span class='ocrx_word' id='word_1_111' title='bbox 1960 2019 2014 2072; x_wconf 82' lang='lat' dir='ltr'>p.</span> 
     </span>
     <span class='ocr_line' id='line_1_18' title="bbox 538 2074 1801 2150; baseline -0.002 -16"><span class='ocrx_word' id='word_1_112' title='bbox 538 2095 591 2150; x_wconf 80' lang='lat' dir='ltr'><strong>q.</strong></span> <span class='ocrx_word' id='word_1_113' title='bbox 627 2076 719 2135; x_wconf 85' lang='lat'><strong>66.</strong></span> <span class='ocrx_word' id='word_1_114' title='bbox 750 2092 806 2133; x_wconf 85' lang='grc' dir='ltr'><strong>α.</strong></span> <span class='ocrx_word' id='word_1_115' title='bbox 836 2079 891 2133; x_wconf 88' lang='grc'><strong>2.</strong></span> <span class='ocrx_word' id='word_1_116' title='bbox 927 2075 1088 2132; x_wconf 84' lang='lat' dir='ltr'>Suar.</span> <span class='ocrx_word' id='word_1_117' title='bbox 1119 2076 1176 2132; x_wconf 87' lang='lat'>3.</span> <span class='ocrx_word' id='word_1_118' title='bbox 1200 2091 1261 2144; x_wconf 87' lang='lat' dir='ltr'>p.</span> <span class='ocrx_word' id='word_1_119' title='bbox 1285 2081 1414 2132; x_wconf 75' lang='lat' dir='ltr'>tom.</span> <span class='ocrx_word' id='word_1_120' title='bbox 1440 2076 1494 2132; x_wconf 90' lang='grc'>3.</span> <span class='ocrx_word' id='word_1_121' title='bbox 1521 2077 1676 2143; x_wconf 78' lang='lat' dir='ltr'>disp.</span> <span class='ocrx_word' id='word_1_122' title='bbox 1706 2074 1801 2131; x_wconf 87' lang='lat'>31.</span> 
     </span>
    </p>
   </div>
   <div class='ocr_carea' id='block_1_12' title="bbox 474 2250 2032 3275">
    <p class='ocr_par' dir='ltr' id='par_1_12' title="bbox 474 2250 2032 3275">
     <span class='ocr_line' id='line_1_19' title="bbox 562 2250 2021 2346; baseline -0.002 -19"><span class='ocrx_word' id='word_1_123' title='bbox 562 2255 674 2327; x_wconf 91' lang='lat' dir='ltr'>Ad</span> <span class='ocrx_word' id='word_1_124' title='bbox 738 2256 1122 2346; x_wconf 86' lang='lat' dir='ltr'>quartum</span> <span class='ocrx_word' id='word_1_125' title='bbox 1168 2251 1641 2345; x_wconf 87' lang='lat' dir='ltr'>principale,</span> <span class='ocrx_word' id='word_1_126' title='bbox 1680 2250 1795 2324; x_wconf 92' lang='lat' dir='ltr'>sic</span> <span class='ocrx_word' id='word_1_127' title='bbox 1839 2271 2021 2344; x_wconf 87' lang='lat' dir='ltr'>pro·</span> 
     </span>
     <span class='ocr_line' id='line_1_20' title="bbox 474 2366 2023 2462; baseline -0.005 -17"><span class='ocrx_word' id='word_1_128' title='bbox 474 2370 789 2445; x_wconf 87' lang='lat' dir='ltr'>ceditur</span> <span class='ocrx_word' id='word_1_129' title='bbox 835 2374 918 2444; x_wconf 89' lang='lat' dir='ltr'>et</span> <span class='ocrx_word' id='word_1_130' title='bbox 976 2369 1383 2462; x_wconf 77' lang='lat' dir='ltr'>arguitur,</span> <span class='ocrx_word' id='word_1_131' title='bbox 1441 2368 1647 2460; x_wconf 89' lang='lat' dir='ltr'>quod</span> <span class='ocrx_word' id='word_1_132' title='bbox 1694 2366 2023 2442; x_wconf 86' lang='lat' dir='ltr'>institu-</span> 
     </span>
     <span class='ocr_line' id='line_1_21' title="bbox 474 2484 2024 2580; baseline -0.003 -19"><span class='ocrx_word' id='word_1_133' title='bbox 474 2487 591 2561; x_wconf 90' lang='lat' dir='ltr'>tio</span> <span class='ocrx_word' id='word_1_134' title='bbox 652 2485 1056 2580; x_wconf 90' lang='lat' dir='ltr'>Baptismi</span> <span class='ocrx_word' id='word_1_135' title='bbox 1135 2506 1295 2558; x_wconf 92' lang='lat' dir='ltr'>non</span> <span class='ocrx_word' id='word_1_136' title='bbox 1342 2484 1775 2559; x_wconf 83' lang='lat' dir='ltr'>evacuavit</span> <span class='ocrx_word' id='word_1_137' title='bbox 1855 2484 2024 2559; x_wconf 88' lang='lat' dir='ltr'>Cir·</span> 
     </span>
     <span class='ocr_line' id='line_1_22' title="bbox 474 2600 2028 2693; baseline -0.006 -17"><span class='ocrx_word' id='word_1_138' title='bbox 474 2603 1083 2682; x_wconf 85' lang='lat' dir='ltr'>cumeisionem,</span> <span class='ocrx_word' id='word_1_139' title='bbox 1149 2600 1336 2693; x_wconf 90' lang='lat' dir='ltr'>quia</span> <span class='ocrx_word' id='word_1_140' title='bbox 1415 2600 1704 2675; x_wconf 88' lang='lat' dir='ltr'>Matth.</span> <span class='ocrx_word' id='word_1_141' title='bbox 1755 2603 1823 2674; x_wconf 86' lang='lat'><strong>5.</strong></span> <span class='ocrx_word' id='word_1_142' title='bbox 1878 2602 2028 2668; x_wconf 82' lang='lat' dir='ltr'>Non</span> 
     </span>
     <span class='ocr_line' id='line_1_23' title="bbox 478 2715 2025 2809; baseline 0 -20"><span class='ocrx_word' id='word_1_143' title='bbox 478 2725 627 2789; x_wconf 80' lang='lat' dir='ltr'>oeni</span> <span class='ocrx_word' id='word_1_144' title='bbox 652 2722 907 2789; x_wconf 74' lang='lat' dir='ltr'>solvere</span> <span class='ocrx_word' id='word_1_145' title='bbox 937 2722 1166 2809; x_wconf 73' lang='lat' dir='ltr'>leqem,</span> <span class='ocrx_word' id='word_1_146' title='bbox 1219 2721 1336 2787; x_wconf 83' lang='lat' dir='ltr'>sed</span> <span class='ocrx_word' id='word_1_147' title='bbox 1394 2720 1794 2806; x_wconf 78' lang='lat' dir='ltr'>adimplere.</span> <span class='ocrx_word' id='word_1_148' title='bbox 1879 2715 2025 2790; x_wconf 87' lang='lat' dir='ltr'>Sed</span> 
     </span>
     <span class='ocr_line' id='line_1_24' title="bbox 478 2833 2023 2928; baseline -0.004 -18"><span class='ocrx_word' id='word_1_149' title='bbox 478 2834 1015 2910; x_wconf 72' lang='lat' dir='ltr'>circumcisio</span> <span class='ocrx_word' id='word_1_150' title='bbox 1048 2839 1228 2910; x_wconf 87' lang='lat' dir='ltr'>erat</span> <span class='ocrx_word' id='word_1_151' title='bbox 1272 2838 1680 2928; x_wconf 87' lang='lat' dir='ltr'>praecepta</span> <span class='ocrx_word' id='word_1_152' title='bbox 1714 2833 1794 2906; x_wconf 89' lang='lat' dir='ltr'>in</span> <span class='ocrx_word' id='word_1_153' title='bbox 1821 2833 2023 2924; x_wconf 84' lang='lat' dir='ltr'>lege,</span> 
     </span>
     <span class='ocr_line' id='line_1_25' title="bbox 483 2950 2029 3045; baseline -0.001 -24"><span class='ocrx_word' id='word_1_154' title='bbox 483 2955 1128 3045; x_wconf 78' lang='lat' dir='ltr'>Genesisi7.ergo</span> <span class='ocrx_word' id='word_1_155' title='bbox 1163 2950 1544 3026; x_wconf 86' lang='lat' dir='ltr'>Christus</span> <span class='ocrx_word' id='word_1_156' title='bbox 1611 2970 1772 3022; x_wconf 91' lang='lat' dir='ltr'>non</span> <span class='ocrx_word' id='word_1_157' title='bbox 1846 2968 2029 3022; x_wconf 90' lang='lat' dir='ltr'>eva-</span> 
     </span>
     <span class='ocr_line' id='line_1_26' title="bbox 479 3063 2030 3159; baseline -0.004 -18"><span class='ocrx_word' id='word_1_158' title='bbox 479 3066 753 3141; x_wconf 87' lang='lat' dir='ltr'>cuavit</span> <span class='ocrx_word' id='word_1_159' title='bbox 846 3087 1025 3138; x_wconf 91' lang='lat' dir='ltr'>eam</span> <span class='ocrx_word' id='word_1_160' title='bbox 1106 3065 1601 3140; x_wconf 90' lang='lat' dir='ltr'>instituendo</span> <span class='ocrx_word' id='word_1_161' title='bbox 1715 3063 2030 3159; x_wconf 88' lang='lat' dir='ltr'>Baptis-</span> 
     </span>
     <span class='ocr_line' id='line_1_27' title="bbox 489 3180 2032 3275; baseline -0.001 -22"><span class='ocrx_word' id='word_1_162' title='bbox 489 3202 730 3253; x_wconf 89' lang='lat' dir='ltr'>mum.</span> <span class='ocrx_word' id='word_1_163' title='bbox 769 3182 1348 3261; x_wconf 76' lang='lat' dir='ltr'>confirmatur.</span> <span class='ocrx_word' id='word_1_164' title='bbox 1387 3181 1576 3274; x_wconf 89' lang='lat' dir='ltr'>quia</span> <span class='ocrx_word' id='word_1_165' title='bbox 1609 3181 1779 3275; x_wconf 91' lang='lat' dir='ltr'>ipse</span> <span class='ocrx_word' id='word_1_166' title='bbox 1803 3180 2032 3256; x_wconf 87' lang='lat' dir='ltr'>Chri-</span> 
     </span>
    </p>
   </div>
   <div class='ocr_carea' id='block_1_13' title="bbox 479 3307 2034 5623">
    <p class='ocr_par' dir='ltr' id='par_1_13' title="bbox 483 3307 1760 3401">
     <span class='ocr_line' id='line_1_28' title="bbox 483 3307 1760 3401; baseline -0.002 -22"><span class='ocrx_word' id='word_1_167' title='bbox 483 3312 658 3381; x_wconf 84' lang='lat' dir='ltr'>stus</span> <span class='ocrx_word' id='word_1_168' title='bbox 692 3308 774 3381; x_wconf 92' lang='lat' dir='ltr'>in</span> <span class='ocrx_word' id='word_1_169' title='bbox 816 3329 900 3380; x_wconf 92' lang='lat' dir='ltr'>se</span> <span class='ocrx_word' id='word_1_170' title='bbox 943 3308 1120 3401; x_wconf 92' lang='lat' dir='ltr'>ipso</span> <span class='ocrx_word' id='word_1_171' title='bbox 1161 3328 1341 3381; x_wconf 90' lang='lat' dir='ltr'>eam</span> <span class='ocrx_word' id='word_1_172' title='bbox 1376 3307 1760 3401; x_wconf 76' lang='lat' dir='ltr'>suscepit.</span> 
     </span>
    </p>

    <p class='ocr_par' dir='ltr' id='par_1_14' title="bbox 480 3420 2032 3961">
     <span class='ocr_line' id='line_1_29' title="bbox 572 3420 2031 3505; baseline -0.003 -10"><span class='ocrx_word' id='word_1_173' title='bbox 572 3423 802 3505; x_wconf 87' lang='lat' dir='ltr'>Item,</span> <span class='ocrx_word' id='word_1_174' title='bbox 843 3425 1074 3493; x_wconf 75' lang='lat' dir='ltr'>Genes.</span> <span class='ocrx_word' id='word_1_175' title='bbox 1114 3425 1218 3496; x_wconf 88' lang='lat'><strong>17.</strong></span> <span class='ocrx_word' id='word_1_176' title='bbox 1262 3423 1453 3495; x_wconf 89' lang='lat' dir='ltr'>data</span> <span class='ocrx_word' id='word_1_177' title='bbox 1493 3420 1649 3496; x_wconf 86' lang='lat' dir='ltr'>fuit</span> <span class='ocrx_word' id='word_1_178' title='bbox 1681 3420 2031 3495; x_wconf 85' lang='lat' dir='ltr'>Abrahae</span> 
     </span>
     <span class='ocr_line' id='line_1_30' title="bbox 481 3538 2029 3631; baseline -0.004 -16"><span class='ocrx_word' id='word_1_179' title='bbox 481 3538 1016 3615; x_wconf 88' lang='lat' dir='ltr'>Circumcisio</span> <span class='ocrx_word' id='word_1_180' title='bbox 1097 3539 1180 3611; x_wconf 92' lang='lat' dir='ltr'>in</span> <span class='ocrx_word' id='word_1_181' title='bbox 1265 3538 1516 3613; x_wconf 86' lang='lat' dir='ltr'>foedus</span> <span class='ocrx_word' id='word_1_182' title='bbox 1608 3538 2029 3631; x_wconf 85' lang='lat' dir='ltr'>sempiter-</span> 
     </span>
     <span class='ocr_line' id='line_1_31' title="bbox 480 3656 2031 3748; baseline -0.001 -22"><span class='ocrx_word' id='word_1_183' title='bbox 480 3676 706 3737; x_wconf 90' lang='lat' dir='ltr'>num;</span> <span class='ocrx_word' id='word_1_184' title='bbox 746 3673 946 3748; x_wconf 86' lang='lat' dir='ltr'>ergo</span> <span class='ocrx_word' id='word_1_185' title='bbox 997 3656 1094 3728; x_wconf 89' lang='lat' dir='ltr'>ad</span> <span class='ocrx_word' id='word_1_186' title='bbox 1156 3674 1479 3747; x_wconf 85' lang='lat' dir='ltr'>semper</span> <span class='ocrx_word' id='word_1_187' title='bbox 1555 3673 2031 3747; x_wconf 89' lang='lat' dir='ltr'>permansu-</span> 
     </span>
     <span class='ocr_line' id='line_1_32' title="bbox 483 3767 2032 3864; baseline 0.001 -22"><span class='ocrx_word' id='word_1_188' title='bbox 483 3791 691 3855; x_wconf 89' lang='lat' dir='ltr'>rum,</span> <span class='ocrx_word' id='word_1_189' title='bbox 769 3770 1133 3863; x_wconf 91' lang='lat' dir='ltr'>alioquin</span> <span class='ocrx_word' id='word_1_190' title='bbox 1191 3790 1352 3843; x_wconf 91' lang='lat' dir='ltr'>non</span> <span class='ocrx_word' id='word_1_191' title='bbox 1402 3767 1693 3843; x_wconf 85' lang='lat' dir='ltr'>fuisset</span> <span class='ocrx_word' id='word_1_192' title='bbox 1737 3770 2032 3864; x_wconf 91' lang='lat' dir='ltr'>sempi-</span> 
     </span>
     <span class='ocr_line' id='line_1_33' title="bbox 485 3891 833 3961; baseline -0.017 0"><span class='ocrx_word' id='word_1_193' title='bbox 485 3891 833 3961; x_wconf 90' lang='lat' dir='ltr'>ternum.</span> 
     </span>
    </p>

    <p class='ocr_par' dir='ltr' id='par_1_15' title="bbox 479 4002 2033 5493">
     <span class='ocr_line' id='line_1_34' title="bbox 573 4002 2031 4086; baseline -0.002 -8"><span class='ocrx_word' id='word_1_194' title='bbox 573 4005 804 4086; x_wconf 85' lang='lat' dir='ltr'>Item,</span> <span class='ocrx_word' id='word_1_195' title='bbox 848 4003 1119 4076; x_wconf 92' lang='lat' dir='ltr'>nullus</span> <span class='ocrx_word' id='word_1_196' title='bbox 1183 4003 1528 4076; x_wconf 86' lang='lat' dir='ltr'>inferior</span> <span class='ocrx_word' id='word_1_197' title='bbox 1595 4002 1835 4077; x_wconf 88' lang='lat' dir='ltr'>habet</span> <span class='ocrx_word' id='word_1_198' title='bbox 1887 4024 2031 4076; x_wconf 87' lang='lat' dir='ltr'>au·-</span> 
     </span>
     <span class='ocr_line' id='line_1_35' title="bbox 484 4118 2031 4212; baseline 0.001 -21"><span class='ocrx_word' id='word_1_199' title='bbox 484 4121 956 4194; x_wconf 85' lang='lat' dir='ltr'>ctoritatem</span> <span class='ocrx_word' id='word_1_200' title='bbox 1026 4119 1454 4193; x_wconf 84' lang='lat' dir='ltr'>revocandi</span> <span class='ocrx_word' id='word_1_201' title='bbox 1505 4118 1763 4212; x_wconf 85' lang='lat' dir='ltr'>legem</span> <span class='ocrx_word' id='word_1_202' title='bbox 1796 4119 2031 4193; x_wconf 90' lang='lat' dir='ltr'>insti-</span> 
     </span>
     <span class='ocr_line' id='line_1_36' title="bbox 483 4235 2025 4329; baseline -0.002 -16"><span class='ocrx_word' id='word_1_203' title='bbox 483 4242 748 4313; x_wconf 89' lang='lat' dir='ltr'>tutam</span> <span class='ocrx_word' id='word_1_204' title='bbox 780 4256 828 4309; x_wconf 90' lang='lat' dir='ltr'>a</span> <span class='ocrx_word' id='word_1_205' title='bbox 852 4235 1279 4329; x_wconf 85' lang='lat' dir='ltr'>superiore</span> <span class='ocrx_word' id='word_1_206' title='bbox 1306 4260 1322 4317; x_wconf 88' lang='lat'><strong>;</strong></span> <span class='ocrx_word' id='word_1_207' title='bbox 1360 4236 1493 4308; x_wconf 89' lang='lat' dir='ltr'>sed</span> <span class='ocrx_word' id='word_1_208' title='bbox 1524 4238 1841 4309; x_wconf 84' lang='lat' dir='ltr'>certum</span> <span class='ocrx_word' id='word_1_209' title='bbox 1874 4241 2025 4318; x_wconf 88' lang='lat' dir='ltr'>est,</span> 
     </span>
     <span class='ocr_line' id='line_1_37' title="bbox 485 4353 2032 4448; baseline -0.001 -22"><span class='ocrx_word' id='word_1_210' title='bbox 485 4356 688 4448; x_wconf 88' lang='lat' dir='ltr'>quod</span> <span class='ocrx_word' id='word_1_211' title='bbox 728 4353 1120 4427; x_wconf 90' lang='lat' dir='ltr'>Dominus</span> <span class='ocrx_word' id='word_1_212' title='bbox 1164 4353 1523 4428; x_wconf 88' lang='lat' dir='ltr'>instituit</span> <span class='ocrx_word' id='word_1_213' title='bbox 1573 4353 1829 4446; x_wconf 83' lang='lat' dir='ltr'>legem</span> <span class='ocrx_word' id='word_1_214' title='bbox 1866 4354 2032 4425; x_wconf 94' lang='lat' dir='ltr'>Mo-</span> 
     </span>
     <span class='ocr_line' id='line_1_38' title="bbox 485 4468 2033 4552; baseline -0.001 -9"><span class='ocrx_word' id='word_1_215' title='bbox 485 4471 789 4544; x_wconf 88' lang='lat' dir='ltr'>saicam</span> <span class='ocrx_word' id='word_1_216' title='bbox 829 4474 910 4544; x_wconf 87' lang='lat' dir='ltr'>et</span> <span class='ocrx_word' id='word_1_217' title='bbox 960 4468 1713 4552; x_wconf 88' lang='lat' dir='ltr'>Circumcisionem,</span> <span class='ocrx_word' id='word_1_218' title='bbox 1749 4473 1828 4543; x_wconf 88' lang='lat' dir='ltr'>et</span> <span class='ocrx_word' id='word_1_219' title='bbox 1871 4490 2033 4545; x_wconf 92' lang='lat' dir='ltr'>non</span> 
     </span>
     <span class='ocr_line' id='line_1_39' title="bbox 483 4586 2027 4670; baseline 0.001 -11"><span class='ocrx_word' id='word_1_220' title='bbox 483 4586 898 4661; x_wconf 86' lang='lat' dir='ltr'>invenitur</span> <span class='ocrx_word' id='word_1_221' title='bbox 982 4587 1113 4659; x_wconf 92' lang='lat' dir='ltr'>ubi</span> <span class='ocrx_word' id='word_1_222' title='bbox 1190 4605 1368 4659; x_wconf 91' lang='lat' dir='ltr'>eam</span> <span class='ocrx_word' id='word_1_223' title='bbox 1487 4586 2027 4670; x_wconf 73' lang='lat' dir='ltr'>revocaverit,</span> 
     </span>
     <span class='ocr_line' id='line_1_40' title="bbox 479 4703 2030 4786; baseline 0.001 -11"><span class='ocrx_word' id='word_1_224' title='bbox 479 4704 728 4776; x_wconf 90' lang='lat' dir='ltr'>etiam</span> <span class='ocrx_word' id='word_1_225' title='bbox 792 4703 872 4776; x_wconf 91' lang='lat' dir='ltr'>in</span> <span class='ocrx_word' id='word_1_226' title='bbox 948 4723 1160 4776; x_wconf 89' lang='lat' dir='ltr'>novo</span> <span class='ocrx_word' id='word_1_227' title='bbox 1251 4705 1800 4786; x_wconf 87' lang='lat' dir='ltr'>Testamento,</span> <span class='ocrx_word' id='word_1_228' title='bbox 1865 4703 2030 4778; x_wconf 91' lang='lat' dir='ltr'>imo</span> 
     </span>
     <span class='ocr_line' id='line_1_41' title="bbox 485 4819 2031 4912; baseline -0.001 -18"><span class='ocrx_word' id='word_1_229' title='bbox 485 4819 861 4895; x_wconf 88' lang='lat' dir='ltr'>Christus</span> <span class='ocrx_word' id='word_1_230' title='bbox 930 4823 1104 4893; x_wconf 91' lang='lat' dir='ltr'>toto</span> <span class='ocrx_word' id='word_1_231' title='bbox 1180 4823 1551 4912; x_wconf 88' lang='lat' dir='ltr'>tempore</span> <span class='ocrx_word' id='word_1_232' title='bbox 1607 4820 1799 4894; x_wconf 86' lang='lat' dir='ltr'>vitae</span> <span class='ocrx_word' id='word_1_233' title='bbox 1866 4840 2031 4893; x_wconf 88' lang='lat' dir='ltr'>suae</span> 
     </span>
     <span class='ocr_line' id='line_1_42' title="bbox 485 4935 2033 5018; baseline -0.001 -9"><span class='ocrx_word' id='word_1_234' title='bbox 485 4936 889 5017; x_wconf 84' lang='lat' dir='ltr'>mortalis,</span> <span class='ocrx_word' id='word_1_235' title='bbox 979 4955 1160 5010; x_wconf 89' lang='lat' dir='ltr'>eam</span> <span class='ocrx_word' id='word_1_236' title='bbox 1260 4935 1647 5018; x_wconf 89' lang='lat' dir='ltr'>servavit,</span> <span class='ocrx_word' id='word_1_237' title='bbox 1781 4935 2033 5009; x_wconf 87' lang='lat' dir='ltr'>etiam</span> 
     </span>
     <span class='ocr_line' id='line_1_43' title="bbox 484 5051 2033 5144; baseline 0.001 -22"><span class='ocrx_word' id='word_1_238' title='bbox 484 5057 668 5127; x_wconf 83' lang='lat' dir='ltr'>ante</span> <span class='ocrx_word' id='word_1_239' title='bbox 765 5071 1077 5126; x_wconf 89' lang='lat' dir='ltr'>coenam</span> <span class='ocrx_word' id='word_1_240' title='bbox 1157 5051 1641 5126; x_wconf 87' lang='lat' dir='ltr'>comedendo</span> <span class='ocrx_word' id='word_1_241' title='bbox 1728 5071 2033 5144; x_wconf 84' lang='lat' dir='ltr'>agnum</span> 
     </span>
     <span class='ocr_line' id='line_1_44' title="bbox 488 5166 2033 5261; baseline 0.001 -22"><span class='ocrx_word' id='word_1_242' title='bbox 488 5166 1008 5249; x_wconf 88' lang='lat' dir='ltr'>Paschalem;</span> <span class='ocrx_word' id='word_1_243' title='bbox 1072 5166 1451 5261; x_wconf 87' lang='lat' dir='ltr'>discipuli</span> <span class='ocrx_word' id='word_1_244' title='bbox 1527 5174 1801 5242; x_wconf 88' lang='lat' dir='ltr'>autem</span> <span class='ocrx_word' id='word_1_245' title='bbox 1872 5188 2033 5241; x_wconf 89' lang='lat' dir='ltr'>non</span> 
     </span>
     <span class='ocr_line' id='line_1_45' title="bbox 484 5282 2033 5360; baseline 0.002 -5"><span class='ocrx_word' id='word_1_246' title='bbox 484 5282 939 5359; x_wconf 88' lang='lat' dir='ltr'>habuerunt</span> <span class='ocrx_word' id='word_1_247' title='bbox 996 5286 1581 5360; x_wconf 86' lang='lat' dir='ltr'>auctoritatem</span> <span class='ocrx_word' id='word_1_248' title='bbox 1655 5306 2033 5359; x_wconf 85' lang='lat' dir='ltr'>revocan-</span> 
     </span>
     <span class='ocr_line' id='line_1_46' title="bbox 486 5401 1104 5493; baseline -0.002 -19"><span class='ocrx_word' id='word_1_249' title='bbox 486 5401 876 5493; x_wconf 74' lang='lat' dir='ltr'>di3e1‘go,</span> <span class='ocrx_word' id='word_1_250' title='bbox 951 5405 1104 5476; x_wconf 90' lang='lat' dir='ltr'>etc.</span> 
     </span>
    </p>

    <p class='ocr_par' dir='ltr' id='par_1_16' title="bbox 561 5519 2034 5623">
     <span class='ocr_line' id='line_1_47' title="bbox 561 5519 2034 5623; baseline -0.007 -25"><span class='ocrx_word' id='word_1_251' title='bbox 561 5522 884 5623; x_wconf 43' lang='lat' dir='ltr'>„Contra</span> <span class='ocrx_word' id='word_1_252' title='bbox 935 5520 979 5592; x_wconf 85' lang='lat' dir='ltr'>J</span> <span class='ocrx_word' id='word_1_253' title='bbox 989 5519 1276 5594; x_wconf 92' lang='lat' dir='ltr'>oannis</span> <span class='ocrx_word' id='word_1_254' title='bbox 1317 5519 1567 5595; x_wconf 88' lang='lat' dir='ltr'>tertio</span> <span class='ocrx_word' id='word_1_255' title='bbox 1613 5545 1629 5591; x_wconf 74' lang='grc' dir='ltr'>ε</span> <span class='ocrx_word' id='word_1_256' title='bbox 1690 5523 1845 5592; x_wconf 80' lang='lat' dir='ltr'>Nisi</span> <span class='ocrx_word' id='word_1_257' title='bbox 1886 5523 2034 5611; x_wconf 78' lang='lat' dir='ltr'>quis</span> 
     </span>
    </p>
   </div>
   <div class='ocr_carea' id='block_1_14' title="bbox 2118 740 3678 1530">
    <p class='ocr_par' dir='ltr' id='par_1_17' title="bbox 2118 740 3678 1285">
     <span class='ocr_line' id='line_1_48' title="bbox 2121 740 3674 842; baseline -0.006 -20"><span class='ocrx_word' id='word_1_258' title='bbox 2121 746 2610 842; x_wconf 86' lang='lat' dir='ltr'>simpliciter</span> <span class='ocrx_word' id='word_1_259' title='bbox 2673 743 3193 821; x_wconf 89' lang='lat' dir='ltr'>necessarius</span> <span class='ocrx_word' id='word_1_260' title='bbox 3280 742 3379 814; x_wconf 90' lang='lat' dir='ltr'>ad</span> <span class='ocrx_word' id='word_1_261' title='bbox 3458 740 3674 814; x_wconf 91' lang='lat' dir='ltr'>salu-</span> 
     </span>
     <span class='ocr_line' id='line_1_49' title="bbox 2118 857 3672 954; baseline -0.007 -15"><span class='ocrx_word' id='word_1_262' title='bbox 2118 869 2327 946; x_wconf 88' lang='lat' dir='ltr'>tem;</span> <span class='ocrx_word' id='word_1_263' title='bbox 2399 882 2598 954; x_wconf 85' lang='lat' dir='ltr'>ergo</span> <span class='ocrx_word' id='word_1_264' title='bbox 2668 857 3202 936; x_wconf 85' lang='lat' dir='ltr'>Circumcisio</span> <span class='ocrx_word' id='word_1_265' title='bbox 3277 859 3400 930; x_wconf 88' lang='lat' dir='ltr'>est</span> <span class='ocrx_word' id='word_1_266' title='bbox 3487 875 3672 930; x_wconf 84' lang='lat' dir='ltr'>eva-</span> 
     </span>
     <span class='ocr_line' id='line_1_50' title="bbox 2121 974 3678 1072; baseline -0.006 -16"><span class='ocrx_word' id='word_1_267' title='bbox 2121 986 2385 1063; x_wconf 86' lang='lat' dir='ltr'>cuata,</span> <span class='ocrx_word' id='word_1_268' title='bbox 2433 979 2621 1072; x_wconf 90' lang='lat' dir='ltr'>quia</span> <span class='ocrx_word' id='word_1_269' title='bbox 2658 997 2819 1050; x_wconf 91' lang='lat' dir='ltr'>non</span> <span class='ocrx_word' id='word_1_270' title='bbox 2870 974 3113 1049; x_wconf 89' lang='lat' dir='ltr'>simul</span> <span class='ocrx_word' id='word_1_271' title='bbox 3173 976 3678 1049; x_wconf 87' lang='lat' dir='ltr'>concurrunt</span> 
     </span>
     <span class='ocr_line' id='line_1_51' title="bbox 2120 1086 3678 1170; baseline -0.006 0"><span class='ocrx_word' id='word_1_272' title='bbox 2120 1096 2276 1170; x_wconf 92' lang='lat' dir='ltr'>duo</span> <span class='ocrx_word' id='word_1_273' title='bbox 2340 1093 2691 1168; x_wconf 89' lang='lat' dir='ltr'>remedia</span> <span class='ocrx_word' id='word_1_274' title='bbox 2757 1088 3227 1164; x_wconf 87' lang='lat' dir='ltr'>necessaria</span> <span class='ocrx_word' id='word_1_275' title='bbox 3314 1090 3394 1162; x_wconf 89' lang='lat' dir='ltr'>et</span> <span class='ocrx_word' id='word_1_276' title='bbox 3455 1086 3678 1161; x_wconf 83' lang='lat' dir='ltr'>suffi-</span> 
     </span>
     <span class='ocr_line' id='line_1_52' title="bbox 2125 1206 3043 1285; baseline -0.009 0"><span class='ocrx_word' id='word_1_277' title='bbox 2125 1208 2427 1285; x_wconf 91' lang='lat' dir='ltr'>cientia</span> <span class='ocrx_word' id='word_1_278' title='bbox 2468 1212 2763 1283; x_wconf 85' lang='lat' dir='ltr'>contra</span> <span class='ocrx_word' id='word_1_279' title='bbox 2812 1206 3043 1280; x_wconf 91' lang='lat' dir='ltr'>idem.</span> 
     </span>
    </p>

    <p class='ocr_par' dir='ltr' id='par_1_18' title="bbox 2125 1323 3676 1530">
     <span class='ocr_line' id='line_1_53' title="bbox 2219 1323 3676 1409; baseline -0.009 -8"><span class='ocrx_word' id='word_1_280' title='bbox 2219 1329 2449 1409; x_wconf 82' lang='lat' dir='ltr'>Item,</span> <span class='ocrx_word' id='word_1_281' title='bbox 2488 1328 2584 1401; x_wconf 79' lang='lat' dir='ltr'>ad</span> <span class='ocrx_word' id='word_1_282' title='bbox 2625 1326 2886 1402; x_wconf 79' lang='lat' dir='ltr'>Galat.</span> <span class='ocrx_word' id='word_1_283' title='bbox 2945 1328 3015 1399; x_wconf 86' lang='lat'><strong>5.</strong></span> <span class='ocrx_word' id='word_1_284' title='bbox 3088 1327 3167 1394; x_wconf 83' lang='lat' dir='ltr'>Si</span> <span class='ocrx_word' id='word_1_285' title='bbox 3232 1323 3676 1392; x_wconf 80' lang='lat' dir='ltr'>circumcida-</span> 
     </span>
     <span class='ocr_line' id='line_1_54' title="bbox 2125 1441 3494 1530; baseline -0.005 -17"><span class='ocrx_word' id='word_1_286' title='bbox 2125 1447 2322 1528; x_wconf 81' lang='lat' dir='ltr'>mini,</span> <span class='ocrx_word' id='word_1_287' title='bbox 2362 1446 2669 1512; x_wconf 76' lang='lat' dir='ltr'>Christus</span> <span class='ocrx_word' id='word_1_288' title='bbox 2700 1445 2881 1512; x_wconf 80' lang='lat' dir='ltr'>vobis</span> <span class='ocrx_word' id='word_1_289' title='bbox 2930 1444 3108 1510; x_wconf 81' lang='lat' dir='ltr'>nihil</span> <span class='ocrx_word' id='word_1_290' title='bbox 3161 1441 3494 1530; x_wconf 79' lang='lat' dir='ltr'>proderit.</span> 
     </span>
    </p>
   </div>
   <div class='ocr_carea' id='block_1_15' title="bbox 2568 1683 3233 1752">
    <p class='ocr_par' dir='ltr' id='par_1_19' title="bbox 2568 1683 3233 1752">
     <span class='ocr_line' id='line_1_55' title="bbox 2568 1683 3233 1752; baseline -0.005 -1"><span class='ocrx_word' id='word_1_291' title='bbox 2568 1683 3233 1752; x_wconf 82' lang='lat' dir='ltr'><strong>COMMENTARIUS.</strong></span> 
     </span>
    </p>
   </div>
   <div class='ocr_carea' id='block_1_16' title="bbox 2129 1876 3697 3507">
    <p class='ocr_par' dir='ltr' id='par_1_20' title="bbox 2129 1876 3697 3507">
     <span class='ocr_line' id='line_1_56' title="bbox 2216 1876 3676 1991; baseline -0.003 -20"><span class='ocrx_word' id='word_1_292' title='bbox 2216 1876 2286 1971; x_wconf 73' lang='lat' dir='ltr'>lii</span> <span class='ocrx_word' id='word_1_293' title='bbox 2327 1906 2448 1970; x_wconf 93' lang='lat' dir='ltr'>hac</span> <span class='ocrx_word' id='word_1_294' title='bbox 2487 1900 2851 1991; x_wconf 82' lang='lat' dir='ltr'>quaestione</span> <span class='ocrx_word' id='word_1_295' title='bbox 2909 1900 3220 1987; x_wconf 85' lang='lat' dir='ltr'>supponit</span> <span class='ocrx_word' id='word_1_296' title='bbox 3286 1898 3497 1986; x_wconf 89' lang='lat' dir='ltr'>primo</span> <span class='ocrx_word' id='word_1_297' title='bbox 3528 1881 3676 1966; x_wconf 67' lang='lat' dir='ltr'>&#39;Ba-</span> 
     </span>
     <span class='ocr_line' id='line_1_57' title="bbox 2129 2019 3674 2110; baseline -0.006 -20"><span class='ocrx_word' id='word_1_298' title='bbox 2129 2023 2442 2110; x_wconf 88' lang='lat' dir='ltr'>ptismum</span> <span class='ocrx_word' id='word_1_299' title='bbox 2506 2020 2712 2088; x_wconf 79' lang='lat' dir='ltr'>fuisse</span> <span class='ocrx_word' id='word_1_300' title='bbox 2779 2019 3148 2087; x_wconf 87' lang='lat' dir='ltr'>institutum</span> <span class='ocrx_word' id='word_1_301' title='bbox 3190 2029 3340 2084; x_wconf 88' lang='lat' dir='ltr'>ante</span> <span class='ocrx_word' id='word_1_302' title='bbox 3398 2028 3674 2082; x_wconf 88' lang='lat' dir='ltr'>mortem</span> 
     </span>
     <span class='ocr_line' id='line_1_58' title="bbox 2132 2135 3677 2223; baseline -0.006 -15"><span class='ocrx_word' id='word_1_303' title='bbox 2132 2141 2400 2209; x_wconf 86' lang='lat' dir='ltr'>Christi.</span> <span class='ocrx_word' id='word_1_304' title='bbox 2445 2139 2768 2220; x_wconf 88' lang='lat' dir='ltr'>Secundo,</span> <span class='ocrx_word' id='word_1_305' title='bbox 2823 2135 3197 2206; x_wconf 88' lang='lat' dir='ltr'>institutum</span> <span class='ocrx_word' id='word_1_306' title='bbox 3273 2136 3677 2223; x_wconf 88' lang='lat' dir='ltr'>Baptismum</span> 
     </span>
     <span class='ocr_line' id='line_1_59' title="bbox 2131 2249 3686 2345; baseline -0.006 -21"><span class='ocrx_word' id='word_1_307' title='bbox 2131 2258 2339 2326; x_wconf 79' lang='lat' dir='ltr'>fuisse</span> <span class='ocrx_word' id='word_1_308' title='bbox 2397 2257 2580 2345; x_wconf 91' lang='lat' dir='ltr'>prius</span> <span class='ocrx_word' id='word_1_309' title='bbox 2617 2255 2739 2321; x_wconf 90' lang='lat' dir='ltr'>sub</span> <span class='ocrx_word' id='word_1_310' title='bbox 2777 2253 3052 2321; x_wconf 91' lang='lat' dir='ltr'>consilio</span> <span class='ocrx_word' id='word_1_311' title='bbox 3091 2263 3440 2338; x_wconf 89' lang='lat' dir='ltr'>antequam</span> <span class='ocrx_word' id='word_1_312' title='bbox 3481 2249 3686 2319; x_wconf 82' lang='lat' dir='ltr'>fuerit</span> 
     </span>
     <span class='ocr_line' id='line_1_60' title="bbox 2135 2366 3687 2461; baseline -0.006 -18"><span class='ocrx_word' id='word_1_313' title='bbox 2135 2375 2260 2443; x_wconf 92' lang='lat' dir='ltr'>sub</span> <span class='ocrx_word' id='word_1_314' title='bbox 2300 2384 2649 2461; x_wconf 80' lang='lat' dir='ltr'>praecepto,</span> <span class='ocrx_word' id='word_1_315' title='bbox 2710 2369 2951 2448; x_wconf 89' lang='lat' dir='ltr'>Tertio,</span> <span class='ocrx_word' id='word_1_316' title='bbox 3015 2368 3202 2436; x_wconf 91' lang='lat' dir='ltr'>docet</span> <span class='ocrx_word' id='word_1_317' title='bbox 3259 2366 3687 2434; x_wconf 88' lang='lat' dir='ltr'>Circumcisi-</span> 
     </span>
     <span class='ocr_line' id='line_1_61' title="bbox 2136 2482 3688 2572; baseline -0.006 -14"><span class='ocrx_word' id='word_1_318' title='bbox 2136 2510 2327 2558; x_wconf 89' lang='lat' dir='ltr'>onem</span> <span class='ocrx_word' id='word_1_319' title='bbox 2365 2509 2494 2554; x_wconf 88' lang='lat' dir='ltr'>uon</span> <span class='ocrx_word' id='word_1_320' title='bbox 2546 2487 2752 2554; x_wconf 83' lang='lat' dir='ltr'>fuisse</span> <span class='ocrx_word' id='word_1_321' title='bbox 2794 2496 3232 2558; x_wconf 83' lang='lat' dir='ltr'>evacuatam:</span> <span class='ocrx_word' id='word_1_322' title='bbox 3305 2482 3517 2572; x_wconf 88' lang='lat' dir='ltr'>quoad</span> <span class='ocrx_word' id='word_1_323' title='bbox 3556 2482 3688 2549; x_wconf 79' lang='lat' dir='ltr'>fru-</span> 
     </span>
     <span class='ocr_line' id='line_1_62' title="bbox 2137 2598 3694 2692; baseline -0.006 -18"><span class='ocrx_word' id='word_1_324' title='bbox 2137 2617 2314 2674; x_wconf 85' lang='lat' dir='ltr'>ctum</span> <span class='ocrx_word' id='word_1_325' title='bbox 2348 2617 2698 2692; x_wconf 80' lang='lat' dir='ltr'>antequam</span> <span class='ocrx_word' id='word_1_326' title='bbox 2738 2603 3110 2691; x_wconf 87' lang='lat' dir='ltr'>Baptismus</span> <span class='ocrx_word' id='word_1_327' title='bbox 3158 2600 3354 2668; x_wconf 81' lang='lat' dir='ltr'>fuerit</span> <span class='ocrx_word' id='word_1_328' title='bbox 3383 2598 3694 2667; x_wconf 85' lang='lat' dir='ltr'>solemni·</span> 
     </span>
     <span class='ocr_line' id='line_1_63' title="bbox 2137 2717 3685 2808; baseline -0.005 -19"><span class='ocrx_word' id='word_1_329' title='bbox 2137 2735 2237 2790; x_wconf 93' lang='lat' dir='ltr'>ter</span> <span class='ocrx_word' id='word_1_330' title='bbox 2312 2721 2767 2808; x_wconf 86' lang='lat' dir='ltr'>promulgatus</span> <span class='ocrx_word' id='word_1_331' title='bbox 2881 2717 2946 2783; x_wconf 90' lang='lat' dir='ltr'>in</span> <span class='ocrx_word' id='word_1_332' title='bbox 3036 2717 3143 2784; x_wconf 89' lang='lat' dir='ltr'>die</span> <span class='ocrx_word' id='word_1_333' title='bbox 3241 2720 3685 2783; x_wconf 73' lang='lat' dir='ltr'>pentecostes.</span> 
     </span>
     <span class='ocr_line' id='line_1_64' title="bbox 2139 2830 3690 2921; baseline -0.005 -16"><span class='ocrx_word' id='word_1_334' title='bbox 2139 2841 2406 2919; x_wconf 87' lang='lat' dir='ltr'>Quarto,</span> <span class='ocrx_word' id='word_1_335' title='bbox 2441 2836 2703 2903; x_wconf 88' lang='lat' dir='ltr'>diversa</span> <span class='ocrx_word' id='word_1_336' title='bbox 2735 2845 3026 2921; x_wconf 89' lang='lat' dir='ltr'>tempora</span> <span class='ocrx_word' id='word_1_337' title='bbox 3055 2845 3121 2900; x_wconf 86' lang='lat' dir='ltr'>et</span> <span class='ocrx_word' id='word_1_338' title='bbox 3150 2844 3360 2900; x_wconf 87' lang='lat' dir='ltr'>status</span> <span class='ocrx_word' id='word_1_339' title='bbox 3400 2830 3690 2899; x_wconf 78' lang='lat' dir='ltr'>Circum-</span> 
     </span>
     <span class='ocr_line' id='line_1_65' title="bbox 2140 2946 3692 3039; baseline -0.006 -18"><span class='ocrx_word' id='word_1_340' title='bbox 2140 2953 2409 3021; x_wconf 85' lang='lat' dir='ltr'>cisionis</span> <span class='ocrx_word' id='word_1_341' title='bbox 2456 2964 2520 3020; x_wconf 93' lang='lat' dir='ltr'>et</span> <span class='ocrx_word' id='word_1_342' title='bbox 2547 2951 2715 3039; x_wconf 86' lang='lat' dir='ltr'>legis</span> <span class='ocrx_word' id='word_1_343' title='bbox 2769 2949 3063 3035; x_wconf 85' lang='lat' dir='ltr'>exponit.</span> <span class='ocrx_word' id='word_1_344' title='bbox 3115 2947 3379 3029; x_wconf 87' lang='lat' dir='ltr'>Quinto,</span> <span class='ocrx_word' id='word_1_345' title='bbox 3424 2946 3692 3034; x_wconf 87' lang='lat' dir='ltr'>exponit</span> 
     </span>
     <span class='ocr_line' id='line_1_66' title="bbox 2140 3062 3690 3153; baseline -0.005 -16"><span class='ocrx_word' id='word_1_346' title='bbox 2140 3068 2654 3137; x_wconf 89' lang='lat' dir='ltr'>controversiam</span> <span class='ocrx_word' id='word_1_347' title='bbox 2711 3063 2791 3134; x_wconf 87' lang='lat' dir='ltr'>de</span> <span class='ocrx_word' id='word_1_348' title='bbox 2829 3065 3150 3153; x_wconf 80' lang='lat' dir='ltr'>legalibus</span> <span class='ocrx_word' id='word_1_349' title='bbox 3199 3062 3369 3131; x_wconf 90' lang='lat' dir='ltr'>inter</span> <span class='ocrx_word' id='word_1_350' title='bbox 3427 3066 3690 3130; x_wconf 87' lang='lat' dir='ltr'>Petrum</span> 
     </span>
     <span class='ocr_line' id='line_1_67' title="bbox 2141 3181 3690 3268; baseline -0.006 -14"><span class='ocrx_word' id='word_1_351' title='bbox 2141 3200 2205 3254; x_wconf 91' lang='lat' dir='ltr'>et</span> <span class='ocrx_word' id='word_1_352' title='bbox 2251 3184 2544 3265; x_wconf 90' lang='lat' dir='ltr'>Paulum,</span> <span class='ocrx_word' id='word_1_353' title='bbox 2597 3183 2768 3250; x_wconf 87' lang='lat' dir='ltr'>inter</span> <span class='ocrx_word' id='word_1_354' title='bbox 2832 3181 3303 3268; x_wconf 80' lang='lat' dir='ltr'>Hieronymum</span> <span class='ocrx_word' id='word_1_355' title='bbox 3360 3192 3424 3247; x_wconf 87' lang='lat' dir='ltr'>et</span> <span class='ocrx_word' id='word_1_356' title='bbox 3462 3185 3690 3268; x_wconf 85' lang='lat' dir='ltr'>Augu·</span> 
     </span>
     <span class='ocr_line' id='line_1_68' title="bbox 2141 3296 3697 3390; baseline -0.006 -19"><span class='ocrx_word' id='word_1_357' title='bbox 2141 3303 2412 3383; x_wconf 88' lang='lat' dir='ltr'>stiuum,</span> <span class='ocrx_word' id='word_1_358' title='bbox 2456 3314 2522 3369; x_wconf 91' lang='lat' dir='ltr'>et</span> <span class='ocrx_word' id='word_1_359' title='bbox 2551 3300 2904 3390; x_wconf 86' lang='lat' dir='ltr'>respondet</span> <span class='ocrx_word' id='word_1_360' title='bbox 2931 3298 3341 3388; x_wconf 87' lang='lat' dir='ltr'>argumentis</span> <span class='ocrx_word' id='word_1_361' title='bbox 3374 3297 3456 3364; x_wconf 88' lang='lat' dir='ltr'>ad</span> <span class='ocrx_word' id='word_1_362' title='bbox 3494 3296 3697 3363; x_wconf 90' lang='lat' dir='ltr'>limen</span> 
     </span>
     <span class='ocr_line' id='line_1_69' title="bbox 2142 3414 2945 3507; baseline -0.002 -22"><span class='ocrx_word' id='word_1_363' title='bbox 2142 3417 2530 3507; x_wconf 74' lang='lat' dir='ltr'>quaestionis</span> <span class='ocrx_word' id='word_1_364' title='bbox 2563 3414 2945 3504; x_wconf 81' lang='lat' dir='ltr'>propositiS.</span> 
     </span>
    </p>
   </div>
   <div class='ocr_carea' id='block_1_17' title="bbox 2716 3646 3126 3706">
    <p class='ocr_par' dir='ltr' id='par_1_21' title="bbox 2716 3646 3126 3706">
     <span class='ocr_line' id='line_1_70' title="bbox 2716 3646 3126 3706; baseline 0 -2"><span class='ocrx_word' id='word_1_365' title='bbox 2716 3646 3126 3706; x_wconf 82' lang='lat' dir='ltr'><strong>SCHOLIUM.</strong></span> 
     </span>
    </p>
   </div>
   <div class='ocr_carea' id='block_1_18' title="bbox 2140 3830 3695 4100">
    <p class='ocr_par' dir='ltr' id='par_1_22' title="bbox 2140 3830 3695 4100">
     <span class='ocr_line' id='line_1_71' title="bbox 2215 3830 3695 3904; baseline 0 -17"><span class='ocrx_word' id='word_1_366' title='bbox 2215 3832 2599 3904; x_wconf 80' lang='lat' dir='ltr'>Baptismum</span> <span class='ocrx_word' id='word_1_367' title='bbox 2630 3830 2824 3888; x_wconf 79' lang='lat' dir='ltr'>fuisse</span> <span class='ocrx_word' id='word_1_368' title='bbox 2856 3831 3211 3888; x_wconf 86' lang='lat' dir='ltr'>institutum</span> <span class='ocrx_word' id='word_1_369' title='bbox 3252 3833 3395 3888; x_wconf 90' lang='lat' dir='ltr'>ante</span> <span class='ocrx_word' id='word_1_370' title='bbox 3452 3831 3695 3901; x_wconf 82' lang='lat' dir='ltr'>passio-</span> 
     </span>
     <span class='ocr_line' id='line_1_72' title="bbox 2141 3926 3695 4001; baseline -0.001 -14"><span class='ocrx_word' id='word_1_371' title='bbox 2141 3943 2304 4000; x_wconf 84' lang='lat' dir='ltr'>nem,</span> <span class='ocrx_word' id='word_1_372' title='bbox 2364 3930 2481 3986; x_wconf 65' lang='lat' dir='ltr'>etsi</span> <span class='ocrx_word' id='word_1_373' title='bbox 2540 3942 2662 3986; x_wconf 90' lang='lat' dir='ltr'>non</span> <span class='ocrx_word' id='word_1_374' title='bbox 2709 3933 2877 3986; x_wconf 88' lang='lat' dir='ltr'>certo</span> <span class='ocrx_word' id='word_1_375' title='bbox 2935 3932 3167 3985; x_wconf 86' lang='lat' dir='ltr'>constet</span> <span class='ocrx_word' id='word_1_376' title='bbox 3221 3926 3486 4001; x_wconf 80' lang='lat' dir='ltr'>quando,</span> <span class='ocrx_word' id='word_1_377' title='bbox 3543 3928 3695 4000; x_wconf 87' lang='lat' dir='ltr'>quia</span> 
     </span>
     <span class='ocr_line' id='line_1_73' title="bbox 2140 4026 3692 4100; baseline -0.002 -14"><span class='ocrx_word' id='word_1_378' title='bbox 2140 4028 2439 4100; x_wconf 80' lang='lat' dir='ltr'>discipuli</span> <span class='ocrx_word' id='word_1_379' title='bbox 2472 4027 2701 4085; x_wconf 85' lang='lat' dir='ltr'>Christi</span> <span class='ocrx_word' id='word_1_380' title='bbox 2736 4026 3133 4097; x_wconf 82' lang='lat' dir='ltr'>baptizabant</span> <span class='ocrx_word' id='word_1_381' title='bbox 3163 4030 3307 4083; x_wconf 83' lang='lat' dir='ltr'>ante</span> <span class='ocrx_word' id='word_1_382' title='bbox 3337 4028 3475 4096; x_wconf 86' lang='lat' dir='ltr'>ejus</span> <span class='ocrx_word' id='word_1_383' title='bbox 3523 4040 3692 4085; x_wconf 86' lang='lat' dir='ltr'>mor-</span> 
     </span>
    </p>
   </div>
   <div class='ocr_carea' id='block_1_19' title="bbox 2141 4126 3703 4291">
    <p class='ocr_par' dir='ltr' id='par_1_23' title="bbox 2141 4126 3703 4291">
     <span class='ocr_line' id='line_1_74' title="bbox 2141 4126 3703 4198; baseline -0.002 -13"><span class='ocrx_word' id='word_1_384' title='bbox 2141 4133 2291 4196; x_wconf 89' lang='lat' dir='ltr'>tem,</span> <span class='ocrx_word' id='word_1_385' title='bbox 2325 4132 2388 4184; x_wconf 87' lang='lat' dir='ltr'>et</span> <span class='ocrx_word' id='word_1_386' title='bbox 2418 4128 2732 4198; x_wconf 84' lang='lat' dir='ltr'>Baptismo</span> <span class='ocrx_word' id='word_1_387' title='bbox 2763 4126 3017 4193; x_wconf 86' lang='lat' dir='ltr'>Christi,</span> <span class='ocrx_word' id='word_1_388' title='bbox 3078 4141 3197 4183; x_wconf 89' lang='lat' dir='ltr'>non</span> <span class='ocrx_word' id='word_1_389' title='bbox 3246 4127 3525 4197; x_wconf 87' lang='lat' dir='ltr'>Joannis,</span> <span class='ocrx_word' id='word_1_390' title='bbox 3587 4140 3703 4183; x_wconf 89' lang='lat' dir='ltr'>nec</span> 
     </span>
     <span class='ocr_line' id='line_1_75' title="bbox 2141 4219 3702 4291; baseline -0.004 -13"><span class='ocrx_word' id='word_1_391' title='bbox 2141 4222 2289 4287; x_wconf 88' lang='lat' dir='ltr'>alio,</span> <span class='ocrx_word' id='word_1_392' title='bbox 2325 4225 2392 4277; x_wconf 86' lang='lat' dir='ltr'>ut</span> <span class='ocrx_word' id='word_1_393' title='bbox 2417 4223 2631 4278; x_wconf 89' lang='lat' dir='ltr'>tenent</span> <span class='ocrx_word' id='word_1_394' title='bbox 2659 4221 2729 4276; x_wconf 90' lang='lat' dir='ltr'><strong>D.</strong></span> <span class='ocrx_word' id='word_1_395' title='bbox 2765 4221 2975 4277; x_wconf 85' lang='lat' dir='ltr'>Thom.</span> <span class='ocrx_word' id='word_1_396' title='bbox 2996 4219 3048 4275; x_wconf 89' lang='lat'><strong>3.</strong></span> <span class='ocrx_word' id='word_1_397' title='bbox 3078 4234 3138 4291; x_wconf 89' lang='lat' dir='ltr'>p.</span> <span class='ocrx_word' id='word_1_398' title='bbox 3172 4233 3231 4290; x_wconf 84' lang='lat' dir='ltr'><strong>q.</strong></span> <span class='ocrx_word' id='word_1_399' title='bbox 3263 4221 3355 4277; x_wconf 87' lang='grc'><strong>66.</strong></span> <span class='ocrx_word' id='word_1_400' title='bbox 3390 4234 3446 4277; x_wconf 84' lang='lat' dir='ltr'>a.</span> <span class='ocrx_word' id='word_1_401' title='bbox 3499 4222 3557 4277; x_wconf 85' lang='lat'><strong>2.</strong></span> <span class='ocrx_word' id='word_1_402' title='bbox 3596 4221 3702 4276; x_wconf 81' lang='lat' dir='ltr'>Ri-</span> 
     </span>
    </p>
   </div>
   <div class='ocr_carea' id='block_1_20' title="bbox 2141 4298 3702 4588">
    <p class='ocr_par' dir='ltr' id='par_1_24' title="bbox 2141 4298 3702 4588">
     <span class='ocr_line' id='line_1_76' title="bbox 2143 4298 3697 4390; baseline 0 -14"><span class='ocrx_word' id='word_1_403' title='bbox 2143 4322 2365 4376; x_wconf 79' lang='lat' dir='ltr'>chard.</span> <span class='ocrx_word' id='word_1_404' title='bbox 2400 4317 2504 4376; x_wconf 80' lang='lat' dir='ltr'>hic</span> <span class='ocrx_word' id='word_1_405' title='bbox 2533 4335 2589 4376; x_wconf 88' lang='lat' dir='ltr'>a.</span> <span class='ocrx_word' id='word_1_406' title='bbox 2616 4320 2670 4379; x_wconf 91' lang='lat'><strong>1.</strong></span> <span class='ocrx_word' id='word_1_407' title='bbox 2692 4333 2754 4390; x_wconf 87' lang='lat' dir='ltr'><strong>q.</strong></span> <span class='ocrx_word' id='word_1_408' title='bbox 2788 4319 2838 4375; x_wconf 90' lang='lat'><strong>1.</strong></span> <span class='ocrx_word' id='word_1_409' title='bbox 2869 4320 2939 4374; x_wconf 91' lang='lat' dir='ltr'><strong>D.</strong></span> <span class='ocrx_word' id='word_1_410' title='bbox 2971 4322 3199 4375; x_wconf 83' lang='lat' dir='ltr'>Bonav.</span> <span class='ocrx_word' id='word_1_411' title='bbox 3223 4298 3288 4375; x_wconf 74' lang='grc'><strong>’2.</strong></span> <span class='ocrx_word' id='word_1_412' title='bbox 3313 4332 3375 4388; x_wconf 88' lang='lat' dir='ltr'>p.</span> <span class='ocrx_word' id='word_1_413' title='bbox 3407 4334 3461 4375; x_wconf 86' lang='lat' dir='ltr'>a.</span> <span class='ocrx_word' id='word_1_414' title='bbox 3494 4319 3540 4375; x_wconf 89' lang='grc'><strong>1.</strong></span> <span class='ocrx_word' id='word_1_415' title='bbox 3560 4332 3619 4389; x_wconf 88' lang='lat' dir='ltr'><strong>q.</strong></span> <span class='ocrx_word' id='word_1_416' title='bbox 3645 4318 3697 4377; x_wconf 89' lang='lat'><strong>1.</strong></span> 
     </span>
     <span class='ocr_line' id='line_1_77' title="bbox 2141 4414 3702 4487; baseline 0 -15"><span class='ocrx_word' id='word_1_417' title='bbox 2141 4419 2398 4487; x_wconf 72' lang='lat' dir='ltr'>Auyuse.</span> <span class='ocrx_word' id='word_1_418' title='bbox 2446 4420 2528 4473; x_wconf 91' lang='lat' dir='ltr'>tr.</span> <span class='ocrx_word' id='word_1_419' title='bbox 2572 4417 2659 4473; x_wconf 88' lang='lat'><strong>13.</strong></span> <span class='ocrx_word' id='word_1_420' title='bbox 2694 4417 2758 4473; x_wconf 89' lang='lat' dir='ltr'>in</span> <span class='ocrx_word' id='word_1_421' title='bbox 2815 4418 2987 4474; x_wconf 87' lang='lat' dir='ltr'>Joan.</span> <span class='ocrx_word' id='word_1_422' title='bbox 3029 4419 3091 4473; x_wconf 87' lang='lat' dir='ltr'>et</span> <span class='ocrx_word' id='word_1_423' title='bbox 3134 4420 3218 4473; x_wconf 92' lang='lat' dir='ltr'>tr.</span> <span class='ocrx_word' id='word_1_424' title='bbox 3256 4414 3312 4473; x_wconf 90' lang='grc'><strong>5.</strong></span> <span class='ocrx_word' id='word_1_425' title='bbox 3338 4419 3399 4473; x_wconf 86' lang='lat' dir='ltr'>et</span> <span class='ocrx_word' id='word_1_426' title='bbox 3437 4414 3702 4473; x_wconf 83' lang='lat' dir='ltr'>habetur</span> 
     </span>
     <span class='ocr_line' id='line_1_78' title="bbox 2142 4515 3079 4588; baseline 0.002 -16"><span class='ocrx_word' id='word_1_427' title='bbox 2142 4530 2278 4588; x_wconf 87' lang='lat' dir='ltr'>cap.</span> <span class='ocrx_word' id='word_1_428' title='bbox 2313 4518 2512 4583; x_wconf 78' lang='lat' dir='ltr'>Aliud,</span> <span class='ocrx_word' id='word_1_429' title='bbox 2544 4516 2620 4573; x_wconf 86' lang='lat' dir='ltr'>de</span> <span class='ocrx_word' id='word_1_430' title='bbox 2649 4530 2891 4573; x_wconf 88' lang='lat' dir='ltr'>consec.</span> <span class='ocrx_word' id='word_1_431' title='bbox 2923 4515 2986 4575; x_wconf 88' lang='lat' dir='ltr'><strong>d.</strong></span> <span class='ocrx_word' id='word_1_432' title='bbox 3023 4517 3079 4574; x_wconf 79' lang='lat'><strong>4.</strong></span> 
     </span>
    </p>
   </div>
   <div class='ocr_carea' id='block_1_21' title="bbox 2139 4705 3699 5615">
    <p class='ocr_par' dir='ltr' id='par_1_25' title="bbox 2139 4705 3699 5615">
     <span class='ocr_line' id='line_1_79' title="bbox 2240 4705 3695 4801; baseline 0.003 -24"><span class='ocrx_word' id='word_1_433' title='bbox 2240 4705 2410 4780; x_wconf 85' lang='lat' dir='ltr'>Ista</span> <span class='ocrx_word' id='word_1_434' title='bbox 2451 4705 2917 4799; x_wconf 84' lang='lat' dir='ltr'>quaestio&lt;a)</span> <span class='ocrx_word' id='word_1_435' title='bbox 2952 4706 3337 4800; x_wconf 91' lang='lat' dir='ltr'>supponit</span> <span class='ocrx_word' id='word_1_436' title='bbox 3378 4707 3695 4801; x_wconf 88' lang='lat' dir='ltr'>Baptis-</span> 
     </span>
     <span class='ocr_line' id='line_1_80' title="bbox 2148 4820 3691 4915; baseline 0.004 -23"><span class='ocrx_word' id='word_1_437' title='bbox 2148 4840 2370 4897; x_wconf 90' lang='lat' dir='ltr'>mum</span> <span class='ocrx_word' id='word_1_438' title='bbox 2446 4820 2915 4899; x_wconf 84' lang='lat' dir='ltr'>institutum</span> <span class='ocrx_word' id='word_1_439' title='bbox 2991 4821 3243 4895; x_wconf 86' lang='lat' dir='ltr'>fuisse</span> <span class='ocrx_word' id='word_1_440' title='bbox 3328 4823 3410 4894; x_wconf 92' lang='lat' dir='ltr'>in</span> <span class='ocrx_word' id='word_1_441' title='bbox 3513 4822 3691 4915; x_wconf 84' lang='lat' dir='ltr'>lege</span> 
     </span>
     <span class='ocr_line' id='line_1_81' title="bbox 2143 4938 3697 5029; baseline 0.003 -21"><span class='ocrx_word' id='word_1_442' title='bbox 2143 4957 2381 5019; x_wconf 88' lang='lat' dir='ltr'>nova,</span> <span class='ocrx_word' id='word_1_443' title='bbox 2444 4938 2652 5029; x_wconf 90' lang='lat' dir='ltr'>quod</span> <span class='ocrx_word' id='word_1_444' title='bbox 2760 4958 3046 5012; x_wconf 85' lang='lat' dir='ltr'>verum</span> <span class='ocrx_word' id='word_1_445' title='bbox 3169 4944 3295 5013; x_wconf 88' lang='lat' dir='ltr'>est</span> <span class='ocrx_word' id='word_1_446' title='bbox 3396 4942 3477 5012; x_wconf 88' lang='lat' dir='ltr'>et</span> <span class='ocrx_word' id='word_1_447' title='bbox 3573 4959 3697 5012; x_wconf 87' lang='lat' dir='ltr'>ra-</span> 
     </span>
     <span class='ocr_line' id='line_1_82' title="bbox 2143 5053 3697 5149; baseline 0.001 -22"><span class='ocrx_word' id='word_1_448' title='bbox 2143 5053 2557 5127; x_wconf 89' lang='lat' dir='ltr'>tionabile.</span> <span class='ocrx_word' id='word_1_449' title='bbox 2618 5056 2946 5138; x_wconf 88' lang='lat' dir='ltr'>Verum,</span> <span class='ocrx_word' id='word_1_450' title='bbox 3004 5054 3217 5133; x_wconf 88' lang='lat' dir='ltr'>sicut</span> <span class='ocrx_word' id='word_1_451' title='bbox 3277 5059 3498 5149; x_wconf 90' lang='lat' dir='ltr'>patet</span> <span class='ocrx_word' id='word_1_452' title='bbox 3595 5078 3697 5132; x_wconf 84' lang='lat' dir='ltr'>ex</span> 
     </span>
     <span class='ocr_line' id='line_1_83' title="bbox 2139 5168 3686 5248; baseline 0.003 -8"><span class='ocrx_word' id='word_1_453' title='bbox 2139 5168 2420 5243; x_wconf 90' lang='lat' dir='ltr'>multis</span> <span class='ocrx_word' id='word_1_454' title='bbox 2464 5171 3100 5245; x_wconf 87' lang='lat' dir='ltr'>auctoritatibus</span> <span class='ocrx_word' id='word_1_455' title='bbox 3157 5171 3349 5246; x_wconf 89' lang='lat' dir='ltr'>novi</span> <span class='ocrx_word' id='word_1_456' title='bbox 3414 5174 3686 5248; x_wconf 85' lang='lat' dir='ltr'>Testa-</span> 
     </span>
     <span class='ocr_line' id='line_1_84' title="bbox 2147 5286 3692 5381; baseline 0.005 -24"><span class='ocrx_word' id='word_1_457' title='bbox 2147 5286 2422 5369; x_wconf 90' lang='lat' dir='ltr'>menti,</span> <span class='ocrx_word' id='word_1_458' title='bbox 2458 5291 2538 5360; x_wconf 89' lang='lat' dir='ltr'>et</span> <span class='ocrx_word' id='word_1_459' title='bbox 2581 5286 2916 5372; x_wconf 87' lang='lat' dir='ltr'>Christi,</span> <span class='ocrx_word' id='word_1_460' title='bbox 2968 5293 3051 5363; x_wconf 91' lang='lat' dir='ltr'>et</span> <span class='ocrx_word' id='word_1_461' title='bbox 3074 5289 3692 5381; x_wconf 89' lang='lat' dir='ltr'>Apostolorum,</span> 
     </span>
     <span class='ocr_line' id='line_1_85' title="bbox 2146 5401 3699 5498; baseline 0.004 -25"><span class='ocrx_word' id='word_1_462' title='bbox 2146 5401 2225 5473; x_wconf 90' lang='lat' dir='ltr'>in</span> <span class='ocrx_word' id='word_1_463' title='bbox 2282 5402 2569 5494; x_wconf 90' lang='lat' dir='ltr'>quibus</span> <span class='ocrx_word' id='word_1_464' title='bbox 2613 5404 3015 5498; x_wconf 86' lang='lat' dir='ltr'>probatur</span> <span class='ocrx_word' id='word_1_465' title='bbox 3045 5405 3494 5481; x_wconf 87' lang='lat' dir='ltr'>necessitas</span> <span class='ocrx_word' id='word_1_466' title='bbox 3556 5408 3699 5479; x_wconf 85' lang='lat' dir='ltr'>Ba·</span> 
     </span>
     <span class='ocr_line' id='line_1_86' title="bbox 2145 5519 3696 5615; baseline 0.007 -23"><span class='ocrx_word' id='word_1_467' title='bbox 2145 5519 2451 5612; x_wconf 75' lang='lat' dir='ltr'>ptismi,</span> <span class='ocrx_word' id='word_1_468' title='bbox 2517 5521 2723 5615; x_wconf 90' lang='lat' dir='ltr'>quod</span> <span class='ocrx_word' id='word_1_469' title='bbox 2787 5542 2950 5597; x_wconf 92' lang='lat' dir='ltr'>non</span> <span class='ocrx_word' id='word_1_470' title='bbox 3014 5528 3255 5610; x_wconf 90' lang='lat' dir='ltr'>esset,</span> <span class='ocrx_word' id='word_1_471' title='bbox 3292 5524 3453 5597; x_wconf 91' lang='lat' dir='ltr'>nisi</span> <span class='ocrx_word' id='word_1_472' title='bbox 3480 5528 3696 5603; x_wconf 86' lang='lat' dir='ltr'>esset</span> 
     </span>
    </p>
   </div>
   <div class='ocr_carea' id='block_1_22' title="bbox 3697 500 4015 631">
    <p class='ocr_par' dir='ltr' id='par_1_26' title="bbox 3697 500 4015 631">
     <span class='ocr_line' id='line_1_87' title="bbox 3783 500 3937 555; baseline -0.013 -2"><span class='ocrx_word' id='word_1_473' title='bbox 3783 500 3937 555; x_wconf 76' lang='lat' dir='ltr'>Ratio</span> 
     </span>
     <span class='ocr_line' id='line_1_88' title="bbox 3697 564 4015 631; baseline -0.006 -15"><span class='ocrx_word' id='word_1_474' title='bbox 3697 564 3762 616; x_wconf 75' lang='lat' dir='ltr'>ad</span> <span class='ocrx_word' id='word_1_475' title='bbox 3798 564 4015 631; x_wconf 67' lang='lat' dir='ltr'>opponit.</span> 
     </span>
    </p>
   </div>
   <div class='ocr_carea' id='block_1_23' title="bbox 3702 1918 4017 2111">
    <p class='ocr_par' dir='ltr' id='par_1_27' title="bbox 3702 1918 4017 2111">
     <span class='ocr_line' id='line_1_89' title="bbox 3747 1918 3966 1970; baseline 0.005 -1"><span class='ocrx_word' id='word_1_476' title='bbox 3747 1918 3887 1969; x_wconf 84' lang='lat' dir='ltr'>Ordo</span> <span class='ocrx_word' id='word_1_477' title='bbox 3913 1923 3966 1970; x_wconf 80' lang='lat' dir='ltr'>et</span> 
     </span>
     <span class='ocr_line' id='line_1_90' title="bbox 3778 1981 3963 2054; baseline -0.011 -23"><span class='ocrx_word' id='word_1_478' title='bbox 3778 1981 3963 2054; x_wconf 67' lang='lat' dir='ltr'>divisio</span> 
     </span>
     <span class='ocr_line' id='line_1_91' title="bbox 3702 2049 4017 2111; baseline 0.016 -17"><span class='ocrx_word' id='word_1_479' title='bbox 3702 2049 4017 2111; x_wconf 71' lang='lat' dir='ltr'>quaestionis.</span> 
     </span>
    </p>
   </div>
  </div>
 </body>
</html>
