4287 6313
542 461 661 526 514

260 625 513 687 ministra
561 619 919 712 suscepit
987 619 1226 689 extra
1293 605 1769 683 Ecclesiam,
1828 604 1915 673 ut
1956 599 2096 670 fiat

200 687 525 821 033381333102
556 735 999 829 discipulus
1050 726 1571 823 baptizantis.

216 819 523 930 03ρὲἷὲῗῶ
635 855 750 928 Ad
792 850 1247 927 secundum,
1288 844 1468 916 ‘dico
1522 836 1728 931 quod
1763 835 1922 914 ille,
1962 830 2095 922 qui

556 972 756 1067 petit
808 966 1319 1060 Baptismum
1354 980 1399 1032 a
1436 956 1647 1031 malo
1723 948 2098 1025 Sacerdo-

550 1096 656 1172 te,
690 1108 853 1160 non
902 1083 1399 1175 cooperatur
1459 1073 1578 1146 illi
1634 1070 1936 1143 directe
2005 1064 2099 1136 ad

556 1201 981 1301 peccatum
1053 1193 1443 1273 1nortale;
1492 1187 1696 1281 petit
1754 1180 1969 1256 enim
2003 1179 2100 1252 ab

554 1346 650 1398 eo
703 1326 976 1394 actum
1033 1310 1414 1392 debitum,
1493 1308 1571 1377 et
1615 1302 1696 1373 in
1757 1299 1907 1371 hoc
1941 1314 2102 1367 non

554 1436 974 1529 delinquit,
1022 1432 1209 1523 quia
1241 1422 1542 1498 nullius
1587 1414 1903 1491 malitia
1972 1432 2103 1483 ex-

560 1560 794 1633 cusat
835 1572 1018 1626 cum
1051 1572 1095 1622 a
1140 1544 1518 1620 solvendo
1553 1537 2103 1624 debitum,quo

558 1676 889 1746 tenetur
921 1664 1190 1739 alteri.
1242 1659 1389 1733 Ille
1435 1656 1684 1730 etiam
1722 1653 1951 1724 actus
1986 1666 2107 1739 pe·

566 1791 766 1866 titus
810 1787 1085 1880 posset
1129 1778 1336 1852 solvi
1397 1776 1569 1847 sine
1631 1770 1988 1864 peccato,
2041 1762 2109 1835 si

564 1906 1130 2001 baptizaturus
1193 1893 1796 1971 contereretur.
1894 1883 2113 1955 Unde

570 2028 962 2120 quantum
992 2024 1116 2092 est
1176 2037 1275 2087 ex
1316 2014 1500 2084 actu
1557 2002 1936 2099 petentis,
1986 2018 2113 2091 pe-

571 2148 749 2216 tens
795 2137 1055 2228 magis
1096 2130 1540 2205 necessitat
1595 2119 2117 2196 Sacerdotem

573 2260 669 2333 ad
739 2252 1303 2350 poenitendum,
1373 2263 1614 2338 quam
1683 2238 1777 2310 ad
1846 2237 2117 2307 actum

576 2370 985 2468 peccandi.
1033 2369 1112 2441 Si
1148 2369 1421 2438 autem
1454 2361 1587 2432 ille
1651 2374 1813 2427 non
1878 2346 2121 2443 poeni-

578 2496 771 2575 teat,
809 2490 1011 2563 nihil
1056 2482 1613 2578 imputandum
1658 2477 1784 2547 est
1833 2470 1931 2549 ei,
1989 2462 2123 2557 qui

582 2612 782 2704 petit
817 2608 1045 2681 illurn
1132 2606 1428 2681 actum,
1506 2595 1694 2687 quia
1768 2605 1927 2660 non
2007 2583 2123 2654 in-

578 2729 969 2818 quantum
1037 2721 1157 2792 est
1242 2716 1659 2809 peccatum
1719 2702 1945 2797 petit,
1994 2698 2126 2769 sed

580 2840 1066 2933 inquantum
1097 2832 1453 2906 debitum
1484 2830 1634 2898 est.

1027 3113 1683 3191 COMMENTARIUS.

362 3407 444 3459 10.
678 3405 765 3495 (a)
804 3404 1138 3479 Quantum
1178 3403 1397 3461 autem
1428 3388 1519 3456 ad
1547 3381 1903 3453 secundum
1936 3396 2133 3443 mem-

589 3527 798 3601 brum,
874 3531 1003 3584 etc.
1050 3517 1181 3580 Hoc
1218 3504 1507 3576 secundo
1542 3499 1814 3569 articulo
1855 3494 2136 3581 explicat

593 3647 849 3716 Doctor‚
894 3628 1217 3722 quomodo
1285 3622 1432 3712 quis
1489 3620 1721 3687 debeat
1777 3636 1848 3681 se
1906 3631 2140 3701 gerere

589 3758 760 3824 circa
805 3750 1174 3819 ministrum
1232 3739 1626 3826 improbum,
1707 3731 1819 3798 sed
1900 3727 2137 3794 tolera-

596 3887 761 3951 tum,
817 3890 935 3936 nec
1002 3861 1350 3953 praecisum
1417 3854 1496 3920 ab
1548 3848 1856 3917 Ecclesia.
1923 3844 2135 3911 Prima

330 4006 506 4076 Prima
600 3988 931 4061 conclusio
963 3995 1101 4052 est:
1147 3981 1201 4047 si
1251 3976 1397 4044 talis
1440 3993 1567 4038 non
1610 3969 1696 4034 sit
1728 3963 1977 4033 notorie
2008 3982 2141 4028 ma-

276 4071 548 4122 ⁰⁰⁰⁰¹⁰⁸¹⁰⁹
599 4112 727 4193 lus,
764 4105 875 4173 sed
925 4100 1245 4176 occultuS,
1301 4114 1429 4159 non
1481 4089 1693 4156 solum
1748 4093 1981 4171 potest,
2029 4078 2141 4147 sed

597 4229 791 4296 etiam
823 4231 1080 4290 tenetur
1127 4215 1206 4281 ab
1248 4234 1323 4278 eo
1364 4220 1583 4297 petere
1622 4207 2138 4277 Sacramentum,

601 4345 751 4432 quia
792 4349 1057 4427 propter
1106 4340 1438 4419 peccatum
1488 4319 1812 4390 occultum
1875 4333 2004 4381 non
2035 4313 2145 4379 de-

606 4463 712 4528 bet
749 4457 895 4545 quis
938 4453 1144 4518 vitare
1183 4447 1249 4512 in
1290 4443 1540 4511 actibus
1599 4433 1869 4503 notoriis
1931 4430 2146 4520 proxi-

267 4558 583 4686 ίζζξξθζῗῗά
610 4597 815 4643 mum.
879 4574 955 4637 Et
1020 4562 1469 4635 confirmatur,
1525 4554 1676 4642 quia
1717 4552 1879 4617 alter
1938 4547 2143 4614 estin

319 4687 533 4736 0ffi⁰³⁸¹³
614 4688 1026 4780 possessione
1093 4701 1231 4748 suae
1305 4676 1519 4750 famae,
1574 4690 1699 4757 qua
1769 4687 1894 4732 non
1942 4676 2151 4751 potest

618 4807 859 4898 privari
922 4805 1125 4891 juste,
1189 4808 1337 4861 ante
1413 4787 1806 4858 sententiam
1877 4781 2146 4871 judicis,

616 4929 719 4996 vel
777 4923 983 4990 donec
1047 4913 1474 4985 convincatur
1543 4902 1925 4970 notorietate
2003 4896 2151 4964 facti

611 5039 715 5108 vel
761 5036 932 5124 juris
973 5053 1085 5118 per
1126 5041 1529 5114 processum.

298 5206 565 5258 Peccatori
704 5158 781 5221 Et
819 5152 940 5216 hac
978 5146 1227 5212 ratione
1257 5139 1446 5205 debet
1478 5132 1789 5202 Sacerdos
1831 5126 2154 5194 ministra·

334 5271 530 5383 Οὲἓζὲζῡ
619 5294 688 5339 re
731 5271 1145 5334 Sacramenta
1217 5253 1470 5343 publice
1537 5245 1775 5335 petenti
1837 5239 2154 5330 peccatori

277 5396 573 5447 ministrari
622 5385 899 5460 occultO,
944 5390 1015 5443 ut
1084 5375 1248 5440 infra
1289 5371 1563 5446 dicetur,
1622 5367 1691 5428 in
1755 5361 2038 5426 materia
2078 5357 2160 5422 de

288 5459 593 5510 Sacramen-
909 5497 921 5510 ,
997 5495 1009 5507 .
1247 5488 1258 5499 .
1636 5479 1647 5490 .
1696 5478 1708 5489 .
1801 5477 1813 5488 .

621 5502 1084 5571 Eucliarzsctoe,
1153 5508 1305 5576 qula
1355 5504 1480 5549 non
1523 5489 1743 5547 amlslt
1791 5486 2153 5562 juspeten-

380 5528 487 5572 tum

314 5586 535 5652 publice.
619 5620 685 5688 di
743 5608 1299 5684 communionem,
1357 5620 1505 5668 cum
1538 5598 1622 5664 sit
1655 5592 1914 5661 adultus
1948 5588 2157 5676 bapti-

1709 443 1849 506 [ΑΒ.
1894 438 1994 502 lv.
2042 432 2640 500 SENTENTIARUM

2209 607 2415 675 zatuS,
2451 604 2514 660 et
2562 593 2627 658 in
2661 587 3077 679 possessione
3109 604 3249 651 suae
3287 582 3505 664 famae,
3555 596 3756 664 quan-

2207 725 2346 779 tum
2398 711 2476 777 ad
2517 709 2847 796 publicam
2890 702 3433 777 aestimationem;
3490 692 3604 763 sed
3647 713 3760 780 pe-

2209 828 2395 894 rinde
2424 828 2627 893 currit
2660 824 2888 890 eadem
2921 820 3089 887 ratio
3112 818 3178 884 in
3212 814 3570 904 proposito,
3608 809 3762 897 quia

2211 942 2509 1008 minister
2587 938 2755 1005 male
2834 936 3218 1002 ministrans
3266 934 3763 998 Sacramentum

2211 1078 2340 1123 non
2380 1055 2588 1142 magis
2630 1065 2871 1139 peccat,
2939 1068 3134 1139 quam
3206 1045 3536 1132 recipiens
3601 1039 3767 1106 male

2212 1171 2593 1259 dispositus,
2656 1170 2902 1235 imoex
2953 1162 3279 1252 frequenti
3320 1160 3629 1248 opinione
3661 1156 3770 1223 hic

2216 1287 2425 1373 magis
2483 1297 2724 1374 peccat,
2789 1284 2943 1371 quia
3011 1281 3225 1368 privat
3270 1281 3765 1344 Sacramentum

2215 1424 2333 1469 suo
2390 1401 2663 1479 effectu;
2729 1413 2792 1466 et
2834 1399 3003 1465 sicut
3056 1398 3119 1462 in
3165 1394 3423 1482 publica
3482 1390 3767 1458 aestima-

2217 1518 2393 1582 tione
2443 1527 2668 1602 petens
2709 1514 2904 1580 habet
2947 1514 3059 1599 jus
3107 1510 3186 1576 ad
3237 1510 3768 1601 Sacramentum,

2221 1633 2305 1699 ita
2358 1633 2550 1699 etiam
2607 1631 2921 1697 Sacerdos
2979 1630 3058 1695 ad
3112 1626 3554 1693 ministerium
3595 1624 3766 1709 ejuS,

2221 1750 2532 1838 quamdiu
2570 1771 2699 1814 non
2748 1763 2846 1815 est
2879 1746 3253 1812 diffamatus
3287 1744 3366 1810 de
3404 1740 3683 1809 crimine
3715 1750 3778 1805 et

2225 1866 2635 1951 impotentia.
2741 1888 2752 1897 ’

2315 1981 2526 2063 DiceS,
2597 1981 2824 2047 saltem
2886 1990 3145 2046 tenetur
3211 1976 3278 2041 in
3334 1972 3589 2041 occulto
3640 1992 3771 2037 non

2227 2107 2447 2183 petere
2485 2098 2565 2163 ab
2609 2118 2682 2162 eo
2717 2100 3231 2163 Sacramentum.
3294 2088 3774 2178 Respondetur‚

2230 2216 2544 2307 quidquid
2620 2214 2707 2280 sit
2745 2212 2846 2301 ‘de
2914 2211 3060 2277 aliis
3112 2206 3575 2283 sacramentis,
3631 2223 3783 2290 quae

2229 2337 2481 2422 dejure
2520 2352 2649 2397 non
2700 2330 2976 2415 exigunt
3025 2325 3507 2394 solemnitatem
3574 2319 3783 2406 publi-

2231 2473 2373 2519 cam
2421 2452 2485 2515 in
2547 2446 2915 2514 ministerio
2958 2445 3233 2532 privam,
3282 2439 3582 2528 negando
3630 2456 3783 2504 con-

2234 2566 2623 2653 sequentian
2692 2560 2904 2656 quoad
2942 2559 3372 2646 Baptismum,
3439 2556 3550 2644 qui
3592 2553 3787 2621 debet

2234 2681 2589 2749 ministrari
2622 2699 2772 2748 cum
2805 2677 3246 2750 solemnitate,
3285 2687 3348 2739 et
3389 2673 3647 2739 seclusa
3681 2691 3790 2735 ne-

2236 2799 2560 2865 cessitate.
2608 2794 2890 2874 Accedit,
2930 2806 2993 2859 et
3033 2813 3115 2859 ex
3155 2789 3373 2857 officio
3425 2789 3491 2855 in
3540 2788 3790 2854 incum·
4000 2859 4010 2868 ,

2240 2915 2394 2982 bere
2433 2913 2746 2991 Parocho,
2800 2911 2944 2978 sine
2991 2910 3185 2995 cujus
3243 2906 3506 2973 licentia
3564 2903 3793 2991 nequit
3863 2861 4111 2975 3323ss

2239 3031 2407 3097 alius
2473 3028 2657 3096 illum
2744 3025 3142 3102 ministrare,
3205 3020 3602 3108 acproinde
3662 3039 3790 3085 non

2243 3148 2394 3214 licet
2449 3145 2528 3213 ad
2581 3145 2783 3213 alium
2852 3163 3217 3224 recurrere,
3277 3141 3357 3207 ad
3418 3137 3797 3207 evitandum

2242 3275 2579 3351 peccatum
2622 3260 2917 3339 Parochi,
2957 3260 3100 3325 sine
3141 3256 3406 3324 licentia
3440 3256 3607 3342 eJus,
3645 3253 3802 3340 quia

2243 3381 2406 3446 alter
2467 3399 2583 3445 nec
2622 3379 2818 3443 habet
2866 3376 3159 3442 debitum
3208 3371 3653 3450 ministrandi,
3696 3391 3800 3436 ne-

2248 3516 2376 3582 que
2429 3495 2574 3561 sine
2622 3506 2882 3581 peccato
2943 3490 3131 3578 gravi
3186 3490 3539 3565 ministrat,
3613 3505 3799 3552 usur·

2249 3610 2461 3696 pando
2492 3611 2604 3697 jus
2670 3608 3014 3686 alienum;
3087 3607 3153 3670 in
3205 3604 3493 3670 parocho
3555 3613 3800 3680 autem,

2247 3727 2369 3795 etsi
2440 3726 2524 3792 sit
2595 3736 2931 3811 peccatum
2992 3721 3339 3799 occultum,
3408 3730 3507 3785 est
3584 3729 3801 3783 tamen

3853 1985 4085 2047 objectio
4096 2023 4109 2036 .

3851 2050 4104 2100 Solvitur.

2239 3842 2535 3909 'officium
2577 3854 2634 3908 et
2679 3840 2967 3906 debitum
3008 3835 3442 3916 ministrandi,
3503 3835 3606 3901 cui
3639 3846 3813 3901 tene-

2247 3975 2354 4030 tur
2394 3958 2835 4025 Parochianus
2870 3956 2950 4022 de
2985 3958 3160 4044 jure,
3219 3952 3309 4024 ita
3354 3965 3419 4019 ut
3461 3951 3649 4018 aliter
3726 3951 3814 4016 fa-

2250 4077 2481 4144 ciendo
2530 4087 2789 4163 peccet;
2837 4075 2891 4141 si
2944 4084 3160 4140 autem
3211 4071 3358 4139 sine
3436 4067 3819 4158 praejudicio

2255 4193 2522 4261 Parochi
2565 4192 2894 4280 provideri
2936 4190 3143 4277 possit
3194 4190 3443 4277 absque
3512 4185 3818 4253 scandalo

2254 4310 2547 4389 alteriuS‚
2587 4322 2655 4375 ut
2686 4309 2740 4375 si
2767 4309 3094 4374 Parochus
3126 4306 3232 4373 det
3261 4305 3589 4372 licentiam
3650 4324 3821 4391 prae-

2256 4426 2580 4495 tendendo
2668 4424 3028 4512 legitimam
3104 4423 3387 4510 aliquam
3499 4420 3821 4488 excusati·

2259 4566 2474 4622 onem,
2520 4556 2676 4609 tunc
2716 4541 2961 4628 obligat
3010 4540 3319 4619 charitaS‚
3358 4559 3430 4604 ac
3462 4535 3825 4603 reverentia

2263 4657 2473 4749 ipsius
2516 4659 2938 4728 sacramenti.

2349 4783 2444 4846 Ex
2528 4800 2657 4865 qno
2754 4774 3128 4844 excluditur
3211 4774 3456 4840 dictum
3554 4770 3822 4837 Adriani
3982 4791 4062 4842 11.

2264 4895 2476 4985 quoad
2523 4895 2671 4978 hoc,
2721 4895 2832 4981 qui
2869 4892 3025 4958 dicit
3073 4913 3108 4958 a
3149 4888 3496 4956 Sacerdote
3548 4910 3629 4955 ex
3678 4888 3824 4955 offi-
3881 4854 4158 4971 ἓξὲξ

2263 5014 2364 5079 cio
2454 5010 2742 5098 obligato
2829 5008 3204 5075 ministrare
3278 5008 3820 5094 Sacramentum,
3857 4982 4178 5111 proxffium.

2265 5149 2460 5217 posse
2530 5126 2677 5194 sine
2750 5137 3012 5213 peccato
3090 5123 3223 5210 peti
3306 5124 3825 5220 Sacramentum,

2267 5245 2409 5311 sive
2458 5244 2541 5309 sit
2584 5254 2846 5329 paratus
2897 5243 3071 5320 dare,
3121 5250 3231 5307 aut
3278 5238 3526 5305 notorie
3593 5239 3829 5313 malus,

2267 5362 2408 5427 sive
2444 5381 2595 5440 non,
2625 5360 2770 5446 quia
2816 5358 3092 5446 quisque
3138 5368 3350 5444 potest
3391 5369 3609 5442 petere
3641 5376 3834 5422 suum

2261 5477 2372 5565 jus
2422 5475 2485 5541 in
2545 5496 2613 5541 re
2656 5475 2829 5541 licita
2870 5486 2932 5539 et
2973 5487 3217 5540 saneta.
3267 5471 3390 5537 Sed
3432 5472 3555 5538 hoc
3595 5471 3834 5537 falsum

2268 5603 2368 5659 est
2435 5593 2499 5657 in
2576 5611 2886 5679 expresso
2944 5589 3082 5676 jam
3152 5608 3332 5670 casu,
3374 5587 3527 5675 quia
3605 5598 3832 5673 petens
