4287 6313
522 316 641 379 696

508 482 904 549 sacramenti
939 486 1397 572 appropriatur
1437 487 1503 553 in
1554 488 1888 574 Scriptura
1918 487 2054 554 suf-

511 595 708 665 ficiat.

183 715 466 829 D¹{{',²2{{‘⁸⁵
586 718 1039 839 'Congu-nentia
1092 734 1306 785 autem
1371 721 1713 808 desumpta
1791 743 1872 787 ex
1936 726 2053 787 Ba-

190 843 455 954 ssapziffmi,
513 841 749 913 pttsmo
810 852 937 897 non
1005 834 1337 900 convincit
1423 835 1822 922 oppositum,
1907 837 2055 923 quia

167 966 483 1039 Confirmati.
511 946 878 1032 Baptismus
945 962 1045 1016 est
1104 950 1381 1017 initiatio
1423 953 1707 1019 hominis
1769 954 1834 1018 in
1875 953 2054 1020 Chri-

216 1044 427 1144 suffixis.
508 1076 706 1140 stum,
768 1077 960 1152 atque
1008 1067 1168 1133 adeo
1218 1068 1283 1134 in
1353 1070 1601 1135 ratione
1648 1071 1863 1156 operis
1917 1092 2059 1157 pro-

507 1179 703 1245 fessio
779 1181 952 1262 fidei,
1036 1185 1179 1250 sine
1256 1206 1383 1272 qua
1470 1186 1876 1272 impossibile
1958 1200 2056 1253 est

504 1294 759 1380 placere
799 1300 951 1376 De0,
1000 1310 1068 1365 ut
1143 1321 1262 1365 suo
1332 1300 1469 1367 loco
1527 1301 1958 1385 ostendimuS,
1993 1316 2057 1369 et

504 1410 647 1478 ideo
695 1414 983 1501 exigitur
1052 1416 1117 1480 in
1195 1438 1272 1482 eo
1345 1438 1658 1505 expressa
1729 1418 2054 1484 invocatio

504 1527 699 1593 trium
742 1549 1169 1615 personarum
1249 1533 1373 1598 sub
1425 1533 1708 1620 propriis
1769 1534 2054 1600 nomini-

504 1642 648 1710 bus.
696 1644 1115 1713 Confirmatio
1188 1647 1337 1713 licet
1384 1648 1721 1715 ordinetur
1779 1650 1856 1715 ad
1917 1672 2055 1736 pro·

504 1758 857 1825 sessionem
910 1759 1061 1826 fidei
1155 1783 1272 1848 pro
1361 1773 1655 1849 tempore
1732 1784 2050 1851 congru0,

505 1875 892 1962 inquantum
951 1876 1058 1943 dat
1107 1860 1306 1944 robur
1354 1880 1432 1945 ad
1481 1900 1620 1946 eam
1664 1901 2056 1946 conservan-

502 1991 677 2071 dam,
715 1993 1257 2080 supponitipsam
1292 1994 1761 2082 professionem
1795 1996 2050 2077 factam,

503 2119 701 2194 atque
742 2108 899 2174 adeo
947 2109 1010 2174 in
1054 2109 1304 2177 ratione
1361 2112 1576 2197 operis
1616 2132 1745 2177 non
1787 2112 2058 2179 includit

505 2224 710 2310 ipsam
779 2225 1249 2311 professionem
1321 2227 1388 2291 in
1447 2228 1709 2310 effectu,
1784 2227 2056 2316 ideoque

511 2362 638 2438 non
669 2341 873 2408 currit
903 2343 1167 2430 paritas.

195 2465 485 2591 Degsscati·
598 2458 721 2525 Sed
790 2460 943 2548 quid
1005 2460 1385 2543 dicendum,
1468 2463 1521 2529 si
1593 2462 1781 2529 detur
1848 2464 2055 2530 forma

199 2607 259 2639 va
309 2590 447 2661 ‚foret
508 2575 999 2664 deprecatorie?
1062 2578 1515 2665 Respondetur
1569 2579 1705 2645 fore
1743 2580 2048 2663 validam,

189 2653 468 2779 Offiffiffir.
509 2696 677 2763 sicut
745 2720 943 2784 supra
1010 2700 1255 2768 dictum
1307 2714 1406 2768 est
1464 2702 1544 2769 de
1592 2702 1798 2769 forma
1848 2704 2056 2789 Bapti-

509 2811 658 2876 smi.
696 2815 931 2879 Contra
954 2814 1140 2880 docet
1173 2816 1483 2902 praefatus
1508 2829 1755 2898 auctor,
1793 2829 1856 2884 et
1876 2838 2055 2885 cont-

510 2928 794 2993 muniter
897 2930 1007 3016 qui
1078 2943 1317 3016 negant
1406 2931 1679 2999 formam
1746 2933 2054 3020 Baptismi

504 3039 1013 3126 deprecatoriam
1130 3064 1274 3109 esse
1395 3046 1852 3114 sufficientem.
1960 3048 2053 3114 Ad

504 3160 793 3229 rationes
872 3164 959 3230 ibi
1055 3163 1278 3230 allatas
1342 3187 1442 3232 me
1525 3168 1811 3252 remittO,
1906 3170 2056 3255 quia

506 3278 776 3364 perinde
817 3279 1010 3347 etiam
1072 3283 1175 3347 hic
1232 3281 1654 3363 concludunt,
1720 3285 1845 3352 nisi
1892 3290 2055 3355 forte

505 3394 777 3482 objicias
810 3396 977 3462 hanc
1017 3395 1291 3462 formam
1325 3418 1472 3464 esse
1522 3412 1737 3466 actum
1777 3403 2048 3487 ordiuiS,

511 3532 627 3579 seu
699 3512 1044 3597 procedere
1119 3535 1153 3578 a
1244 3521 1559 3600 potestate
1634 3518 1909 3602 ordinis,
1982 3543 2056 3588 ac

517 3627 793 3714 proinde
832 3627 1067 3694 debere
1124 3629 1404 3716 exprimi
1447 3631 1639 3698 modo
1674 3634 2049 3704 indicativo,

514 3744 919 3832 Responde0‚
975 3745 1145 3811 sicut
1174 3746 1239 3811 in
1283 3747 1489 3813 forma
1530 3769 1657 3815 non
1700 3753 2056 3838 requiritur

511 3860 789 3947 exprimi
822 3881 1013 3928 causa
1050 3861 1570 3930 instrumentalis
1612 3886 1725 3932 seu
1764 3867 2054 3934 ministe-

512 3975 715 4056 rialiS,
780 3977 875 4044 sic
926 3998 1055 4043 non
1106 3978 1373 4065 requiri,
1439 3992 1510 4047 ut
1569 3981 1712 4067 ejus
1768 3995 2054 4068 potestas

506 4093 935 4180 exprimatur,
1028 4108 1379 4183 utrumque
1466 4111 1645 4185 patet
1708 4120 1787 4166 ex
1849 4101 2055 4167 forma

506 4211 879 4277 Graecorum
923 4211 1304 4298 praemissa3
1368 4213 1465 4280 sic
1524 4214 1591 4280 in
1663 4215 1871 4282 forma
1913 4238 2054 4284 cor-

505 4326 682 4413 poris
713 4341 775 4393 et
834 4328 1205 4415 sanguiniS,
1244 4349 1396 4416 quae
1432 4330 1671 4398 dicitur
1712 4333 1776 4398 in
1841 4354 2054 4420 perso—

508 4464 588 4509 na
621 4443 890 4520 Christi,
930 4465 1059 4510 non
1092 4444 1485 4530 exprimitur
1535 4467 1745 4535 neque
1778 4470 2056 4535 persona

508 4559 819 4644 ministri,
858 4581 1069 4647 neque
1099 4561 1292 4627 etiam
1345 4573 1629 4649 potestas
1660 4564 2055 4632 characteris

508 4698 623 4743 seu
666 4676 938 4743 ordinis,
987 4681 1058 4743 ln
1100 4678 1430 4764 Baptismo
1489 4679 1683 4746 etiam
1742 4682 2054 4748 Sacerdos

510 4793 866 4872 ministrat,
914 4806 983 4859 ut
1049 4794 1298 4859 habens
1352 4806 1735 4880 potestatem
1777 4796 2048 4878 ordinis,

509 4923 572 4979 et
612 4923 917 4998 tanquam
964 4911 1261 4978 minister
1299 4913 1692 4996 ordinarius,
1745 4916 1848 4983 cui
1881 4937 2053 4981 com-

510 5027 671 5114 petit
713 5027 1063 5112 baptizare,
1131 5028 1194 5093 in
1246 5029 1451 5095 forma
1518 5043 1733 5099 tamen
1802 5035 2054 5100 Graeco-

508 5166 654 5214 rum
698 5167 824 5212 nou
877 5147 1118 5213 indicat
1164 5150 1611 5216 auctoritatem
1671 5171 1878 5227 suam,
1943 5164 2054 5218 aut

510 5271 891 5348 potestatem
932 5262 1203 5329 ordinis

597 5381 783 5460 Item,
847 5379 912 5443 in
966 5379 1178 5444 edicto
1227 5382 1632 5449 Constantini
1692 5384 1899 5451 forma
1955 5398 2056 5451 est

514 5496 966 5582 deprecativa3
1030 5494 1145 5562 sed
1204 5498 1551 5584 respondet
1590 5501 1827 5567 Suarez
1884 5503 2051 5568 Con-

197 3757 444 3810 Solvitur.

183 5459 283 5507 Res
287 5456 477 5520 ponsiO.

1649 326 1794 388 ΜΒ.
1844 326 1943 386 lv.
1992 324 2589 389 SENTEN'rlARUM

2165 486 2523 553 stantinum
2560 506 2688 553 non
2720 486 3023 553 retulisse
3051 483 3292 560 omnia,
3332 501 3481 568 quae
3534 475 3707 554 fecit,
3794 497 4033 548 Sumz.

2167 615 2277 668 aut
2316 603 2481 670 dixit
2511 603 2869 689 sylvester,
2909 601 3020 668 sed
3043 598 3322 667 concisis
3352 594 3574 663 verbis
3607 593 3707 658 in-
3766 584 4083 639 Retentitur.

2168 718 2489 785 sinuasse.
2537 722 2796 797 Contra,
2859 719 3056 783 verba
3099 711 3505 783 Constantini
3559 718 3713 776 sunt

2168 836 2378 902 clara:
2427 837 2786 921 Sylvcslcr,
2827 834 3061 923 inquit,
3100 836 3311 900 levato
3353 829 3557 897 mede
3601 848 3711 892 ve-

2169 953 2459 1017 nerabili
2485 954 2674 1037 fonce
2712 951 3021 1016 indutum
3083 948 3360 1015 vestibus
3401 943 3716 1010 candidis

2166 1071 2578 1154 septiformis
2613 1070 2855 1155 qratiae
2894 1068 3192 1153 Spiritus
3220 1064 3458 1142 sancti,
3503 1061 3714 1127 consi-

2167 1187 2551 1271 gnationem
2582 1186 2888 1251 adhibuit
2918 1185 3089 1250 beati
3121 1182 3501 1248 chrismalis
3523 1181 3714 1244 imm-
3745 1207 4080 1278 verba-cpu-

2169 1304 2399 1379 clione,
2449 1312 2508 1366 ec
2558 1303 2875 1367 vcoeillum
2917 1312 3161 1366 sancloe
3206 1298 3438 1364 Crucis
3471 1298 3543 1361 in
3571 1316 3716 1359 mca
3745 1273 4080 1381 Ρζῗῦῗξωᾰε,

2169 1417 2395 1500 fronte
2428 1417 2675 1494 linivit,
2733 1416 3005 1482 dicens:
3037 1417 3270 1501 Siynct
3320 1426 3379 1480 te
3409 1414 3582 1477 Deus
3616 1433 3709 1477 vc·
3746 1396 4070 1458 me‘i'·

2169 1531 2341 1596 :cillo
2386 1531 2705 1614 fideisuae
2737 1532 2810 1596 in
2858 1533 3127 1596 nomine
3174 1531 3403 1594 Patris
3433 1540 3492 1593 cc
3549 1527 3721 1592 Filii

2169 1660 2229 1712 cl
2261 1647 2560 1732 Spiritus
2598 1647 2814 1712 sancti
2844 1648 2919 1712 in
2966 1646 3469 1732 consiynationc
3505 1643 3671 1727 fidei
3697 1669 3717 1717 ‚-

2170 1773 2562 1848 cunctusque
2626 1764 2841 1828 clerus
2884 1763 3253 1848 respondit.
3311 1761 3545 1839 Amen,
3591 1771 3715 1826 ete.

2169 1881 2430 1947 Nullum
2457 1880 2689 1947 rituale
2719 1880 3070 1968 perfectius
3102 1879 3380 1966 explicat
3409 1899 3718 1945 eaeremo-

2170 1997 2343 2062 niam
2413 1996 2985 2074 Confirmationis;
3052 1995 3260 2083 primo
3348 1994 3575 2061 asserit
3652 2015 3722 2061 se

2171 2134 2319 2178 mox
2353 2134 2387 2179 a
2419 2133 2603 2178 sacro
2670 2113 2845 2179 fonte
2911 2112 3223 2178 vestitum
3267 2111 3469 2178 fuisse
3535 2124 3718 2178 veste

2168 2228 2467 2307 candida,
2526 2248 2652 2315 qua
2720 2228 3070 2294 utebantur
3129 2247 3353 2294 recens
3416 2228 3716 2313 baptizati

2169 2367 2374 2434 usque
2415 2347 2495 2411 ad
2546 2345 2946 2412 Dominicam
3014 2346 3078 2412 in
3148 2346 3352 2423 Albis,
3407 2358 3472 2411 et
3527 2346 3718 2432 cujus
3764 2352 4041 2462 ‚Ngopbyti

2170 2464 2464 2531 meminit
2516 2464 2865 2550 Dionysius
2926 2463 3008 2530 dc
3055 2466 3524 2530 Ecclesiastica
3570 2466 3714 2531 lzie-
3758 2418 4048 2531 {Zrugffigs

2164 2581 2461 2659 rarchia,
2518 2601 2665 2666 cap.
2711 2583 2772 2649 ⁶2.
2813 2580 3095 2667 Cyrillus
3135 2580 3717 2666 lerosolymitanus

2172 2698 2511 2763 Cctceclaesi
2546 2702 2606 2763 5.
2654 2696 3040 2763 Ambrosius
3078 2695 3284 2762 dehis
3316 2696 3425 2783 qui
3460 2696 3718 2762 initian·

2170 2825 2298 2892 tur,
2362 2834 2509 2898 cap.
2576 2816 2639 2876 7.
2711 2812 3124 2898 Augustinus
3179 2833 3375 2877 serm.
3436 2816 3582 2879 157.
3638 2811 3722 2876 de

2169 2940 2479 3016 tempore,
2519 2929 2630 3017 qui
2672 2940 2770 2995 est
2801 2930 3051 3015 primus
3086 2929 3148 2994 iu
3174 2944 3403 2994 octava
3443 2929 3721 2994 Pascha·

2163 3045 2271 3125 tis,
2341 3045 2691 3131 Gregorius
2723 3047 2997 3130 Magnus
3068 3043 3133 3106 in
3174 3044 3716 3118 Sacramentario,

2169 3162 2485 3228 Alcuinus
2533 3161 2615 3227 dc
2659 3162 2923 3246 Officiis
2988 3159 3368 3228 Ecclesiasc.
3405 3181 3550 3246 cap.
3605 3161 3709 3224 19.

2167 3269 2534 3335 Amalarius
2566 3291 2712 3355 cap.
2770 3271 2878 3335 29.
2933 3268 3240 3334 Rabanus
3294 3268 3376 3333 de
3425 3269 3714 3333 institut.

2167 3386 2386 3452 cleric.
2433 3407 2488 3452 c.
2535 3388 2641 3454 29.
2690 3387 2877 3470 Hugo
2926 3382 3146 3449 Victor
3188 3384 3272 3449 cle
3315 3386 3717 3450 Sacra-meu-

2168 3504 2271 3581 εἰς,
2313 3501 2425 3566 lib.
2463 3503 2524 3564 2.
2576 3510 2756 3585 part.
2803 3501 2866 3563 6.
2905 3520 2961 3566 c.
3001 3503 3108 3566 11.
3163 3510 3227 3565 et
3258 3498 3391 3564 alii.

2254 3636 2400 3699 Mox
2465 3631 2652 3698 docet
2698 3631 3163 3699 Constantinus
3229 3631 3550 3718 quomodo
3618 3631 3715 3698 fu-
3870 3641 3956 3691 71.

2166 3751 2287 3818 erit
2345 3761 2583 3816 unctus
2613 3748 2969 3815 chrismate
3029 3749 3095 3814 in
3137 3747 3347 3836 figura
3382 3749 3605 3816 Crucis
3648 3749 3714 3815 in

2167 3865 2402 3945 fronte,
2439 3876 2498 3930 et
2558 3864 2903 3945 veoeillum,
2942 3875 3065 3931 etc.
3111 3866 3296 3940 Item,
3342 3885 3491 3952 quae
3523 3864 3716 3930 verba

2167 3991 2320 4047 tunc
2352 3980 2517 4046 dixit
2547 3979 2868 4060 Pontifex,
2905 3981 2981 4045 in
3010 4001 3154 4046 mea
3183 3981 3432 4066 fronte,
3471 3979 3708 4066 inquit,

2169 4098 2396 4163 linivit
2439 4117 2538 4161 me
2612 4095 2883 4159 dicens:
2950 4095 3164 4180 siqnet
3197 4104 3256 4158 cc
3314 4093 3507 4171 Deus,
3583 4103 3708 4158 etc.

2170 4232 2296 4279 non
2340 4210 2570 4299 potuit,
2645 4231 2764 4276 nec
2827 4207 3049 4275 debuit
3099 4207 3404 4274 Pontifex
3446 4209 3718 4294 conjun-

2166 4350 2322 4416 gere
2353 4327 2640 4394 unctioni
2683 4326 2807 4392 alia
2842 4326 3062 4405 verba,
3109 4347 3302 4413 quam
3346 4345 3714 4391 sacramen-

2167 4448 2314 4514 talis
2381 4447 2656 4523 formae3
2720 4466 2877 4532 ergo
2927 4445 3068 4510 haec
3130 4464 3285 4511 vera
3354 4443 3554 4510 forma
3588 4453 3709 4522 est,

2168 4564 2336 4653 quod
2409 4563 2752 4630 manifeste
2828 4561 3022 4627 etiam
3094 4573 3361 4648 apparet
3424 4581 3502 4626 ex
3531 4648 3537 4654 μ
3570 4559 3715 4646 ejus

2166 4703 2363 4749 sensu
2412 4693 2474 4748 et
2518 4679 2876 4768 particuliS,
2935 4701 3082 4766 qufe
3125 4679 3486 4759 materiam,
3561 4677 3711 4744 effe-

2165 4812 2338 4866 ctum
2371 4811 2433 4865 et
2481 4818 2742 4865 causam
2776 4797 3198 4883 principalem
3234 4797 3712 4883 perfectissime

2163 4916 2562 5002 exprimunt.
2657 4913 2838 4980 Unde
2883 4925 2947 4978 et
3013 4914 3155 4979 Act.
3225 4916 3287 4979 8.
3365 4913 3606 4980 dicitur
3685 4938 3699 4981 :

2171 5036 2546 5100 oraverunt
2577 5052 2704 5117 pro
2735 5031 2925 5117 ipsiS,
2966 5042 3033 5095 uc
3087 5031 3456 5117 reciperent
3485 5032 3709 5117 Spiri-

2166 5162 2300 5216 tum
2350 5159 2671 5226 sanctum,
2708 5145 3032 5232 loquendo
3073 5145 3154 5212 de
3194 5145 3543 5232 Apostolis,
3600 5148 3709 5214 ubi

2163 5264 2544 5350 designatur
2575 5261 2829 5340 moduS,
2894 5282 3020 5348 quo
3055 5260 3178 5347 ipsi
3248 5261 3707 5327 ministrabant
3799 5300 3982 5352 Modus

2166 5382 2288 5447 hoc
2323 5389 2825 5455 sacramentum,
2866 5376 2966 5442 vel
3027 5378 3090 5442 in
3124 5398 3218 5460 re,
3270 5377 3374 5442 vel
3415 5377 3695 5464 aequiva-
3763 5362 4050 5437 deprecato-

2166 5496 2376 5563 lenter
2416 5508 2478 5562 et
2538 5492 3007 5581 dispensative,
3080 5502 3152 5557 ut
3201 5502 3427 5578 postea
3466 5442 4051 5557 videbi-expr‘iissitur.
