4287 6313
1525 403 1722 466 DlsT.
1783 404 1858 467 Vl
1930 402 2290 480 QUAESTIO
2321 405 2397 465 X.

48 567 369 680 habllthg-est
499 564 946 637 Secundum
1005 583 1205 634 vero
1248 581 1405 634 non
1468 561 1712 652 cogit,
1765 561 1953 652 quia

75 689 343 761 dispositio
401 677 600 750 bene
640 681 907 770 potest
967 698 1145 749 esse
1189 697 1398 749 unus
1438 676 1762 749 habitus
1803 677 1951 749 dis-

67 754 339 808 ⁸d⁸¹¹⁰¹¹'‘
405 792 710 884 positio
777 793 871 865 ad
919 792 1197 875 alium,
1243 792 1454 866 sicut
1520 793 1950 864 secundum

393 907 987 998 distinguentes
1095 908 1461 981 habitum
1552 906 1946 1000 principii

396 1025 495 1098 ab
571 1025 849 1099 habitu
949 1026 1528 1108 conclusionis,
1623 1024 1949 1098 habitus

395 1147 779 1241 principii
899 1148 1255 1241 disponit
1373 1150 1469 1220 ad
1572 1147 1941 1221 habitum

397 1263 991 1344 conclusionis;
1075 1285 1218 1337 nec
1330 1284 1476 1356 per
1580 1263 1731 1336 hoc
1826 1267 1949 1336 est

394 1379 852 1474 dispositio,
923 1384 1010 1453 ut
1068 1381 1608 1472 distinguitur
1654 1384 1949 1452 contra

396 1496 762 1571 habitum
806 1497 886 1568 in
938 1497 1203 1590 prima
1256 1496 1548 1590 specie,
1583 1515 1774 1568 nam
1810 1495 1947 1567 illa

402 1617 530 1686 est
575 1612 930 1705 qualitas
990 1615 1081 1686 de
1163 1611 1381 1686 sacili
1442 1612 1765 1686 mobilis
1804 1632 1951 1704 per

399 1727 864 1820 oppositum
908 1729 1001 1800 ad
1061 1729 1451 1802 habitum.

148 1859 282 1932 nari
485 1843 851 1916 Tertium
892 1844 984 1915 de
1034 1844 1228 1916 bene
1261 1845 1361 1934 (b)
1410 1845 1488 1915 et
1541 1842 1753 1915 male
1784 1862 1944 1915 non

68 1923 522 2034 issffii'xi‘ffln-est
578 1958 1160 2041 necessarium,
1228 1959 1412 2050 quia
1463 1959 1763 2050 aliquis
1815 1979 1945 2051 po-

40 2111 104 2160 de
162 2054 285 2172 ἵζ’
311 2108 364 2158 2,
399 2078 565 2149 test
641 2096 819 2148 esse
880 2079 1113 2148 actus
1187 2073 1691 2157 indifferens;
1732 2074 1944 2148 sicut

44 2173 617 2300 qffiggfffibffgenim
693 2212 793 2265 ex
877 2191 1350 2282 frequenter
1432 2191 1629 2263 bene
1699 2211 1944 2284 agere

106 2302 220 2349 ⁸⁸²·
266 2297 310 2345 ¹·
398 2307 861 2398 acquiritur
908 2307 1232 2381 habitus
1274 2307 1674 2380 inclinans
1708 2308 1944 2379 adbe-

398 2444 498 2495 ne
545 2425 965 2516 agendum.
1001 2427 1081 2497 et
1125 2444 1224 2497 ex
1270 2424 1740 2516 frequenter
1785 2446 1942 2497 ma-

402 2542 475 2615 le
523 2561 794 2634 agere,
860 2541 1259 2615 mclinans
1302 2543 1399 2614 ad
1443 2542 1652 2615 male
1710 2561 1943 2634 agen-

396 2660 610 2743 dum,
694 2657 808 2730 sic
921 2679 1019 2731 ex
1119 2659 1592 2752 frequenter
1695 2678 1942 2751 agere

396 2777 790 2858 absolute,
852 2778 1311 2872 acquiritur
1362 2777 1760 2864 ,habilitas
1850 2778 1943 2849 ad

396 2896 792 2985 agendum
847 2895 996 2969 tali
1048 2895 1390 2978 actione,
1458 2914 1716 2986 neque
1756 2914 1941 2966 cum

394 3009 784 3092 bonitate,
829 3031 1084 3104 neque
1117 3031 1298 3084 cum
1347 3010 1687 3091 malitia,
1727 3012 1942 3085 sicut

392 3147 538 3201 nec
608 3131 841 3203 actus
919 3127 1442 3220 generativus
1494 3126 1651 3202 fuit
1719 3127 1936 3210 talis,

392 3245 705 3319 scilicet
767 3245 1024 3317 bonus
1103 3245 1231 3316 vel
1284 3244 1570 3325 malus,
1615 3245 1766 3317 hoc
1810 3264 1939 3337 pa-

392 3364 548 3443 tet:
610 3362 880 3454 potest
958 3360 1175 3434 enim
1231 3360 1527 3453 aliquis
1573 3362 1938 3453 frequen-

391 3483 521 3552 ter
586 3479 1108 3553 considerans
1178 3481 1728 3555 Geometriam
1807 3480 1937 3553 ha-

388 3595 579 3668 bere
647 3595 1130 3670 facilitatem
1205 3615 1583 3688 magnam
1616 3598 1709 3669 ad
1757 3616 1939 3669 con-

390 3710 903 3783 siderandum
965 3711 1576 3784 conclusionem
1649 3711 1724 3783 in
1798 3712 1937 3784 illa

389 3826 756 3909 scientia,
796 3848 939 3901 nec
988 3832 1111 3901 est
1167 3828 1274 3900 ibi
1316 3827 1640 3902 habitus
1683 3828 1935 3901 bonus

384 3943 514 4015 vel
567 3943 854 4024 malus,
901 3945 1110 4017 sicut
1161 3965 1302 4017 nec
1347 3951 1578 4020 actus
1637 3965 1736 4017 ex
1780 3966 1935 4038 quo

388 4062 961 4151 generabatur,
1019 4060 1135 4133 sic
1186 4066 1264 4135 et
1338 4063 1420 4135 in
1462 4063 1735 4137 habitu
1805 4086 1934 4135 su-

393 4177 904 4268 pernaturali
947 4181 1218 4269 potest
1259 4198 1461 4250 esse.

33 4322 156 4372 Non
215 4321 367 4382 negat
482 4297 584 4368 Et
669 4294 736 4367 si
826 4293 1047 4367 dicas
1121 4295 1244 4383 (c),
1331 4296 1535 4387 quod
1610 4295 1933 4368 habitus

81 4379 307 4500 3ξὲὲὲἶῖ
399 4412 1053 4505 supernaturalis
1113 4431 1273 4483 non
1332 4416 1455 4485 est
1497 4412 1716 4495 talis,
1755 4416 1937 4505 quia

47 4587 117 4635 ορ
148 4521 338 4616 quiam
390 4532 632 4603 datur
672 4530 766 4601 ad
804 4529 1383 4623 perfectionem
1435 4529 1930 4622 recipientis,

36 4630 362 4746 infmfffitst
390 4646 860 4739 respondeo,
930 4644 1249 4719 habitus
1358 4650 1934 4738 supernatura-

30 4759 250 4871 e‘iuffl'.
279 4754 358 4867 §5
387 4761 492 4834 lis
525 4765 797 4853 potest
835 4781 1014 4855 esse
1052 4761 1485 4854 disponens
1546 4763 1640 4834 ad
1673 4767 1933 4837 actum

31 4880 706 4963 a⁶¹.a¹1·g¹¹m·bonum‚
770 4878 959 4953 licet
1025 4899 1186 4952 non
1255 4878 1359 4955 sit
1417 4881 1592 4974 ejus
1643 4881 1935 4976 princi-

29 4946 612 5091 1”¹¹¹⁰'et1'pium
697 4995 1148 5070 elicitivum
1243 4999 1711 5090 proximum
1808 5001 1935 5072 vel

127 5008 181 5055 d.
221 5007 270 5059 3.

59 5070 336 5183 ffifftbolss
394 5112 848 5196 sufficiens3
901 5118 980 5189 et
1047 5113 1198 5187 hoc
1271 5117 1503 5188 modo
1564 5116 1754 5189 fides
1818 5117 1929 5188 in-

32 5195 367 5308 hffiiim‘ssussgn
394 5230 573 5302 fusa
628 5250 791 5303 non
831 5233 956 5304 est
992 5231 1480 5325 principium
1524 5232 1929 5305 sufficiens

33 5325 346 5455 pringsstium
394 5345 754 5418 eliciendi
815 5350 1088 5421 actum
1123 5348 1516 5430 credendi,
1554 5369 1698 5422 nec
1752 5350 1931 5422 cha-

30 5459 370 5559 ξξξῖᾗξζξθζ
396 5464 600 5536 ritas
671 5463 936 5537 infusa
976 5464 1343 5538 eliciendi
1413 5470 1685 5538 actum
1752 5467 1929 5539 dili-

398 5578 653 5672 gendi,
702 5580 830 5651 sed
868 5580 1283 5661 inclinant,
1322 5585 1411 5653 ut
1443 5601 1931 5656 concurren-

3483 399 3602 462 635

2066 562 2280 633 tibus
2314 563 2499 634 aliis
2533 563 3022 637 necessariis
3085 566 3313 636 actus
3352 561 3611 633 bonus

2065 676 2471 751 eliciatur.
2538 683 2639 753 Et
2728 681 2845 755 ita
2928 681 3129 760 dico,
3214 677 3612 772 quod-ali-

2067 794 2245 885 quis
2335 794 2655 867 habitus
2746 796 3404 888 supernaturalis
3477 814 3613 888 po·

2065 912 2228 982 test
2272 911 2670 984 remotius
2712 914 2793 984 et
2857 909 3418 1002 imperfectius
3487 912 3606 981 in-

2064 1026 2376 1098 clinare
2418 1027 2511 1099 ad
2558 1030 2829 1100 actum
2899 1026 3226 1109 bonum,
3269 1032 3351 1101 et
3419 1026 3611 1101 talis

2063 1142 2393 1234 ponitur
2482 1142 2919 1216 character
2978 1147 3365 1235 tanquam
3438 1143 3596 1236 pri-

2066 1279 2196 1331 mo
2258 1263 2337 1333 et
2406 1259 2959 1334 remotissime
3034 1260 3456 1349 disponens
3516 1261 3610 1334 ad

2062 1375 2316 1446 bonos
2370 1380 2626 1449 actus.
2675 1377 2877 1448 Illud
2922 1380 3194 1449 autem
3227 1379 3608 1469 quartum

2061 1491 2153 1561 de
2196 1489 2592 1565 facilitate
2651 1493 2852 1565 nihil
2894 1477 3146 1574 valet,
3198 1492 3387 1584 quia
3446 1513 3607 1564 non

2060 1612 2186 1680 est
2224 1627 2532 1688 verum,
2599 1608 2756 1680 nisi
2793 1610 2885 1681 de
2945 1608 3221 1682 habitu
3263 1609 3606 1700 acquisi-

2071 1729 2191 1803 to;
2236 1722 2560 1796 habitus
2629 1724 2841 1796 enim
2906 1724 3219 1796 infusus
3272 1744 3429 1796 non
3471 1725 3603 1797 dat

2063 1838 2547 1913 facilitatem
2600 1841 2691 1912 ad
2746 1845 3041 1920 actum,
3083 1844 3172 1913 ut
3233 1844 3456 1932 patet
3512 1839 3604 1911 de

2061 1956 2388 2029 noviter
2445 1977 2869 2036 converso,
2909 1955 3036 2029 cui
3097 1977 3257 2028 non
3318 1961 3442 2030 est
3493 1952 3612 2059 fa·-

2058 2072 2210 2145 cile
2280 2075 2464 2164 post
2525 2073 3145 2145 conversionem
3189 2076 3419 2145 actus
3475 2073 3603 2143 bo-

2057 2184 2204 2260 nos
2245 2188 2569 2270 elicere,
2635 2190 2767 2261 sed
2797 2189 3125 2262 difficile
3179 2209 3598 2282 quousque

2054 2324 2153 2376 ex
2229 2299 2692 2396 frequentia
2785 2307 3114 2377 actuum
3195 2304 3597 2377 bonorum

2057 2422 2431 2514 acquirat
2527 2420 2884 2514 aliquam
2977 2423 3369 2497 virtutem
3476 2443 3598 2497 ac-

2059 2541 2470 2633 quisitam.
3219 2557 3224 2562 ·

2146 2660 2245 2731 Ad
2349 2666 2859 2751 argumenta,
2953 2662 3046 2733 ad
3162 2663 3595 2753 utramque
3748 2690 3824 2741 17,

2058 2779 2402 2866 partem.
2467 2778 2580 2849 Ad
2639 2778 3019 2870 primum,
3087 2776 3155 2848 si
3244 2752 3936 2880 ponaturssdffiffiss:

2054 2891 2322 2962 forma
2383 2894 2776 2976 absoluta,
2866 2897 3133 2986 potest
3198 2892 3386 2986 poni
3473 2882 3808 2965 velquaest.

2056 3007 2445 3098 potentia,
2482 3009 2609 3080 vel
2679 3008 3025 3092 habitus,
3091 3009 3594 3089 secundum,

2051 3125 2250 3197 duas
2311 3126 2489 3198 vias
2546 3125 2718 3218 jam
2779 3126 3062 3202 dictas.
3138 3129 3250 3201 Ad
3325 3146 3602 3202 secun-

2051 3244 2238 3315 dum
2308 3247 2558 3336 patet,
2622 3244 2701 3317 in
2769 3266 2923 3338 qua
2997 3245 3260 3333 specie
3331 3244 3603 3327 Quali—

2051 3362 2250 3436 tatis
2339 3367 2807 3454 poneretur,
2883 3365 2964 3436 et
3026 3363 3403 3454 qualiter.
3484 3363 3600 3435 Ad

2048 3478 2290 3560 aliud,
2348 3479 2761 3571 quantitas
2811 3482 2935 3553 est
2978 3478 3244 3550 forma
3284 3478 3599 3550 absolu-

2050 3598 2158 3677 ta,
2222 3600 2617 3668 ettamen
2676 3615 2836 3666 non
2897 3594 3234 3687 ponitur
3301 3594 3593 3668 activa.

2050 3714 2394 3804 Oportet
2452 3731 2649 3803 ergo
2719 3732 3151 3803 exponere,
3208 3713 3410 3803 quod
3462 3711 3593 3781 ha-

2046 3828 2235 3902 beat
2314 3828 2874 3921 operationem
2945 3833 3317 3919 respectu
3388 3826 3589 3919 ejus,

2050 3944 2282 4038 cujus
2355 3944 2461 4017 sit
2561 3943 2969 4017 sufficiens
3067 3946 3585 4038 principium,

2045 4060 2175 4132 vel
2236 4060 2441 4153 quod
2519 4060 2790 4153 aliquo
2864 4061 3095 4133 modo
3159 4082 3242 4133 se
3301 4061 3592 4134 habeat

2049 4177 2142 4250 ad
2216 4178 2804 4270 operationem.
2877 4180 2979 4251 Et
3058 4178 3172 4251 sic
3240 4178 3588 4250 concedo

2050 4295 2131 4366 in
2194 4294 2645 4387 proposit0‚
2693 4295 2900 4386 quod
2944 4294 3084 4366 illa
3154 4294 3422 4367 forma
3462 4298 3588 4368 est

2046 4410 2477 4503 dispositio
2575 4416 2894 4486 remota
3024 4410 3119 4483 ad
3236 4411 3585 4503 operati·

2051 4547 2310 4599 onem.
2385 4530 2496 4601 Ad
2561 4531 2942 4621 quartum
3004 4532 3228 4620 patet
3285 4548 3384 4601 ex
3438 4528 3591 4599 fine

2049 4643 2526 4737 quaestionis
2590 4644 3139 4737 praecedentis.

2136 4764 2250 4835 Ad
2293 4762 2648 4854 primum
2713 4761 2792 4832 in
2867 4761 3356 4854 oppositum,
3428 4781 3585 4833 non
3616 4787 3931 4860 ᾼαυςιιῳ.

2046 4882 2172 4954 εει
2233 4878 2803 4951 inconveniens
2845 4878 3201 4970 aliquam
3265 4865 3671 4952 relatio-¹¹²
3715 4863 3937 4915 ‘’pm''

2045 5018 2230 5070 nem
2286 4996 2712 5089 disponere
2754 4998 2846 5069 ad
2897 4997 3249 5071 formam
3282 4997 3594 5069 absolu-

2048 5120 2243 5196 tam,
2291 5114 2682 5208 loquendo
2723 5114 2814 5186 de
2854 5114 3386 5207 dispositione
3427 5134 3590 5186 non

2050 5233 2422 5324 respectu
2502 5232 2823 5322 agentis
2920 5232 3351 5312 naturalis,
3450 5252 3592 5303 nec

2048 5369 2223 5440 quae
2294 5348 2400 5421 sit
2473 5348 2687 5420 ratio
2794 5349 3215 5441 receptivi‚
3299 5350 3432 5420 sed
3508 5348 3592 5419 dc

2043 5465 2578 5558 dispositione
2646 5463 3173 5540 conveniente
3258 5486 3588 5565 respec-

2043 5588 2127 5657 tu
2229 5583 2549 5676 agentis
2655 5584 3337 5676 supernaturalis,
3430 5583 3581 5654 hoc
