4287 6313
598 428 679 492 68
1773 438 1915 500 LlB.
1951 430 2050 498 IV.
2083 428 2678 499 SENTENTIARUM

565 611 715 682 que
774 593 1308 692 intelligibile,
1348 600 1687 674 etiamsi
1732 597 2133 691 intelligi·
2235 595 2482 687 jecta,
2523 617 2696 687 quae
2733 595 3002 688 posita
3037 598 3224 667 sunt
3265 590 3585 665 infinita
3626 587 3792 663 dis·
3874 611 3953 662 ne
3990 610 4089 662 hoc

586 711 782 786 bilia
818 721 1158 807 possunt
1209 736 1387 790 esse
1430 717 1746 790 infinita
1795 721 1874 790 et
1939 715 2133 788 alte·
2249 717 2617 804 parata;
2654 732 2853 804 ergo
2887 711 3019 784 ubi
3054 715 3241 784 sunt
3306 710 3538 782 modo
3589 706 3788 781 emi·
3818 672 4153 800 seg-1343

588 830 761 902 rius
813 831 1186 913 rationis,
1231 833 1480 907 etiarn
1539 834 1732 905 adeo
1773 833 2131 924 dispara-
2247 828 2631 908 nentiori,
2672 830 2779 902 ibi
2831 835 3159 923 opoltet
3211 829 3415 921 quod
3475 825 3583 902 sit
3642 825 3792 899 ali-
3836 800 4125 928 psspfflffi

3910 925 4044 975 e.t3

585 950 693 1028 ta,
740 949 945 1039 quod
977 949 1290 1020 nullum
1350 969 1638 1020 eorum
1679 956 1804 1022 est
1842 947 2135 1041 princi·
2250 967 2406 1039 qua
2456 946 2848 1027 infinitas,
2895 967 3057 1020 non
3106 946 3552 1026 extensiva,
3605 943 3873 1037 quiad
3897 986 3975 1038 14
4006 1002 4059 1052 q,
4095 985 4147 1038 2

277 2098 449 2194 subsotg
454 2145 551 2194 ni-l.

346 2221 443 2255 ‘dm-

588 1053 807 1153 pium
873 1064 1410 1154 cognoscendi
1476 1065 1857 1138 alterum.
1925 1066 2134 1136 Nam

587 1179 769 1253 istis
815 1180 1104 1272 positis
1146 1202 1243 1253 ex
1290 1188 1521 1274 parte
1565 1181 2128 1274 intelligibilis,

585 1316 744 1367 non
789 1296 1201 1370 invenitur
1236 1299 1778 1390 repugnantia
1808 1320 1907 1371 ex
1951 1319 2136 1391 par-

586 1416 666 1484 te
709 1412 1196 1494 intellectus,
1272 1414 1461 1506 quin
1534 1416 1791 1507 possit
1863 1416 2137 1488 omnia

589 1528 773 1610 ista,
813 1550 951 1602 seu
1013 1531 1416 1620 quodlibet
1462 1531 1812 1606 istorum
1858 1532 2133 1605 distin-

588 1649 715 1718 cte
748 1651 827 1719 et
865 1644 1220 1740 perfecte
1264 1646 1750 1739 intelligere.

593 2109 794 2201 ligat
848 2109 1012 2192 illa,
1061 2111 1128 2183 si
1179 2117 1450 2185 essent
1494 2113 1810 2187 infinita
1867 2113 2137 2204 dispa-

595 2233 801 2306 rata,
874 2228 1134 2299 modo¹
1130 2229 1600 2320 praedict03
1689 2250 1889 2323 ergo
1976 2248 2138 2302 non

592 2349 992 2436 repugnat
1038 2344 1154 2416 illi
1198 2345 1648 2421 intellectui
1693 2347 1987 2423 habere
2031 2351 2137 2423 in-

584 2460 1130 2534 tellectionem
1191 2463 1438 2536 aliam
1488 2469 1567 2538 et
1609 2467 1859 2540 aliam
1906 2470 2137 2542 reali-

586 2582 735 2661 ter,
783 2580 973 2653 licet
1015 2588 1410 2674 repugnet
1451 2586 1929 2661 substantiae
1959 2590 2135 2680 ejus

579 2716 757 2768 esse
792 2697 1041 2770 aliam
1093 2704 1174 2771 et
1206 2699 1454 2771 aliam
1499 2702 1881 2783 realiter:
1937 2724 2135 2795 ergo

580 2831 740 2883 non
793 2834 1026 2885 omne
1070 2814 1532 2907 intelligere
1585 2817 1968 2910 possibile
2016 2819 2137 2892 illi

584 2926 1056 3012 intellectui,
1152 2935 1420 3023 potest
1521 2956 1699 3007 esse
1777 2935 1983 3009 idem
2014 2937 2136 3010 illi

583 3043 1106 3128 substantiae;
1146 3067 1346 3138 ergo
1383 3053 1508 3123 est
1551 3050 1948 3124 accidens.

672 3165 1112 3255 Assumpta
1153 3164 1528 3240 videntur
1596 3168 1862 3259 plana,
1934 3190 2137 3262 prae-

577 3282 707 3350 ter
743 3278 959 3353 illud.
999 3279 1319 3356 scilicet
1353 3283 1561 3374 quod
1613 3284 1868 3356 unicae
1904 3285 2137 3357 intel-

579 3392 913 3466 lectioni
945 3391 1193 3467 finitae
1240 3403 1659 3489 repugnet,
1714 3400 1918 3491 quod
1959 3399 2136 3492 ipsa

581 3506 840 3600 possit
923 3529 1103 3580 esse
1170 3509 1549 3586 distincte
1627 3513 2134 3588 infinitorum

576 3623 1085 3715 objectorum
1162 3625 1810 3719 disparatorum.
1908 3631 2133 3703 Hanc

576 3741 828 3832 probo
863 3741 1312 3832 tripliciter
1352 3770 1367 3813 :
1438 3744 1741 3826 Primo,
1788 3766 1887 3817 ex
1962 3747 2136 3819 fini-

578 3859 748 3928 tate
807 3854 1388 3931 intellectionis
1435 3859 1515 3932 in
1567 3882 1674 3932 se.
1741 3864 2131 3944 Secundo,

575 3991 672 4042 ex
705 3969 1018 4046 finitate
1056 3972 1518 4049 intellectus
1548 3976 1922 4069 angelici.
1951 3980 2135 4051 Ter-

575 4084 713 4163 tio.
750 4107 850 4158 ex
902 4088 1214 4162 [initate
1246 4092 1622 4166 essentiae
1655 4093 1980 4184 Angeli.

662 4207 782 4278 Ex
827 4206 1093 4297 primo
1188 4209 1588 4301 probatur
1669 4211 2130 4303 dupliciter,

573 4321 846 4413 primo
885 4323 1002 4396 sic
1038 4351 1052 4394 ε
1094 4329 1472 4414 intelliqere
1508 4326 1860 4410 unicum,
1900 4328 1965 4400 si
2018 4349 2134 4401 es-

567 4441 686 4509 set
762 4438 1268 4513 infinitorum
1297 4441 1808 4533 objectorum
1877 4445 2137 4538 dispa-

576 4559 975 4639 ratorum,
1015 4556 1463 4632 includeret
1497 4559 1572 4630 in
1639 4581 1724 4633 se
1783 4560 2133 4633 eminen-

567 4674 694 4743 ter
732 4670 1264 4763 perfectiones
1294 4672 1798 4748 infinitarum
1834 4676 2138 4750 intelle-

565 4785 952 4868 ctionum,
984 4810 1156 4879 quae
1197 4794 1409 4863 natae
1452 4794 1639 4865 sunt
1664 4791 1943 4865 haberi
1974 4815 2140 4866 res-

571 4907 801 4993 pectu
855 4902 1189 4975 illorum
1226 4905 1763 4998 objectorum;
1800 4930 1959 4981 non
1999 4932 2131 4983 au·

574 5022 734 5091 tem
769 5025 1043 5109 posset
1070 5020 1209 5091 illa
1229 5021 1684 5096 eminenter
1707 5026 2129 5098 continere

570 5133 651 5205 in
686 5156 794 5218 se,
832 5135 990 5207 nisi
1022 5140 1235 5209 esset
1263 5138 1660 5212 infinitum
1693 5142 2121 5224 intensive3

572 5252 778 5342 quod
816 5256 1062 5343 patet,
1116 5254 1301 5346 quia
1336 5256 1465 5329 ubi
1502 5256 1660 5328 illae
1706 5257 2127 5332 intellecti-

2249 1061 2477 1135 illam
2537 1063 2758 1137 tollit
2832 1063 3106 1136 unitas
3172 1062 3420 1155 hujus
3494 1060 3573 1133 in
3642 1079 3795 1152 quo

2248 1179 2741 1261 continetur,
2787 1200 2983 1271 ergo
3036 1179 3464 1253 intensiva.
3512 1181 3803 1252 Secun-

2247 1296 2345 1368 do
2382 1296 2497 1368 sic
2542 1324 2556 1367 ε
2608 1300 2858 1370 Omne
2889 1300 3267 1386 intelliqere
3330 1295 3651 1369 finitum
3681 1293 3801 1365 de-

2252 1413 2748 1485 terminatur
2788 1413 2882 1483 ad
2908 1415 3223 1485 certum
3262 1408 3799 1501 intelligibile,

2247 1529 2376 1600 vel
2432 1531 2525 1601 ad
2587 1529 2859 1621 aliqua
2924 1533 3154 1602 certa
3225 1525 3799 1618 intelligibilia,

2249 1646 2367 1720 ita
2407 1647 2611 1738 quod
2646 1646 2796 1719 sibi
2849 1666 2947 1718 ex
2994 1666 3079 1717 se
3116 1649 3547 1737 repugnat,
3596 1640 3803 1735 quod

263 1769 498 1845 ,Angeli
680 1764 826 1835 Sed
914 1765 1455 1855 repugnantia
1527 1767 1631 1858 (p)
1709 1769 1857 1847 est,
1933 1763 2136 1857 quod
2250 1761 2357 1836 sit
2392 1762 2749 1836 alioium
2782 1762 2880 1834 ab
2920 1761 3109 1842 lllls
3152 1760 3281 1833 vel
3317 1758 3633 1845 abillo
3670 1756 3804 1829 sed

260 1836 562 1946 mtcffiffiuo·
594 1879 1055 1952 intellectus
1180 1882 1466 1972 Angeli
1567 1902 1711 1973 per
1809 1881 2135 1953 unicum
2253 1878 2464 1953 istud
2514 1878 3011 1968 incelliqere,si
3050 1884 3491 1971 poneretur
3534 1876 3612 1948 in
3645 1877 3803 1948 An-

270 2035 376 2071 amc
347 1975 476 2131 Ξῧξη
482 2035 521 2079 ‚
591 2000 863 2067 actum
914 1996 1407 2087 intelligendi
1475 1997 1852 2070 distincte
1905 1997 2138 2069 intel-
2252 1996 2431 2088 gelo
2479 2001 2849 2087 respectu
2926 1994 3434 2067 infinitorum
3509 1991 3803 2067 intelli-

2250 2110 2623 2201 gibilium
2688 2109 3327 2201 disparatorum,
3377 2108 3445 2181 si
3499 2109 3798 2189 essent,

2251 2247 2409 2298 non
2460 2227 2576 2299 sic
2617 2225 3339 2308 determinaretur;
3385 2245 3584 2316 ergo
3645 2242 3803 2296 non

2250 2350 2466 2417 esset
2507 2343 2849 2417 finitum.

2340 2460 2697 2534 Secundo
2761 2459 3162 2552 probatur
3202 2460 3331 2550 (q),
3398 2478 3498 2530 ex
3569 2463 3802 2549 parte

2250 2575 2711 2649 intellectus
2788 2577 3074 2669 Angeli
3154 2575 3269 2648 sic
3347 2600 3362 2644 ε
3437 2579 3801 2658 Quorum

2253 2697 2516 2784 potest
2604 2714 2781 2765 esse
2858 2713 3108 2764 unum
3184 2695 3585 2781 intelliqere‚
3657 2690 3800 2763 illa

2252 2816 2594 2901 possunt
2665 2810 2907 2882 simul
2951 2809 3343 2902 intelligi:
3391 2810 3523 2881 sed
3574 2808 3801 2881 intel-

2250 2926 2508 3000 lectus
2541 2927 2816 3000 finitus
2869 2947 3028 2998 non
3089 2930 3362 3020 potest
3419 2926 3800 2999 distincte

2252 3044 2494 3116 simul
2560 3044 3021 3135 intelligere
3099 3044 3413 3116 infinita
3486 3043 3802 3137 objecta

2250 3161 2693 3254 disparata,
2778 3161 2964 3253 quia
3047 3160 3387 3253 majoris
3462 3159 3800 3235 virtutis

2246 3284 2369 3352 est
2412 3279 2791 3353 distincte
2854 3278 3318 3370 intelligere
3365 3278 3603 3371 plura
3643 3279 3804 3351 dis-

2255 3400 2546 3487 parata
2634 3395 2877 3468 simul
2934 3414 3177 3487 quam
3242 3415 3535 3486 pauca;
3600 3413 3799 3486 ergo

2252 3514 2494 3587 simul
2554 3512 3018 3603 intelligere
3081 3512 3487 3586 distincte
3540 3512 3804 3584 infini-

2252 3636 2337 3705 ta
2382 3631 2826 3722 disparata,
2888 3633 3014 3704 est
3065 3628 3407 3702 virtutis
3459 3628 3799 3703 infinitae

2253 3747 2676 3821 intensive.

2340 3865 2453 3936 Ad
2500 3863 2743 3935 istam
2803 3866 3078 3936 tamen
3149 3861 3797 3953 propositionem

2255 3975 2813 4069 respondetur,
2906 3974 3111 4065 quod
3188 3978 3566 4063 intelliqere
3639 3994 3799 4046 non

2251 4094 2373 4162 est
2420 4089 2883 4182 perfectiuS,
2932 4088 3117 4183 quia
3162 4089 3547 4181 plurium,
3610 4111 3800 4162 nam

2251 4207 2698 4280 intellectio
2760 4205 3150 4278 collativa
3200 4205 3491 4299 lapidis
3560 4207 3655 4279 ad
3712 4206 3801 4278 li-

2251 4340 2523 4412 gnum,
2561 4342 2721 4393 non
2761 4327 2886 4396 est
2948 4320 3404 4414 perfectior
3460 4322 3805 4413 cogniti-

2254 4459 2401 4510 one
2434 4438 2813 4512 absoluta
2846 4437 3161 4530 lapidiS,
3206 4442 3288 4511 et
3350 4442 3625 4511 tamen
3684 4438 3802 4509 in-

2250 4554 2607 4627 tellectio
2678 4553 2818 4625 illa
2876 4552 3445 4645 comparativa
3513 4552 3803 4645 lapidis

2251 4670 2582 4747 includit
2685 4670 3323 4745 intellectionem
3410 4669 3792 4763 plurium,

2247 4788 2432 4882 quia
2471 4793 3169 4886 comparatorum.
3229 4789 3416 4860 Haec
3460 4807 3793 4881 respon-

2248 4904 2369 4977 sio
2422 4905 2802 4998 supponit
2861 4903 3182 4986 falsum,
3227 4925 3325 4977 ex
3367 4904 3599 4997 cujus
3647 4904 3793 4979 im-

2247 5021 2727 5113 probatione
2792 5025 3014 5112 patet
3073 5020 3588 5113 propositum
3658 5043 3792 5094 no-

2243 5141 2549 5216 strum;
2624 5155 2784 5206 non
2851 5134 3065 5206 enim
3147 5139 3415 5225 potest
3484 5134 3788 5209 intelle-

2240 5256 2359 5324 ctu

570 5387 762 5439 ones
794 5375 1067 5442 essent
1112 5373 1545 5443 secundum
1583 5374 1962 5467 proprias
2001 5396 2123 5448 ra·
2241 5388 2359 5460 pal

564 5481 854 5565 tiones,
912 5485 1017 5557 ibi
1059 5492 1274 5561 esset
1317 5487 1677 5563 infinitas
1745 5489 2120 5583 perfecti-
2235 5486 2359 5559 nis

565 5599 740 5672 onis
784 5600 1127 5676 alterius
1181 5604 1554 5686 rationis,
1611 5613 1947 5700 propter
1989 5608 2117 5680 ob·
2237 5606 2359 5675 utr
