4287 6313
584 433 694 499 130

574 603 639 661 in
671 614 832 678 pura
865 603 1186 672 creatura,
1229 601 1304 659 ut
1346 597 1530 674 patet
1575 592 1642 654 in
1687 591 1748 652 3.
1801 592 1863 652 d.
1909 589 2011 652 20.
2062 585 2117 648 si

571 717 982 780 ordinaretur
1044 723 1237 796 caput
1304 713 1570 795 generis
1640 708 1907 772 humani
1967 722 2117 768 cum

570 836 774 914 gratia
808 839 876 896 et
904 838 1228 912 potestate
1260 835 1329 896 et
1368 829 1707 892 influentia
1742 826 1993 905 capitis.

1130 1053 1213 1110 SC
1223 1050 1506 1111 HOLIUM
1522 1093 1535 1106 .

649 1250 764 1303 Pro
817 1243 988 1302 omni
1035 1246 1196 1299 statu
1255 1244 1392 1314 post
1459 1239 1718 1311 lapsum,
1772 1249 2120 1308 congruum

577 1345 774 1401 fuisse
812 1342 1060 1399 institui
1095 1342 1583 1403 Sacramentum,
1611 1351 1732 1393 non
1764 1342 1970 1393 tamen
2009 1349 2123 1406 pro

577 1447 736 1500 statu
761 1441 1134 1499 innocentiae
1163 1439 1267 1495 vel
1306 1438 1541 1510 patriae.
1572 1440 1770 1493 Atens.
1806 1450 1923 1507 sup
1954 1450 2035 1491 m.
2061 1436 2117 1490 2.

576 1544 640 1597 et
670 1539 1043 1596 communis.
1078 1537 1150 1594 Et
1193 1536 1340 1593 licet
1377 1538 1614 1591 asserat
1652 1533 1738 1589 ibi
1779 1530 2117 1604 cum3r1ug.

579 1637 687 1695 lib.
739 1638 791 1694 1.
832 1636 909 1693 de
949 1636 1220 1693 Sacram.
1264 1648 1324 1706 p.
1366 1635 1421 1689 8.
1455 1649 1509 1689 c.
1552 1634 1636 1689 12.
1677 1631 1766 1688 13.
1799 1631 2123 1688 Matrimo-

581 1736 752 1793 nium
783 1736 847 1791 in
880 1739 1040 1792 statu
1071 1733 1434 1790 innocentiae
1462 1745 1596 1787 esse
1627 1732 2119 1795 Sacramentum,

581 1836 884 1906 intelligit
951 1834 1026 1891 de
1091 1833 1491 1890 Sacramento
1537 1829 1886 1888 secundum
1947 1826 2121 1900 quid,

581 1937 887 2004 quatenus
915 1930 1229 2000 significat
1264 1929 1693 2002 quodcumque
1723 1927 2119 1999 mysterium.

670 2114 785 2186 De
824 2110 1075 2184 tertio
1118 2111 1216 2200 (c)
1249 2109 1600 2182 articulo
1643 2110 1984 2200 apparet
2022 2127 2121 2179 ex

587 2227 881 2321 primo.
915 2229 1124 2300 Nam
1161 2246 1308 2318 pro
1350 2244 1851 2318 quocumque
1902 2226 2120 2297 statu

587 2345 666 2418 in
720 2367 875 2437 quo
925 2347 1049 2417 est
1093 2342 1448 2426 morbus,
1492 2341 1957 2415 necessaria
2000 2346 2125 2415 est

585 2461 1003 2545 medicina,
1037 2454 1126 2534 'et
1168 2481 1316 2554 pro
1359 2477 1863 2552 quocumque
1904 2462 2122 2531 statu

579 2578 734 2652 viae
792 2581 818 2668 (
875 2576 1227 2651 maxime
1270 2580 1453 2668 post
1531 2577 1900 2667 lapsum)
1942 2595 2126 2647 con-

581 2714 877 2787 gruum
923 2697 1048 2766 est
1099 2692 1508 2765 hominem
1559 2690 1985 2764 manuduci
2028 2689 2124 2762 ad

580 2810 1019 2884 invisibilia
1097 2829 1242 2902 per
1315 2807 1638 2900 aliquod
1719 2805 2120 2886 sensibile;

578 2927 709 2998 sed
771 2926 850 2998 in
914 2926 1132 2999 omni
1193 2928 1414 3000 statu
1480 2922 1632 2996 viae
1691 2924 1714 3013 (
1773 2921 2123 2994 maxime

577 3044 761 3134 post
800 3040 1120 3133 lapsum
1166 3044 1191 3131 )
1235 3040 1565 3111 morbus
1608 3040 1730 3111 est
1775 3036 1854 3110 in
1896 3039 2123 3109 natu·

579 3174 714 3235 ra;
748 3172 949 3245 ergo
984 3172 1133 3245 pro
1188 3151 1404 3224 omni
1450 3151 1616 3233 illo,
1664 3169 2123 3240 congruum

576 3273 699 3342 est
739 3268 1061 3360 aliquod
1112 3267 1433 3341 institui
1476 3269 2120 3341 Sacramentum.

583 3386 672 3456 In
731 3383 1064 3477 speciali
1122 3387 1420 3465 autem,
1492 3403 1595 3454 an
1663 3383 1899 3476 plura
1976 3400 2126 3475 pro

580 3507 950 3596 tempore
990 3500 1344 3597 ejusdem
1378 3501 1606 3592 legiS,
1643 3505 1723 3574 et
1758 3522 1958 3592 quae,
1996 3504 2123 3574 vel

581 3622 799 3713 quot,
850 3622 1235 3711 tangetur
1297 3617 1672 3699 inferius3
1727 3618 1859 3692 hic
1909 3619 2125 3692 enim

580 3740 898 3809 tantum
936 3735 1337 3827 quaeritur
1413 3734 1494 3807 in
1563 3733 1926 3825 generali
2035 3736 2127 3807 de

576 3854 863 3941 quando,
904 3851 1113 3926 sicut
1156 3853 1248 3925 de
1300 3852 1484 3924 aliis
1528 3851 2123 3925 conditionibus

578 3968 1171 4061 pertinentibus
1244 3969 1338 4040 ad
1403 3968 2030 4042 institutionem.

667 4088 787 4157 Ex
846 4084 996 4158 hoc
1064 4087 1433 4178 apparet,
1499 4087 1703 4177 quod
1762 4086 1842 4158 in
1898 4089 2119 4159 statu

580 4201 869 4294 patriae
965 4202 1275 4274 nullum
1360 4202 1744 4293 congruit
1843 4205 2125 4276 Sacra-

581 4323 966 4400 mentum,
1059 4317 1245 4409 quia
1323 4321 1514 4390 tunc
1591 4337 1752 4388 non
1825 4317 2127 4407 indiget

580 4433 823 4506 homo
901 4434 1439 4517 sensibilibus,
1526 4439 1612 4509 ut
1685 4441 2125 4526 cognoscat

580 4550 1122 4642 intelligibilia
1195 4549 1682 4644 pertinentia
1750 4550 1843 4621 ad
1921 4552 2126 4624 salu-

580 4673 743 4741 tem
789 4688 1044 4748 suam,
1089 4687 1347 4759 neque
1398 4671 1589 4741 tunc
1640 4667 1940 4759 indiget
1990 4690 2125 4741 ex-

580 4784 824 4858 citari
893 4783 990 4856 ad
1049 4784 1563 4875 quaerendum
1633 4784 2124 4878 pertinentia

579 4904 673 4974 ad
716 4901 1088 4982 salutem,
1144 4900 1330 4990 quia
1385 4904 1508 4972 est
1553 4900 1910 4993 perfecte
1945 4922 2126 4974 con-

579 5019 905 5088 secutus
962 5012 1335 5086 salutem.
1393 5016 1551 5085 Pro
1605 5018 1825 5088 statu
1873 5014 2122 5087 etiam

577 5130 1057 5204 innocentiae
1108 5151 1268 5202 non
1315 5128 1467 5205 fuit
1509 5150 1966 5222 congruum
2011 5132 2124 5203 in·

578 5247 810 5321 stitui
907 5242 1551 5329 Sacramentum,
1644 5248 1853 5322 sicut
1940 5252 2123 5341 post

579 5366 921 5457 lapsum,
987 5364 1175 5455 quia
1228 5363 1383 5436 etsi
1439 5368 1629 5437 tunc
1695 5364 1936 5437 homo
1992 5385 2122 5457 po·

576 5482 831 5556 tuerit
891 5502 990 5554 ex
1051 5479 1560 5553 sensibilibus
1621 5500 2123 5572 cognoscere

580 5595 1152 5688 intelligibilia,
1219 5601 1486 5670 tamen
1563 5597 1871 5668 nullum
1955 5619 2123 5669 sen-

1719 420 1863 490 LIB.
1914 424 2012 488 lV.
2060 412 2657 486 SENTENTIARUM

2234 583 2466 658 sibile
2524 583 2673 658 suit
2741 582 3322 664 necessarium,
3384 581 3775 671 tanquam

2230 702 2652 775 conferens
2742 702 2838 773 ad
2916 701 3289 780 salutem,
3362 716 3776 771 removen-

2225 817 2323 890 do
2385 819 2708 910 aliquod
2742 817 3404 910 impedimentum
3448 811 3771 895 salutis,

2231 937 2320 1009 ut
2361 934 2671 1008 scilicet
2718 934 2975 1027 possit
3022 932 3179 1006 dici
3228 928 3564 1025 proprie
3614 948 3777 1000 me-

2227 1049 2516 1124 dicina.
2606 1052 2727 1124 An
2823 1070 3016 1122 vero
3124 1044 3767 1126 Matrimonium,

2232 1167 2492 1258 (quod
2561 1168 2877 1239 certum
2936 1169 3061 1239 est
3112 1164 3364 1238 fuisse
3418 1162 3497 1234 in
3550 1162 3770 1235 statu
3853 1163 4094 1215 Dia-²⁵·

2234 1281 2717 1357 innocentiae
2764 1286 2789 1373 )
2834 1283 3084 1357 fuerit
3127 1283 3771 1361 Sacramentum,

2231 1396 2325 1469 de
2372 1396 2524 1470 hoc
2584 1398 2950 1471 inferius.

2664 1655 3327 1719 COMMENTARlUS.

2325 1882 2409 1971 (c)
2451 1884 2546 1948 De
2613 1883 2808 1946 lertio
2861 1878 3151 1945 articulo
3190 1889 3470 1965 apparel
3500 1899 3585 1942 ex
3625 1878 3773 1963 pri·
3925 1897 3975 1946 9.

2234 2021 2359 2078 mc,
2396 2010 2518 2065 etc.
2554 1995 2898 2063 Conclusio
2929 1994 3129 2081 hujus
3166 1992 3424 2059 articuli
3454 2005 3553 2058 est
3590 2010 3769 2056 com-
3801 1959 4126 2135 οωοῗὲθω

2238 2115 2478 2196 muniS‚
2524 2134 2758 2199 nempe
2822 2132 2939 2200 pro
2997 2112 3174 2177 omni
3238 2123 3410 2178 statu
3470 2111 3621 2192 viae,
3675 2132 3772 2178 re·
3883 2145 4041 2197 sume

2237 2243 2480 2318 gnante
2560 2231 2787 2297 morbo
2866 2231 3069 2298 fuisse
3150 2228 3512 2296 remedium
3589 2230 3770 2317 ejus;
3831 2222 4134 2321 ⁸⁸⁰ffimPen·

2240 2349 2412 2437 quod
2451 2339 2609 2415 vero
2640 2347 2835 2414 fuerit
2866 2346 3047 2427 illud,
3085 2357 3256 2414 etan
3291 2345 3552 2434 proprie
3583 2344 3779 2412 fuerit
3852 2340 4073 2461 affici..

2239 2468 2727 2531 Sacramentum
2780 2464 2846 2530 in
2895 2462 3135 2550 specie,
3181 2460 3615 2529 declarabitur
3683 2462 3777 2527 in·

2243 2581 2360 2648 fra.
2406 2581 2626 2646 Solum
2675 2580 2849 2646 enim
2908 2592 3007 2646 est
3044 2579 3489 2647 controversia
3538 2579 3618 2645 de
3684 2599 3779 2645 re-

2241 2696 2451 2763 medio
2491 2696 2657 2783 legis
2708 2707 2982 2776 natum,
3035 2716 3116 2761 an
3166 2695 3361 2762 fuerit
3391 2694 3779 2762 determina·

2238 2825 2411 2890 tum;
2455 2824 2518 2878 et
2569 2811 2650 2878 de
2689 2811 3197 2878 circumcisione
3228 2812 3509 2878 fueritne
3546 2831 3663 2898 per
3708 2832 3780 2878 sc

2209 2927 2494 3009 efficax,
2538 2930 2620 2996 de
2683 2928 2922 3017 quibus
2987 2930 3103 2995 sub
3157 2931 3359 3013 finem
3418 2940 3643 3015 quoese.
3706 2929 3771 2994 6.

2238 3057 2298 3111 ec
2331 3049 2395 3111 7.

2330 3165 2446 3230 Per
2477 3161 2850 3249 oppositum
2896 3162 3094 3251 hujus
3125 3163 3312 3230 docet
3352 3163 3413 3228 in
3459 3161 3664 3250 patria
3712 3173 3776 3226 et
3832 3150 4106 3268 ¹?npssgtiss'

2239 3289 2409 3343 statu
2459 3278 2873 3360 innocentiae,
2930 3279 2994 3343 in
3046 3280 3285 3366 quibus
3340 3298 3469 3343 non
3526 3287 3776 3344 estant
3820 3278 4130 3331 innocentiae

2239 3394 2361 3461 fuit
2409 3396 2699 3478 morbuS,
2749 3417 2876 3462 non
2919 3397 3317 3463 instituenda
3358 3416 3503 3462 esse
3549 3397 3775 3461 Sacra-
3835 3357 4106 3456 ssffiecfssse

2242 3521 2481 3592 menta,
2517 3512 2821 3599 quamvis
2853 3513 2918 3578 in
2939 3524 3109 3580 statu
3142 3513 3532 3580 innocentiae
3560 3524 3780 3599 posset

2240 3643 2386 3690 esse
2418 3625 2741 3711 profectus
2783 3625 3235 3694 instructionis
3265 3637 3328 3693 et
3359 3626 3653 3693 scientiae
3700 3648 3781 3693 ex

2239 3741 2690 3824 sensibilibuS,
2737 3761 2865 3807 non
2898 3741 3141 3809 sufficit
3180 3743 3258 3809 ad
3300 3742 3777 3810 institutionem

2239 3858 2661 3935 Sacramenti,
2697 3878 2843 3924 cum
2883 3858 2971 3924 ibi
3012 3857 3263 3924 nullum
3296 3869 3471 3925 esset
3508 3857 3777 3945 impedi·
3916 3897 4045 3958 Quia

2242 3985 2531 4040 mentum
2590 3974 2845 4054 salutis,
2911 3973 3082 4061 quod
3137 3973 3459 4041 removeri
3517 3974 3780 4041 deberet
3828 3960 4136 4074 Μὲξᾷξξζο.

2239 4109 2354 4175 per
2392 4089 2813 4156 medicinam.

2328 4209 2479 4273 Hoec
2525 4207 2846 4275 sententia
2894 4208 3261 4274 communis
3301 4218 3423 4290 est,
3466 4227 3605 4274 eam
3646 4221 3777 4276 tra-

2239 4319 2332 4387 dit
2371 4324 2443 4387 D.
2496 4323 2779 4389 Thomas
2811 4324 2883 4388 in
2921 4328 2984 4389 4.
3020 4324 3092 4389 d.
3119 4328 3178 4389 1.
3213 4334 3344 4389 art.
3382 4326 3445 4389 a.
3484 4346 3543 4411 q.
3581 4327 3644 4389 2.
3679 4325 3777 4389 Ri·
3811 4300 4099 4413 Dflffissffij

2239 4438 2518 4505 chardus
2550 4439 2793 4505 ibidem
2834 4462 2894 4526 q.
2934 4440 2995 4507 1.
3034 4439 3314 4505 Gabriel.
3350 4461 3410 4526 q.
3439 4443 3504 4504 2.
3533 4451 3664 4507 art.
3709 4445 3773 4505 2.
3839 4423 4087 4538 1932333·

2237 4575 2381 4622 con.
2450 4560 2509 4620 1.
2566 4555 2935 4623 Paludanus
2974 4577 3036 4642 q.
3102 4561 3160 4626 3.
3226 4578 3369 4622 con.
3445 4562 3507 4624 2.
3577 4558 3781 4646 Major
3883 4528 4103 4662 {gfff

2239 4693 2300 4759 q.
2373 4675 2435 4736 4.
2501 4673 2654 4738 s0t0
2702 4673 2859 4742 disc.
2908 4676 2967 4738 1.
3022 4694 3084 4759 q.
3138 4677 3201 4738 2.
3238 4685 3370 4739 arc.
3416 4675 3478 4739 a.
3525 4674 3778 4760 cajeta·
3847 4649 4108 4801 vfisggz·

2241 4807 2363 4853 nus
2428 4791 2493 4854 3.
2546 4809 2619 4874 p.
2695 4808 2757 4873 q.
2825 4792 2934 4854 61.
3005 4798 3136 4855 art.
3220 4791 3283 4854 2.
3356 4799 3421 4855 et
3489 4793 3780 4877 vasquez
4052 4776 4065 4789 ’

2238 4902 2414 4988 disp.
2498 4909 2649 4971 130.
2712 4926 2856 4992 cap.
2929 4910 2994 4971 Ξ.
3060 4910 3125 4972 3.
3187 4917 3247 4972 et
3314 4911 3378 4973 4.
3436 4910 3626 4994 Hugo
3703 4908 3782 4973 dc

2240 5027 2304 5090 S.
2351 5023 2608 5088 Victore
2639 5022 2751 5087 lib.
2794 5026 2853 5088 1.
2891 5021 2971 5088 de
3010 5024 3485 5102 Sacramentis‚
3526 5045 3673 5110 cap.
3710 5029 3776 5094 3.

2237 5149 2298 5203 et
2357 5142 2420 5203 5.
2488 5148 2548 5203 el
2606 5138 2681 5203 in
2735 5157 2904 5204 sum.
2955 5148 3136 5223 parc.
3192 5141 3255 5204 9.
3293 5159 3440 5226 cap.
3490 5144 3551 5204 1.

2326 5258 2648 5322 Caeterum
2705 5256 2941 5321 Suarez
2978 5255 3228 5342 disput.
3291 5261 3357 5323 3.
3437 5268 3778 5344 postquam
3872 5225 4091 5339 stiffez.

2236 5371 2558 5457 praemisit
2601 5383 2755 5437 sect.
2812 5375 2877 5436 2.
2923 5370 3060 5436 fore
3106 5371 3193 5437 ibi
3252 5370 3503 5438 cultum
3553 5371 3778 5439 visibi-
3815 5349 4149 5466 ὃὶγξξῖζξζξ*

2237 5487 2364 5552 lem
2405 5500 2469 5553 et
2507 5486 2900 5554 sacrificium
2957 5498 3110 5553 sect.
3169 5491 3232 5553 3.
3277 5487 3458 5568 dicit,
3504 5489 3559 5554 si
3600 5488 3778 5555 Chri·
3854 5491 4107 5604 peggssnte

2237 5615 2378 5670 stus
2428 5604 2898 5683 incarnaretur,
2970 5603 3210 5670 Adamo
3261 5624 3388 5670 non
3442 5619 3773 5692 peccante,
3870 5602 4082 5653 Adamo
