4287 6313
1718 439 1917 503 DIST.
1952 438 1997 501 1.
2033 438 2391 515 QUAESTlO
2436 440 2536 501 Vl.

3643 437 3755 505 107

548 602 805 679 lutam
869 605 998 678 vel
1060 605 1560 685 ordinatam;
1620 603 1792 676 ideo
1837 601 2104 695 primo
2218 614 2317 669 ter
2348 622 2623 690 regnum
2655 615 2719 670 et
2749 602 3078 670 infernum
3119 616 3266 690 post
3305 615 3605 685 mortem,
3641 624 3760 671 nec

543 722 973 796 videndum
1015 725 1163 804 est,
1211 742 1310 794 an
1350 720 1730 815 possibile
1789 722 1893 793 sit
1936 722 2101 793 Deo

545 842 640 912 de
679 840 1045 933 potentia
1078 841 1454 914 absoluta
1484 839 1750 913 delere
1779 840 2103 932 culpam

550 957 1039 1048 originalem
1082 958 1253 1029 sine
1313 956 1714 1030 infusione
1764 955 2095 1049 gratiae;

546 1074 923 1156 secundo,
981 1094 1083 1146 an
1141 1075 1293 1147 hoc
1363 1074 1470 1149 sit
1527 1075 1677 1146 sibi
1724 1073 2102 1168 possibile

545 1190 987 1262 secundum
1038 1191 1489 1283 potentiam
1525 1190 2007 1264 ordinatam.

993 1474 1653 1540 COMMENTARIUS.

298 1784 376 1833 De
408 1845 422 1854 ·
538 1816 543 1821 .
634 1756 727 1845 (b)
789 1757 909 1822 Hic
957 1757 1469 1844 supponendum
1525 1767 1638 1836 ese,
1690 1766 1814 1822 etc.
1852 1758 1933 1822 Ut
1991 1754 2097 1822 hic

178 1848 508 1961 ςῖξξξξῗὲ
541 1874 1177 1971 comprehendamus
1229 1873 1410 1938 varia
1456 1873 1689 1959 placita
1746 1884 1872 1937 tam
1926 1872 2098 1938 anti-

273 1972 408 2021 ⁰¹³⁵¹³·
541 2009 846 2074 quorum,
871 2008 1065 2075 quam
1090 1986 1287 2053 etiarn
1327 1987 1791 2055 modernorum
1815 1987 1983 2053 circa
2007 1987 2093 2053 ef-

539 2105 838 2173 ficaciam
902 2105 1462 2186 Circumcisionis,
1520 2127 1714 2192 quam
1782 2104 2093 2191 supponit

538 2228 773 2289 Doctor
861 2245 941 2291 ex
1000 2223 1384 2290 auctoritate
1450 2225 1834 2289 Sanctorum
1887 2222 2123 2289 fuisse'

537 2350 839 2424 respectu
880 2339 1127 2425 peccati
1158 2338 1504 2425 originalis
1535 2338 1792 2405 delendi
1827 2338 2083 2417 saltem,

537 2454 872 2520 immorari
915 2454 1252 2541 paululum
1312 2465 1590 2541 oportet,
1640 2474 1718 2520 ne
1752 2454 1942 2520 toties
2009 2454 2087 2521 ad

536 2568 711 2635 idem
743 2568 1243 2656 digrediendum
1276 2569 1387 2635 sit.

249 2721 432 2770 pam
631 2685 848 2752 Prima
942 2706 1103 2772 ergo
1182 2685 1498 2752 sententia
1586 2698 1685 2753 est
1793 2685 2086 2772 Magistri

183 2784 508 2901 fflffiglihg,
536 2803 695 2868 dist.
738 2808 797 2869 1.
842 2804 915 2869 in
946 2805 1102 2886 fine,
1162 2814 1227 2871 et
1267 2802 1510 2889 glossae
1558 2803 1624 2869 in
1696 2824 1840 2890 cap.
1894 2804 2087 2879 Quod

232 2909 450 2957 Glossae.
536 2931 778 2999 autem,
852 2919 931 2985 de
1004 2918 1531 2999 consecratione,
1596 2920 1752 2985 disc.
1824 2924 1888 2986 4.
1970 2940 2086 3006 per

535 3038 1113 3105 circumcisionem
1171 3036 1375 3105 solam
1425 3038 1681 3124 culpam
1732 3036 1937 3105 fuisse
1976 3037 2083 3104 de-

531 3155 725 3222 letam
764 3167 827 3221 et
878 3154 1121 3222 nullam
1177 3154 1475 3222 collatam
1507 3154 1810 3242 gratiam.

200 3301 475 3365 1mpugna·
621 3275 773 3338 Haec
840 3271 1164 3337 sententia
1226 3270 1507 3337 involvit
1577 3268 2079 3357 repugnantiam

203 3369 475 3476 chssffiari
536 3387 619 3453 ad
650 3387 971 3475 principia
1013 3386 1187 3467 fidei,
1235 3407 1510 3474 eamque
1551 3387 1899 3475 impugnat
1965 3392 2081 3454 Do-

224 3495 457 3600 ,ζξῖξυᾌ
535 3517 698 3585 ctor,
752 3504 907 3592 quia
946 3502 1027 3569 de
1076 3503 1246 3569 facto
1284 3524 1410 3569 non
1454 3502 1645 3571 datur
1675 3517 1882 3572 status
1951 3525 2084 3572 me-

185 3613 504 3738 poessssssan
535 3620 686 3686 dius
719 3620 888 3686 inter
916 3620 1199 3688 amicum
1260 3633 1323 3686 et
1390 3620 1752 3700 inimicum,
1807 3633 1871 3687 et
1918 3643 2082 3688 nun-

212 3741 474 3790 etlilium.
537 3758 734 3824 quam
788 3737 1144 3804 remittitur
1196 3750 1531 3825 peccatum
1601 3738 1916 3826 originale
1974 3750 2086 3805 aut

540 3853 834 3935 mortale,
872 3853 998 3919 nisi
1041 3874 1155 3940 per
1204 3852 1616 3920 collationem
1667 3854 1924 3940 gratiae,
2018 3867 2086 3921 ut

540 3983 715 4059 patet
744 3992 825 4036 ex
858 3971 1124 4036 materia
1166 3970 1248 4037 de
1270 3970 1767 4057 justificatione,
1804 3983 1867 4038 et
1898 3971 2082 4038 docet

194 4167 203 4174 ,
269 4108 451 4180 Quia·
539 4086 998 4154 Tridentinum
1058 4107 1214 4152 sess.
1288 4089 1351 4152 6.
1399 4108 1547 4172 cap.
1628 4090 1691 4154 7.
1763 4087 2083 4154 definiens

190 4174 487 4286 ’ἓζζὲζῗο
529 4201 1068 4291 justificationem
1110 4202 1446 4268 continere
1476 4202 1619 4269 haec
1657 4204 1808 4286 du0,
1849 4224 2083 4292 nempe

538 4320 995 4388 remissionem
1038 4319 1318 4405 peccati,
1358 4330 1424 4386 et
1459 4322 1946 4388 renovationem
1987 4323 2082 4388 in-

535 4438 795 4504 terioris
838 4437 1124 4502 hominis
1154 4457 1269 4523 per
1299 4438 1608 4523 gratiam.

626 4553 1121 4641 AEquivalenter
1155 4552 1415 4619 videtur
1453 4553 1754 4620 damnata
1796 4556 1863 4622 in
1904 4559 2085 4624 Pela-

514 4669 781 4758 gianis,
848 4682 912 4736 et
951 4669 1351 4736 contrarium
1395 4669 1767 4738 definitum.
1835 4673 1932 4739 Illi
1975 4674 2084 4740 do-

535 4787 795 4867 cebant,
876 4786 1084 4873 pressi
1152 4786 1533 4853 auctoritate
1599 4789 1953 4874 scripturae
2018 4806 2081 4860 et

537 4901 872 4981 Ecclesiae,
950 4902 1228 4989 gratiam
1303 4902 1545 4969 Christi
1595 4904 1955 4972 consistere
2018 4908 2084 4973 in

210 5046 471 5120 Angustia.
532 5020 675 5085 sola
758 5031 1165 5105 peccatorum
1251 5020 1659 5100 remissione,
1752 5033 1820 5088 ut
1897 5021 2088 5091 babet

212 5112 487 5225 ffiffifflss,
530 5144 948 5230 Augustinus
978 5144 1091 5209 lib.
1120 5144 1441 5231 deqracia
1474 5145 1752 5225 Christi,
1792 5157 1946 5232 cap.
1971 5150 2080 5215 38.

526 5273 591 5327 et
631 5262 751 5325 39.
807 5258 1124 5326 Definituz·
1162 5261 1564 5327 contrarium
1600 5283 1749 5329 can.
1810 5267 1914 5328 11.
1951 5264 2086 5329 Tri-

525 5377 786 5444 dentini
825 5390 890 5443 et
968 5376 1373 5455 Milevitani;
1429 5380 1573 5466 ejus
1633 5379 1829 5446 etiam
1872 5380 2089 5466 impu-

525 5492 784 5580 gnatio,
831 5494 1018 5580 juxta
1055 5493 1370 5560 rationem
1415 5494 1820 5580 praemissam
1858 5499 2087 5562 Docto-

510 5608 652 5689 =riS,
698 5630 781 5676 ex
824 5629 900 5674 eo
942 5607 1115 5696 quod
1156 5628 1283 5674 non
1315 5609 1402 5676 sit
1430 5621 1637 5676 status
1671 5610 1924 5679 medius
1990 5612 2087 5678 in-

2219 719 2388 786 inter
2453 719 2660 788 filium
2724 721 2911 808 regni
2971 734 3034 788 et
3098 722 3425 809 gehennae
3490 720 3557 787 in
3623 722 3760 788 vita

2219 834 2503 901 mortali.
2569 840 2741 914 Haec‚
2831 837 3124 924 inquam,
3171 837 3581 924 impugnatio
3644 837 3760 903 de-

2216 951 2387 1016 sumi
2438 964 2648 1039 potest
2677 973 2757 1019 ex
2798 955 3167 1041 Augustino
3209 956 3319 1022 lib.
3373 962 3434 1023 1.
3491 954 3572 1020 de
3607 976 3761 1040 pec·
3813 932 3819 944 ¹

2214 1078 2509 1133 catorum
2566 1072 2844 1149 meritis,
2928 1093 3075 1157 cap.
3152 1076 3257 1139 17.
3323 1075 3429 1138 18.
3476 1074 3585 1138 20.
3641 1075 3751 1138 30.

2214 1195 2274 1248 ec
2314 1187 2422 1250 34.
2487 1184 2597 1251 ubi
2650 1186 3136 1273 redarguuntur
3202 1186 3557 1274 Pelagiani,
3645 1186 3758 1273 qui

2212 1299 2426 1365 locum
2506 1300 2790 1367 medium
2829 1315 2894 1368 et
2955 1314 3197 1370 statum
3248 1303 3419 1369 inter
3471 1323 3752 1389 regnum

2210 1416 2527 1483 coelorum
2621 1429 2684 1485 et
2795 1418 3279 1485 damnationem
3381 1421 3756 1487 statuebant

2210 1532 2503 1618 parvulis
2572 1554 2701 1600 non
2753 1534 3093 1621 baptizatis
3149 1535 3617 1603 decedentibus
3669 1556 3752 1601 ex

2209 1648 2342 1718 via.

2296 1765 2594 1832 Secunda
2623 1767 2945 1834 sententia
2974 1768 3161 1834 docet
3225 1768 3292 1834 in
3331 1767 3742 1835 Circumcisi-

2206 1903 2331 1948 one
2360 1881 2570 1948 datam
2635 1882 2837 1949 fuisse
2901 1884 3179 1971 gratiam
3228 1884 3433 1970 quoad
3485 1883 3753 1950 effectus

2209 1997 2598 2085 privativos,
2636 2018 2764 2063 non
2795 2010 3010 2063 autem
3055 1998 3411 2084 positivos;
3467 2019 3582 2082 per
3618 1995 3753 2085 pri-

2206 2116 2462 2180 vativos
2538 2113 2908 2200 intelligere
2977 2114 3239 2180 videtur
3296 2113 3752 2181 remissionem

2204 2230 2416 2317 culpae
2446 2239 2510 2295 et
2545 2248 2804 2314 poenae;
2848 2250 2963 2316 per
3009 2229 3331 2315 positivos
3378 2250 3527 2296 vero
3568 2251 3755 2296 reno-

2201 2347 2532 2413 vationem
2595 2345 2926 2411 interioris
2986 2345 3296 2426 hominis,
3360 2345 3471 2412 Dei
3515 2344 3746 2427 silium,

2201 2474 2265 2529 et
2304 2462 2587 2529 amicum
2617 2462 3039 2530 constituere.
3084 2464 3237 2528 Haec
3277 2461 3372 2528 sic
3421 2462 3750 2551 explicata

2203 2581 2367 2647 nihil
2398 2580 2618 2648 differt
2667 2601 2703 2647 a
2750 2579 3173 2666 praecedenti,
3227 2600 3301 2646 ac
3341 2580 3613 2667 proinde
3668 2601 3750 2648 ex

2192 2700 2330 2786 jam
2361 2697 2552 2765 dictis
2594 2697 2912 2785 rejicitur.
3449 2682 3460 2695 ’

2288 2814 2504 2880 Tertia
2534 2813 2858 2881 sententia
2890 2826 3009 2893 est,
3056 2812 3274 2879 datam
3338 2812 3542 2880 fuisse
3598 2833 3746 2900 gra·
3855 2813 4028 2924 Tgsstia

2197 2933 2353 2999 tiam
2393 2933 2633 2999 virtute
2673 2930 3208 2998 Circumcisionis
3263 2951 3411 3018 quae
3477 2930 3743 2997 suffice—
3801 2938 4070 2989 sententia.

2198 3063 2296 3115 ret
2353 3049 2432 3115 ad
2490 3048 2946 3116 remissionem
3021 3046 3255 3134 culpae,
3330 3067 3457 3113 non
3526 3059 3746 3112 tamen
3873 3058 3876 3061 “

2197 3179 2513 3256 quantum
2553 3166 2632 3232 ad
2684 3165 2817 3232 vim
2859 3178 2921 3232 et
2969 3164 3328 3232 efficaciam
3360 3162 3778 3251 superandae·

2197 3283 2775 3369 concupiscentiae,
2839 3295 2902 3348 et
2954 3282 3243 3349 merendi
3288 3282 3488 3348 vitam
3555 3267 3776 3348 aeter-¹

2199 3418 2373 3465 nam.
2419 3397 2667 3464 Citatur
2724 3400 2796 3462 D.
2873 3396 3156 3462 Thomas
3222 3398 3297 3462 in
3337 3400 3402 3461 4.
3465 3397 3641 3483 disp.
3682 3401 3742 3463 1.
3775 3431 3840 3481 1).
3890 3433 4079 3483 Thom.

2199 3525 2426 3604 quaest.
2470 3517 2534 3582 2.
2570 3525 2702 3580 arc,
2740 3519 2802 3579 ὅ.
2858 3515 3339 3599 quaestiuncula
3372 3517 3436 3579 3.
3474 3524 3538 3579 et
3567 3513 3745 3580 vide·
3777 3495 3843 3544 D.
3888 3495 4086 3548 Bonav.

2199 3648 2305 3702 tur
2361 3639 2440 3700 D.
2521 3637 2997 3699 Bonaventurae
3049 3642 3275 3718 quoest.
3340 3632 3580 3698 ultima
3641 3633 3747 3698 di-

2197 3751 2430 3831 centis,
2478 3770 2606 3815 non
2639 3749 2986 3817 suffecisse
3024 3748 3318 3815 eamdem
3352 3748 3631 3836 gratiam
3664 3750 3744 3816 ad

2199 3868 2586 3955 profectum.
2623 3867 2825 3941 Quam
2859 3864 3250 3931 sententiam
3306 3878 3580 3953 uterque
3638 3865 3744 3932 de·
3791 3871 4015 3923 Alensis-

2196 3981 2480 4069 sumpsit
2528 4002 2608 4047 ex
2659 3981 2881 4047 Alensi
2925 3981 2987 4047 4.
3026 3991 3209 4066 part.
3264 3993 3489 4066 quoesc.
3545 3984 3610 4045 4.
3655 4001 3743 4048 m.

2198 4105 2261 4167 7.
2313 4108 2444 4167 art.
2528 4101 2594 4163 4.
2648 4099 2681 4182 ἓ
2735 4100 2799 4163 2.
2865 4096 2974 4162 ubi
3053 4094 3398 4182 distinguit
3471 4095 3749 4183 gratiam

2197 4212 2712 4284 sanctificantem
2788 4234 2824 4280 a
2872 4211 3106 4300 gratia,
3162 4233 3310 4300 quae
3350 4212 3434 4278 sit
3500 4211 3743 4298 princi·

2197 4331 2376 4416 pium
2412 4328 2721 4415 operandi
2760 4329 3090 4395 meritum.

2284 4449 2461 4512 Hanc
2563 4444 2955 4511 sententiam
3054 4443 3396 4530 impugnat
3506 4444 3745 4509 Suarez

2199 4563 2444 4649 disput.
2514 4565 2618 4628 10.
2671 4572 2827 4626 sect.
2877 4564 2937 4625 1.
3000 4560 3237 4645 primo,
3303 4559 3453 4647 quia
3527 4559 3745 4627 omnis
3798 4527 4076 4654 ῃῗξιῗέξζξ

2197 4679 2430 4767 gratia,
2485 4696 2633 4762 quae
2663 4674 3003 4742 constituit
3043 4673 3277 4755 filium,
3333 4685 3398 4740 et
3453 4671 3754 4762 gratum,⁸
3885 4658 3992 4703 ω·

2199 4805 2513 4881 quantum
2555 4803 2654 4859 est
2692 4811 2769 4857 ex
2804 4812 2897 4873 se,
2934 4800 3033 4857 est
3064 4790 3401 4857 sufficiens
3432 4791 3509 4857 ad
3552 4789 3743 4857 meri-

2198 4925 2380 4990 tum;
2433 4907 2744 4989 secundm
2802 4907 2953 4995 quia
3010 4906 3158 4973 talis
3231 4907 3442 4993 gratia
3485 4928 3746 4994 semper

2199 5030 2395 5096 habet
2446 5028 2819 5114 adjunctam
2877 5026 3286 5105 charitatem,
3348 5047 3508 5113 ergo
3560 5027 3744 5094 sufii-

2198 5148 2379 5213 ciens
2455 5143 2532 5210 ad
2602 5142 3039 5230 superandam
3116 5143 3739 5230 concupiscentiam,

2198 5266 2349 5351 quia
2397 5282 2580 5327 amor
2622 5259 2735 5326 Dei
2785 5274 2885 5326 est
2932 5280 3012 5326 ex
3045 5280 3116 5325 se
3148 5259 3377 5326 fortior
3406 5260 3737 5339 omnibuS‚

2205 5385 2263 5444 1.
2308 5382 2489 5443 Joan.
2535 5382 2601 5445 3.
2652 5377 2886 5442 Omnis
2935 5397 3046 5463 qut
3103 5377 3176 5441 in
3216 5398 3288 5443 eo
3341 5388 3560 5443 manee
3611 5398 3743 5442 non

2193 5505 2438 5581 peccat,
2477 5504 2599 5559 etc.
2652 5494 2783 5569 Qui
2820 5504 3017 5558 natus
3048 5503 3140 5559 est
3180 5514 3262 5560 ex
3297 5495 3452 5573 Dec,
3504 5513 3739 5582 pecca-

2201 5621 2337 5676 tum
2368 5632 2506 5677 non
2534 5612 2725 5694 facit,
2765 5621 2888 5677 etc.

3837 1795 4071 1865 Secunda

3809 1862 4059 1907 sententia
4071 1896 4083 1909 .

3770 5463 3819 5513 1.
3856 5465 4001 5514 Joan.
4033 5463 4082 5514 3.
