4287 6313
290 3179 524 3231 Primum

274 3258 543 3309 argumen-

293 3310 402 3378 ωηε-
423 3320 543 3379 rm.

270 3369 564 3420 Parmensi.

276 4506 521 4585 Solvi‘tur.

615 332 734 394 594

612 499 1205 576 Sacramentorum,
1287 497 1535 565 nullum
1577 518 1860 563 errorem
1923 497 2164 563 admit-

611 625 772 691 tere,
818 624 882 678 et
950 615 1293 679 veritatem
1366 614 1597 680 docere
1672 615 2162 680 Sacrosanctam

611 728 1408 808 EcclesiamRomanam,
1470 751 1618 816 qua>
1685 742 1784 796 est
1859 730 2163 796 columna

611 843 929 922 veritatiS,
985 858 1207 911 contra
1269 865 1464 930 quam
1523 859 1727 930 portae
1778 843 1968 910 inferi
2031 864 2161 910 non

610 972 885 1045 possunt
924 959 1306 1045 praevalere,
1343 959 1512 1047 quod
1555 960 1866 1046 supponit
1914 959 2158 1025 dictum

608 1075 989 1162 capitulum,
1027 1097 1101 1142 ac
1134 1075 1408 1162 proinde
1439 1088 1508 1142 ut
1555 1075 1848 1142 haeretici
1896 1095 2159 1142 excom-

612 1191 1054 1270 municantur,
1137 1191 1533 1280 quicumque
1585 1192 1771 1258 aliter
1804 1193 2038 1258 docent
2078 1192 2158 1258 de

612 1307 965 1395 BaptismO,
1019 1319 1129 1376 aut
1167 1307 1313 1374 aliis
1344 1308 1810 1388 SacramentiS,
1859 1303 1969 1374 aut
2002 1328 2156 1374 sen-

609 1423 801 1502 tiunt,
829 1444 1023 1511 quam
1059 1423 1166 1489 illa
1199 1423 1510 1510 praedicat
1541 1435 1603 1489 et
1644 1425 1975 1518 observat.
2005 1429 2158 1490 Haec

607 1553 707 1606 est
744 1553 959 1606 autem
1039 1540 1386 1620 certitudo,
1433 1561 1628 1627 quam
1679 1544 1917 1607 Doctor
1960 1554 2155 1627 negat

608 1656 829 1721 haberi
882 1676 963 1721 ex
1010 1656 1343 1742 Scriptura
1392 1668 1501 1722 aut
1562 1657 1885 1737 PatribuS,
1922 1669 1986 1722 et
2025 1678 2153 1743 qua

604 1772 839 1857 posita,
904 1772 1179 1838 liberum
1226 1793 1355 1837 non
1413 1785 1512 1839 est
1561 1773 1745 1838 aliter
1800 1773 2043 1839 sentire
2073 1773 2152 1839 de

602 1890 1000 1968 charactere,
1053 1910 1247 1975 quam
1280 1888 1565 1956 Ecclesia
1597 1887 1807 1957 docet.
1866 1893 2008 1955 Non
2039 1909 2153 1956 ne-

601 2015 714 2091 gat
743 2018 959 2071 autem
992 2004 1378 2092 simpliciter
1411 2005 1811 2092 Scriptus-am
1834 2020 1896 2072 et
1930 2009 2150 2072 Patres

603 2140 732 2187 non
773 2121 1007 2188 docere
1055 2121 1524 2199 characterem,
1571 2121 1684 2187 sed
1745 2135 1996 2188 tantum
2032 2142 2147 2187 ne-

601 2249 714 2324 gat
778 2236 1194 2304 auctoritates
1237 2236 1529 2322 ipsorum
1565 2219 1992 2303 determinate
2040 2257 2145 2302 ex·

599 2354 883 2440 primere
917 2354 1083 2420 hanc
1112 2354 1457 2420 veritatem
1501 2374 1575 2421 ea
1610 2352 2021 2432 certitudine,
2079 2368 2149 2420 ut

597 2470 784 2538 aliter
815 2472 1058 2538 sentire
1110 2492 1238 2537 non
1269 2472 1514 2551 liceret,
1562 2470 1664 2537 vel
1726 2470 1903 2556 ipsas
1933 2484 2148 2537 aucto-

594 2587 825 2655 ritates
871 2587 1203 2674 explicare
1247 2588 1313 2653 in
1361 2589 1558 2655 alium
1610 2609 1877 2655 sensum
1931 2586 2145 2653 diver-

591 2725 759 2773 sum.

681 2819 799 2894 Qui
834 2840 1070 2888 sensus
1102 2822 1245 2907 ejus
1280 2833 1614 2908 patet,tam
1640 2841 1719 2886 ex
1745 2841 1939 2906 scopo
1970 2820 2138 2906 eJuS,

591 2946 656 3002 et
695 2935 996 3003 discursu
1039 2938 1383 3022 praemisso
1417 2938 1483 3004 in
1538 2940 1663 3004 hoc
1703 2936 2135 3025 paragrapho,

594 3068 725 3121 tam
756 3076 837 3121 ex
887 3054 1313 3140 responsione
1342 3054 1421 3120 ad
1468 3054 1747 3139 primam
1794 3053 2135 3134 rationem,

594 3191 788 3256 quam
844 3171 985 3257 ipse
1027 3170 1290 3237 adducit
1351 3170 1417 3236 in
1458 3171 1746 3237 favorem
1797 3170 2141 3236 sententiae

596 3287 1004 3366 ParisienSiS,
1078 3299 1141 3352 et
1200 3298 1298 3353 est
1345 3286 1532 3352 talis:
1586 3285 1774 3363 Quod
1826 3287 2002 3352 nihil
2033 3285 2138 3350 de·

595 3406 737 3469 beat
787 3404 954 3489 poni
1016 3405 1277 3487 frustra
1344 3415 1404 3469 et
1468 3405 1615 3470 sine
1653 3406 2036 3469 necessitate
2066 3404 2138 3468 in

591 3521 885 3601 creditiS,
950 3542 1095 3607 quoe
1124 3542 1259 3586 non
1300 3532 1627 3606 apparent
1666 3520 2024 3586 secundum
2055 3520 2134 3602 [ἰ-

589 3639 739 3704 dem
758 3662 783 3717 ,·
813 3639 1167 3724 Scriptura
1214 3650 1432 3703 autem
1462 3659 1599 3703 non
1628 3638 1949 3723 eoeprimit
1987 3638 2136 3701 cha·

584 3766 911 3822 racterem
985 3776 1117 3819 esse
1147 3755 1589 3820 necessariam
1647 3755 1715 3819 ιή
1764 3754 2127 3838 Baptismc),

582 3896 703 3939 nec
758 3873 991 3937 Sancti
1057 3872 1394 3956 caeplz‘eite,
1468 3886 1591 3935 etc.
1661 3869 1767 3935 ubi
1818 3869 2134 3955 empticite

581 3989 804 4067 sumit,
878 3999 1068 4073 prout
1116 3987 1426 4073 exprimit
1474 3985 1861 4054 sententiam
1917 3986 2132 4051 deter-

585 4107 920 4183 minatam,
986 4124 1134 4190 quae
1192 4103 1258 4169 in
1297 4103 1495 4168 alium
1527 4122 1797 4168 sensum
1840 4101 2128 4187 torqueri

581 4234 692 4288 aut
742 4219 1155 4306 interpretari
1220 4239 1347 4284 non
1391 4230 1631 4305 posset,
1678 4229 1741 4284 et
1783 4217 1978 4283 infert
2021 4237 2131 4283 ne·

579 4338 951 4405 cessitatem
994 4355 1327 4414 assensus,
1364 4334 1548 4400 salva
1581 4333 1736 4399 fide.

672 4453 768 4520 Ad
837 4454 959 4519 hoc
1033 4463 1496 4539 argumentum
1549 4450 1942 4537 respondet:
2013 4452 2125 4515 Be-

576 4571 889 4657 spondeO,
965 4569 1198 4657 inquit,
1291 4567 1464 4654 quod
1535 4568 1655 4632 etsi
1704 4587 1838 4633 non
1917 4567 2125 4652 possit

578 4688 752 4754 illud
819 4688 1160 4754 evidenter
1233 4685 1606 4751 necessario
1696 4683 1975 4769 probari
2040 4705 2122 4749 ca:

576 4805 869 4883 creditis,
908 4817 1029 4870 etc.
1087 4823 1322 4889 nempe
1362 4813 1552 4887 prout
1601 4800 2122 4866 determinantur

572 4922 637 4986 in
679 4921 1013 5008 Scriptura
1044 4933 1107 4985 et
1144 4918 1465 4996 PatribuS,
1512 4917 1662 5004 quia
1695 4916 1764 4982 in
1796 4916 1917 4983 hac
1948 4913 2117 4980 limi-

568 5037 811 5103 tatione
862 5049 926 5102 et
972 5035 1358 5122 praecisione
1415 5032 1705 5119 loquitur
1761 5052 2116 5119 argumen-

567 5164 704 5220 tum
783 5152 862 5217 de
929 5151 1214 5229 creditiS,
1262 5171 1457 5237 quam
1534 5148 1989 5214 limitationem
2047 5149 2111 5211 in

568 5273 688 5336 hac
721 5268 1147 5354 responsione
1186 5287 1481 5345 ServanS,
1518 5266 1787 5352 opponit
1836 5264 1931 5330 sic
1969 5286 2112 5330 cre-

568 5388 722 5465 dita,
761 5385 840 5451 ad
881 5384 1197 5450 creditum
1241 5404 1312 5449 ex
1354 5380 1851 5448 delinitione'et
1897 5393 2111 5446 aucto-

572 5506 761 5571 ritate
817 5500 1150 5567 Ecclesiae.

1836 338 1977 397 LlB.
2006 337 2104 398 tv.
2136 336 2732 401 SENTENTIARUM

2367 499 2462 562 Ex
2522 497 2759 584 quibus
2819 510 2993 583 patet
3032 518 3182 564 eum
3233 496 3530 563 absolute
3565 515 3693 561 non
3728 515 3831 562 ne·

2276 631 2434 697 gare
2477 612 2643 678 hanc
2677 613 3018 679 veritatem
3080 612 3396 678 contineri
3430 611 3496 676 in
3545 611 3836 696 Scriptu-

2276 746 2343 790 ra
2375 745 2437 791 et
2480 727 2802 806 Patribus,
2838 728 2951 793 sed
2987 740 3181 814 negat
3232 747 3373 793 eam
3412 724 3737 793 contineri
3771 725 3836 790 in

2271 839 2535 905 creditis
2575 862 2656 907 ex
2698 841 3033 928 Scriptura
3069 863 3218 908 cum
3251 841 3388 907 sola
3431 844 3692 907 Patrum
3735 839 3831 906 in-

2275 956 2763 1040 terpretatione,
2800 968 3109 1045 tanquam
3161 956 3545 1024 necessario
3595 967 3660 1022 et
3697 954 3837 1023 evi-

2271 1068 2497 1138 denter
2537 1074 2898 1158 probatam,
2945 1087 3051 1141 aut
3105 1095 3220 1162 per
3269 1074 3661 1141 sententiam
3722 1094 3834 1139 ex·

2270 1188 2557 1273 plicitam
2619 1203 2682 1257 et
2752 1204 3093 1277 cogentem
3177 1190 3633 1277 propositum;
3695 1188 3835 1276 agit

2269 1303 2443 1371 enim
2493 1304 2572 1370 de
2620 1307 2888 1374 creditis
2962 1306 3520 1395 propositionibus
3552 1303 3833 1390 explici-

2270 1419 2375 1499 tis,
2431 1442 2579 1508 quae
2610 1436 2766 1490 sunt
2813 1425 2893 1491 de
2923 1425 3286 1491 substantia
3322 1423 3501 1503 fidei,
3546 1435 3610 1490 et
3671 1421 3832 1488 infe·

2269 1549 2422 1602 runt
2452 1541 2903 1606 necessitatem
2938 1540 3142 1621 salva,
3189 1540 3339 1620 fide,
3363 1561 3696 1607 assensus.
3752 1541 3831 1613 Et

2267 1654 2609 1741 subjungit
2673 1657 2990 1723 contineri
3026 1654 3226 1744 [inter
3322 1658 3591 1739 credita,
3674 1681 3825 1747 quae

2265 1770 2555 1837 Ecclesia
2587 1774 2890 1859 proponit
2936 1786 3000 1840 et
3029 1774 3335 1859 declarat,
3377 1777 3566 1863 cujus
3606 1790 3822 1843 aucto-

2267 1886 2420 1954 ritas
2470 1889 2534 1955 in
2585 1890 2707 1956 hoc
2750 1891 2959 1976 potior
2989 1906 3089 1959 est
3123 1914 3315 1979 quam
3394 1896 3657 1961 Patrum
3711 1907 3821 1961 aut

2267 2008 2633 2086 Doctorum,
2698 2008 2849 2094 quia
2911 2008 3048 2094 ipsa
3111 2009 3304 2076 habet
3370 2009 3813 2076 assistentiam

2262 2119 2543 2203 Spiritus
2576 2121 2780 2186 sancti
2814 2144 2894 2187 ez
2936 2124 3373 2209 promissione
3425 2123 3563 2203 Dei,
3601 2135 3677 2190 ut
3714 2144 3816 2189 er-

2263 2253 2406 2300 rare
2463 2256 2593 2300 non
2653 2238 2857 2323 possit
2923 2239 2989 2304 in
3030 2237 3158 2306 fide
3190 2253 3301 2306 aut
3346 2239 3663 2320 moribus,
3703 2252 3814 2308 aut

2263 2346 2693 2435 intelligentia
2733 2352 3111 2437 Scripturae.

2357 2464 2618 2545 Tamen,
2667 2467 2904 2554 inquit,
2952 2471 3256 2556 ponendi
3306 2473 3660 2538 necessitas
3721 2482 3815 2536 est

2261 2584 2420 2663 hoec,
2469 2586 2626 2670 quia
2665 2585 2962 2652 Ecclesia
2997 2590 3212 2673 ponit,
3260 2599 3320 2653 et
3365 2590 3815 2674 congruentiae

2256 2711 2431 2778 sum,
2480 2702 2704 2785 quales
2758 2704 2952 2787 prius
2989 2703 3297 2770 adductae
3325 2717 3501 2784 sunt,
3548 2727 3667 2771 nec
3697 2726 3807 2771 va·

2261 2815 2348 2879 let
2376 2829 2840 2902 aryumentum
2875 2821 3280 2906 neqativum,
3327 2822 3388 2885 si
3421 2842 3537 2887 nec
3555 2823 3807 2908 Diony-

2257 2931 2418 3011 sius,
2531 2954 2648 2999 nec
2725 2936 3212 3015 Damascenus,·
3298 2958 3454 3025 erqo
3530 2939 3794 3016 nullan

2255 3048 2511 3132 suflicit
2542 3052 2718 3115 enim
2778 3054 3150 3120 auctoritas
3231 3055 3568 3135 Ecclesiae,
3645 3057 3806 3141 quia

2254 3164 2661 3250 Aayustimts
2725 3167 2807 3233 de
2869 3170 3160 3235 moribus
3247 3169 3793 3246 Manichoeoram,

2256 3281 2624 3367 Evanqelio
2687 3305 2823 3349 non
2909 3286 3269 3367 crederem,
3350 3289 3489 3353 nisi
3572 3288 3800 3354 crede-

2255 3415 2392 3462 rem
2451 3400 2781 3468 Ecclesioe.
2890 3406 3156 3470 Constat
3224 3424 3381 3490 ergo
3463 3426 3614 3471 eum
3692 3427 3795 3471 re-

2252 3514 2420 3581 ferre
2453 3516 2620 3582 hanc
2648 3517 2990 3584 veritatem
3023 3519 3407 3606 simpliciter
3445 3522 3616 3589 inter
3661 3544 3800 3589 cre-

2250 3631 2404 3710 dita,
2466 3644 2529 3698 et
2587 3634 2838 3719 primus
2883 3634 3053 3701 inter
3122 3636 3556 3705 Scholasticos
3633 3637 3799 3707 hanc

2249 3748 2703 3816 certitudinem
2773 3754 2916 3840 ejus
2976 3755 3281 3839 exposuit
3310 3768 3374 3820 et
3404 3756 3795 3842 dogmatiza-

2249 3865 2365 3943 vit,
2413 3887 2606 3952 quam
2641 3882 2865 3954 postea
2906 3869 3207 3936 delinivit
3246 3871 3698 3941 Tridentinum
3731 3887 3796 3940 et

2249 3981 2691 4047 Florentinum
2725 3995 2952 4050 contra
2985 3988 3367 4054 Novatores

2334 4094 2428 4163 Ex
2459 4098 2697 4185 quibus
2745 4100 3114 4168 excluditur
3168 4103 3524 4189 popularis,
3560 4117 3624 4171 et
3663 4125 3793 4171 non

2247 4214 2509 4281 fundata
2541 4214 2991 4305 interpretatio
3022 4219 3366 4286 sententiaa
3398 4222 3565 4307 ejus»,
3594 4242 3791 4309 quam

2243 4330 2552 4398 adhibent
2603 4334 2922 4416 moderni,
2968 4349 3032 4402 et
3064 4358 3214 4422 quae
3262 4359 3344 4403 ex
3389 4339 3563 4406 nulla
3618 4339 3791 4407 clau-

2243 4448 2384 4513 sula
2416 4450 2618 4516 totius
2656 4442 3013 4520 'discursus
3074 4465 3137 4518 et
3190 4456 3578 4541 quaestionis
3619 4478 3792 4543 prae-

2240 4563 2444 4630 sentis
2478 4565 2701 4632 haberi
2744 4582 2979 4654 potest,
3065 4571 3215 4656 quia
3246 4583 3308 4639 et
3374 4586 3784 4659 argumenta,

2239 4679 2305 4744 in
2341 4681 2629 4748 favorem
2662 4684 3004 4751 sententiae
3036 4687 3423 4756 parisiensis
3465 4689 3651 4770 facta,
3687 4711 3788 4757 as-

2238 4797 2592 4864 sertionem
2635 4801 2929 4867 Doctoris
2978 4823 3106 4867 non
3147 4804 3510 4885 continent,
3574 4827 3786 4894 neque

2234 4911 2320 4977 ita
2363 4913 2639 4981 formata
2670 4930 2825 4982 sunt
2866 4918 2931 4983 in
2965 4939 3038 4985 ea
3070 4921 3521 5006 generalitate,
3558 4934 3620 4990 et
3644 4944 3786 4989 mo-

2232 5027 2312 5093 do
2399 5029 2678 5111 dicendi,
2747 5045 2814 5099 ut
2884 5033 3199 5102 inferrent
3239 5037 3680 5105 characterem
3717 5039 3783 5104 in

2230 5145 2562 5233 Scriptura
2630 5161 2692 5215 et
2752 5152 3052 5219 Patribus
3117 5174 3243 5217 non
3276 5156 3618 5235 contineri,
3666 5155 3783 5223 sed

2227 5283 2376 5328 cum
2410 5284 2484 5331 ea
2514 5264 2924 5347 limitatione,
2998 5289 3192 5355 quam
3235 5271 3556 5358 adjunxit,
3605 5295 3782 5340 nem·

2226 5400 2306 5465 pe
2338 5390 2407 5445 ut
2457 5382 2798 5449 veritatem
2863 5386 3235 5470 explicitam
3305 5388 3386 5454 de
3417 5391 3780 5457 substantia

2222 5494 2396 5577 fidei,
2443 5497 2546 5564 vel
2590 5501 2960 5568 necessario
3023 5516 3087 5569 et
3163 5504 3501 5572 evidenter
3532 5529 3614 5574 ex
3664 5507 3776 5575 tali

3947 4131 4032 4182 10.
