4287 6313
617 316 729 379 128

597 484 1024 567 aequivocum,
1073 489 1198 551 'cui
1259 490 1481 566 potest
1546 487 1848 549 substitui
1920 484 2157 550 falsum

599 606 1025 685 quandoque,
1074 607 1477 686 quandoque
1548 624 1800 683 verum,
1875 605 2157 669 affirmat

595 723 1089 786 Sacramentum
1121 741 1268 786 esse
1303 730 1554 787 certum
1601 740 1890 803 semper,
1939 742 2155 804 quan-

271 906 535 962 Cermudo
594 843 732 901 tum
767 845 869 901 est
896 841 979 904 de
1011 858 1108 915 se,
1156 840 1427 920 proinde
1474 842 1793 903 contineri
1841 842 1963 904 sub
2017 842 2148 920 pri-

243 972 560 1036 sacramenti
591 957 687 1019 ori
715 960 1036 1022 membro.
1072 958 1257 1022 Unde
1288 963 1509 1024 autem
1537 960 1778 1025 habeat
1804 960 1975 1021 hanc
2005 974 2146 1020 cer-

316 1058 490 1159 diefna
595 1075 940 1138 titudinem
1013 1077 1321 1154 explicat,
1397 1092 1640 1156 nempe
1698 1094 1731 1138 a
1792 1078 1932 1139 solo
2005 1079 2145 1139 Deo

239 1170 562 1225 ³⁰⁸¹⁵t¹³²i⁰¹¹⁶
590 1194 986 1268 institutore,
1046 1194 1227 1255 unde
1279 1193 1612 1257 concludit
1666 1196 1877 1256 Deum
1935 1194 2143 1256 solum

351 1241 445 1283 est.

268 1291 535 1411 ffifflffim
587 1307 931 1371 instituere
982 1326 1179 1387 posse
1234 1312 1680 1383 Sacramenta,
1741 1328 1816 1373 ac
1863 1311 2146 1389 proinde

245 1423 551 1536 Dggffigfss·
589 1442 721 1490 non
766 1442 962 1504 posse
1012 1427 1476 1489 communicari
1518 1428 1688 1489 hanc
1745 1432 2145 1504 potestatem

278 1549 529 1612 vasquez.
590 1550 931 1616 creaturae,
969 1560 1110 1623 quae
1141 1548 1243 1605 est
1272 1545 1604 1606 conclusio
1636 1544 1834 1623 hujus
1865 1544 2141 1617 articuli,

587 1675 786 1737 quam
845 1664 1029 1722 tenet
1076 1658 1423 1721 Durandus
1467 1661 1534 1720 in
1580 1663 1642 1723 4.
1704 1663 1764 1723 d.
1813 1660 1886 1721 2.
1955 1677 2016 1736 q.
2084 1660 2139 1721 l.

587 1773 848 1836 Gabriel
878 1777 942 1837 d.
978 1771 1034 1835 1.
1070 1793 1130 1852 q.
1163 1775 1226 1836 2.
1261 1780 1387 1837 art.
1434 1779 1492 1839 3.
1541 1778 1691 1841 dub.
1736 1777 1797 1839 2.
1842 1780 2142 1857 vasquez

587 1891 646 1953 3.
689 1895 868 1967 part.
897 1893 1064 1969 disp.
1116 1894 1249 1956 135.
1301 1911 1447 1969 cap.
1492 1896 1553 1956 2.

661 2006 1068 2072 Contrarium
1113 2016 1328 2072 autem
1377 2008 1573 2074 docet
1621 2011 1814 2073 Sotus
1847 2015 1915 2074 in
1954 2015 2017 2075 4.
2071 2014 2132 2074 d.

261 2169 524 2222 contraria
587 2125 639 2185 1.
676 2143 735 2202 q.
769 2126 829 2186 5.
866 2132 991 2188 art.
1026 2127 1087 2190 4.
1122 2126 1365 2189 Suarez
1404 2133 1559 2190 tom.
1612 2129 1670 2191 3.
1720 2128 1783 2188 d.
1835 2130 1936 2192 18.
1982 2133 2133 2191 sect.

249 2232 526 2347 ⁵⁰⁰Stgt⁰u²gffi
582 2242 641 2303 2.
705 2247 908 2306 citant
949 2261 1066 2322 pro
1115 2245 1346 2307 eadem
1407 2246 1484 2308 D.
1541 2246 1881 2318 Thomam,
1941 2250 2008 2307 et
2058 2246 2137 2317 D,

282 2360 491 2410 suarez.
576 2361 1107 2423 Bonaventuram
1159 2368 1224 2423 et
1264 2361 1681 2436 Richardum,
1713 2360 2009 2440 quamvis
2039 2359 2135 2441 (ut

575 2477 752 2538 bene
783 2479 1030 2541 notavit
1056 2478 1382 2559 vasquez)
1429 2480 1565 2542 haec
1608 2481 1688 2540 sit
1730 2480 1943 2561 magis
1988 2495 2134 2556 pro-

574 2591 715 2670 pria
779 2592 1248 2657 modernorum
1306 2598 1627 2659 sententia
1690 2613 1890 2677 quam
1944 2601 2129 2659 ante-

573 2711 843 2787 riorum,
893 2714 1003 2791 qui
1056 2713 1425 2790 obscuriuS,
1472 2718 1583 2776 aut
1633 2713 1756 2776 alio
1799 2730 2001 2776 sensu
2039 2715 2133 2776 lo·

573 2827 705 2889 cuti
735 2833 910 2891 sunt.

226 2984 534 3035 Sacramen-

657 2942 922 3014 Verum,
953 2946 1025 3003 ut
1054 2944 1449 3006 Scholiastes
1487 2947 1593 3013 ait,
1648 2948 1749 3006 est
1796 2945 2130 3007 contentio

310 3054 487 3175 &³³3st
579 3055 662 3118 de
710 3075 899 3133 voce,
953 3061 1111 3122 ratio
1178 3064 1398 3121 autem
1444 3059 1741 3121 Doctoris
1784 3056 2126 3121 manifesta

252 3169 524 3284 {ffissttssssff
579 3181 698 3247 est,
761 3175 915 3254 quia
971 3174 1054 3237 de
1105 3175 1360 3238 ratione
1411 3177 1814 3239 Sacramenti
1873 3180 1997 3247 est,
2059 3181 2131 3237 ut

262 3295 506 3370 probatio
572 3292 656 3353 sit
724 3292 988 3371 signum
1058 3299 1311 3354 certum
1377 3298 1442 3354 et
1500 3291 1837 3355 infallibile
1915 3293 1999 3355 de
2054 3309 2127 3354 se

279 3360 478 3410 efficax.
573 3423 655 3467 ex
711 3407 1143 3482 institutione,
1211 3411 1277 3469 et
1348 3406 1603 3479 efficax,
1653 3427 1848 3489 quam
1910 3410 2127 3474 effica-

573 3527 741 3589 ciam
781 3524 980 3587 habet
1010 3541 1131 3602 per
1174 3526 1375 3602 ipsam
1422 3527 1927 3601 institutionem;
1965 3544 2123 3609 ergo

568 3642 739 3705 illius
769 3644 969 3706 solius
1002 3647 1102 3704 est
1134 3641 1291 3705 dare
1326 3640 1683 3707 efficaciam
1739 3652 1805 3709 et
1853 3649 2127 3709 certitu-

570 3759 786 3822 dinem
822 3760 883 3820 in
929 3777 1007 3821 ea
1050 3758 1390 3823 fundatam
1436 3762 1882 3836 sacramente,
1915 3766 1985 3826 in
2017 3780 2124 3825 cu·

557 3875 671 3955 jus
715 3880 1042 3952 potestate
1075 3882 1176 3938 est
1205 3861 1614 3958 conjungere
1645 3879 1919 3959 physice
1960 3879 2123 3940 effe-

569 3999 745 4055 ctum
789 3993 908 4072 ipsi
955 3997 1403 4068 sacramente,
1437 3996 1562 4056 hoc
1594 4002 1818 4059 autem
1864 4002 1967 4059 est
2011 4014 2124 4060 so-

567 4109 690 4171 lius
721 4111 881 4182 Dei;
918 4126 1074 4189 ergo
1110 4117 1174 4172 et
1219 4111 1556 4174 instituere
1602 4113 2119 4177 Sacramentum.

359 4251 408 4324 5,
649 4225 832 4287 Viam
890 4233 1112 4289 autem
1163 4229 1559 4292 conciliandi
1600 4229 1718 4293 has
1775 4233 2122 4309 opiniones

225 4314 537 4444 ᾃῗξξὲξζζο
567 4344 809 4404 Doctor
837 4346 900 4407 in
930 4344 1143 4406 littera
1176 4346 1481 4422 explicat.
1529 4347 1718 4421 Quod
1757 4349 1809 4408 si
1859 4350 2116 4411 institu-

249 4456 485 4556 Dossssre.
567 4461 651 4521 tio
705 4466 1004 4522 sumatur
1060 4465 1351 4538 praecise,
1427 4468 1502 4525 ut
1574 4469 1674 4525 est
1745 4464 2115 4544 designatio

559 4573 783 4638 formae
827 4580 894 4638 et
931 4581 1223 4640 materiae
1262 4579 1609 4650 sensibilis,
1646 4584 1717 4641 ut
1751 4581 2121 4658 praescindit

562 4710 598 4754 a
633 4692 1020 4757 certitudine
1054 4700 1121 4757 et
1149 4693 1438 4759 efficacia
1469 4703 1780 4775 respectu
1811 4700 2111 4772 effectuS,

559 4816 652 4879 sic
697 4834 894 4896 posse
942 4816 1137 4883 talem
1201 4819 1622 4900 potestatem}
1646 4827 2116 4891 communicari

211 4987 524 5056 Designandi
561 4940 894 4999 creaturae.
943 4937 1015 4999 Et
1042 4937 1168 5000 hoc
1199 4944 1400 5015 patet,
1446 4941 1595 5020 quia
1627 4941 1719 5002 sic
1748 4941 1950 5021 aliqui
1978 4944 2113 5022 {sta-

237 5055 503 5105 materiam
563 5058 753 5115 tuunt
773 5053 1138 5116 remedium
1166 5055 1335 5136 legis
1368 5061 1617 5119 naturae
1643 5055 1844 5120 fuisse
1867 5061 2111 5122 institu-

225 5122 505 5232 οὲιῗιῑιῗιδιξῗιῗ.
565 5173 723 5244 tum,
770 5173 937 5232 utin
967 5177 1289 5250 potestate
1337 5174 1686 5253 cujuslibet
1717 5181 1895 5238 esset
1922 5192 2106 5239 assu-

291 5257 457 5369 ρῗιῗζὲι
557 5302 734 5349 mere
807 5289 1170 5367 quamlibet
1239 5306 1382 5351 rem
1436 5289 1518 5351 ad
1565 5292 2108 5368 protestationem

227 5372 496 5420 creatum.
551 5400 730 5473 fidei,
763 5404 856 5465 sic
888 5403 1174 5467 Christus
1204 5422 1325 5483 per
1354 5411 1739 5485 potestatem
1771 5408 2102 5471 excellen-

566 5519 666 5582 tiae
691 5518 966 5584 instituit
992 5522 1418 5584 Sacramenta
1447 5537 1579 5601 qua
1607 5523 1846 5600 homo;
1885 5528 1954 5588 et
1980 5525 2109 5589 sica

1726 324 1873 386 LlB.
1905 324 2006 388 tV.
2057 322 2654 392 SENTENTIARUM

2267 495 2341 551 ut
2382 488 2684 554 Ecclesiae
2728 490 2878 553 data
2938 495 3038 554 est
3083 494 3382 570 potestas
3425 487 3817 552 instituendi

2264 610 2424 673 ritus
2470 616 2534 673 et
2576 612 3028 675 solemnitates
3053 613 3650 681 Sacramentorum,
3723 609 3814 671 ita

2266 731 2479 806 potuit
2508 729 2820 791 committi
2854 734 3146 806 potestas
3191 726 3586 807 designandi
3615 729 3814 787 mate-

2263 844 2425 905 riam
2464 851 2532 906 et
2568 845 2869 919 formam,
2918 850 3137 909 tamen
3181 843 3337 906 inde
3388 861 3525 907 non
3568 859 3816 921 seque-

2260 967 2444 1024 retur
2475 961 2795 1024 certitudo
2851 966 2918 1023 et
2961 960 3252 1024 efficacia
3298 960 3470 1040 signi
3512 959 3809 1032 instituti,

2261 1078 2380 1139 sed
2455 1094 2536 1140 ex
2595 1077 2859 1139 decreto
2930 1079 3071 1152 Dei,
3146 1095 3275 1156 quo
3340 1076 3812 1141 determinaret
3864 1124 4109 1178 certitudo

2262 1194 2792 1257 concurrendum
2858 1192 3233 1256 infallibiter
3280 1192 3367 1255 ad
3424 1196 3638 1274 signa,
3683 1192 3810 1254 hoc
3836 1187 4136 1301 signigissatio.

2260 1309 2453 1372 modo
2500 1310 2818 1382 instituta,
2857 1310 2924 1371 in
2962 1309 3195 1372 ordine
3227 1310 3311 1372 ad
3342 1309 3675 1371 effectum.
3708 1309 3805 1370 Ab
3834 1317 4132 1370 essetaneo.

2258 1425 2380 1487 alio
2457 1442 2616 1507 ergo
2691 1426 2880 1507 signa
2960 1426 3055 1488 sic
3118 1427 3411 1487 instituta
3481 1425 3807 1486 haberent

2254 1545 2742 1623 impositionem
2780 1565 2794 1620 ;
2845 1548 2925 1608 ab
2959 1546 3083 1608 atio
3132 1562 3288 1608 vero
3337 1561 3525 1607 suam
3565 1545 3802 1606 verita·

2257 1666 2415 1733 tem,
2448 1679 2485 1723 a
2517 1666 2814 1725 creatura
2844 1665 3151 1740 primum,
3194 1660 3564 1724 secundum
3595 1677 3631 1722 a
3665 1661 3800 1723 Deo

2251 1778 2594 1853 haberent,
2652 1783 2718 1839 et
2759 1778 2885 1839 hoc
2932 1775 3130 1839 modo
3183 1777 3349 1839 alius
3397 1782 3577 1838 esset
3616 1780 3802 1838 actus

2251 1890 2700 1965 institutioniS,
2747 1890 2910 1953 alius
2968 1907 3123 1953 vero
3186 1891 3636 1955 determinatae
3696 1906 3803 1952 co·

2252 2007 2651 2084 operationis
3070 2088 3074 2092 Δ

2328 2123 2426 2185 Ad
2457 2124 2633 2184 hunc
2673 2125 3111 2202 posteriorem
3160 2122 3433 2187 modum
3481 2141 3603 2187 seu
3651 2139 3799 2185 sen·
3838 2182 3843 2183 a

2250 2254 2418 2312 sum,
2474 2239 2704 2302 reduci
2761 2247 2978 2318 potest
3025 2242 3315 2304 secunda
3364 2242 3605 2319 opini0,
3649 2255 3798 2319 quae

2252 2361 2503 2418 tantum
2551 2357 2833 2420 intendit
2887 2363 3282 2435 potestatem
3341 2358 3794 2437 principalem,

2249 2477 2315 2534 et
2344 2474 2862 2535 auctoritativam
2913 2490 3047 2535 non
3093 2489 3293 2551 posse
3326 2460 3796 2535 communicari

2248 2597 2564 2656 creaturae
2595 2610 2611 2665 ς
2645 2591 3135 2652 ministerialem
3166 2607 3324 2654 vero
3355 2608 3584 2670 posse.

2324 2708 2551 2770 Melius
2599 2711 2818 2768 tamen
2879 2703 3136 2778 dicitur,
3193 2706 3371 2767 illam
3429 2704 3793 2785 designati-

2244 2842 2442 2888 onem
2485 2825 2805 2895 materiae,
2860 2839 3008 2886 esse
3040 2823 3507 2901 incompletam
3545 2821 3795 2885 institu-

2246 2946 2491 3006 tionem
2522 2940 2947 3012 Sacramenti,
2990 2937 3074 3001 de
3124 2939 3311 3020 cujus
3359 2939 3611 3001 ratione
3666 2943 3792 3011 est,

2241 3067 2316 3124 ut
2362 3062 2445 3122 sit
2485 3061 2749 3140 signum
2799 3056 3029 3121 efficax
3079 3062 3148 3119 et
3197 3063 3473 3130 certum,
3530 3057 3709 3134 quod
3754 3071 3791 3117 a

2240 3181 2419 3243 nullo
2483 3183 2706 3256 potest
2763 3176 3151 3255 participare
3211 3174 3333 3237 nisi
3391 3175 3471 3236 ab
3546 3189 3648 3247 e0,
3719 3175 3788 3236 in

2242 3296 2424 3375 cujus
2455 3299 2781 3374 potestate
2809 3292 3082 3372 physica
3114 3295 3214 3353 est
3257 3289 3534 3352 effeetus
3559 3290 3788 3352 Sacra·

2238 3413 2466 3483 menti,
2517 3411 2796 3491 ejusque
2847 3406 3219 3489 conjunctio
3275 3406 3359 3468 ad
3412 3406 3629 3483 ipsum
3678 3407 3788 3467 Sa·

2242 3532 2647 3591 cramentum
2676 3527 2744 3587 in
2773 3541 2923 3587 usu.

2318 3646 2546 3722 Neque
2604 3642 2955 3705 auctoritas
3010 3640 3356 3720 Augustini
3412 3640 3480 3701 in
3523 3637 3786 3717 opposi·
3957 3649 4008 3699 6.

2236 3764 2372 3821 tum
2426 3759 2710 3822 adducta
2784 3758 3123 3837 quidpiam
3171 3762 3392 3837 urget.
3455 3757 3626 3818 Talis
3685 3760 3787 3818 est

2235 3887 2423 3945 tract.
2485 3883 2546 3941 5.
2594 3881 2662 3941 in
2702 3855 2890 3942 joan.
2943 3881 3156 3942 Potuit
3202 3885 3420 3942 autem
3473 3879 3788 3941 Dominus

2233 4009 2451 4064 noster
2474 4001 2655 4062 lesus
2686 3999 2994 4073 Christus,
3026 3999 3089 4058 si
3111 3996 3298 4059 vellet
3325 3998 3484 4059 dare
3508 4000 3787 4073 potesta·

2234 4125 2359 4181 tem
2403 4119 2611 4182 alicui
2645 4133 2826 4180 servo
2870 4131 3010 4187 sne,
3055 4119 3122 4174 uc
3163 4115 3347 4175 daret
3387 4113 3785 4188 Baptismum

2231 4252 2414 4297 suum
2455 4241 2762 4312 tanquam
2824 4233 2958 4293 vice
2995 4247 3141 4300 sua,
3172 4233 3230 4289 et
3259 4229 3620 4304 transferre
3650 4243 3692 4287 a
3719 4243 3786 4287 se

2232 4354 2608 4429 baptizandi
2626 4355 3024 4428 potestatem,
3059 4353 3117 4409 et
3146 4347 3527 4409 constituere
3554 4347 3623 4406 in
3653 4342 3778 4405 ali·

2230 4485 2353 4546 quo
2381 4484 2564 4529 servo
2593 4484 2730 4538 sno,
2789 4470 2845 4526 et
2881 4470 3131 4525 tantam
3171 4463 3302 4523 vim
3347 4465 3508 4523 dare
3556 4462 3781 4537 Bapti-

2229 4601 2364 4646 smo
2420 4584 2737 4646 translato
2792 4583 2862 4644 in
2916 4596 3193 4647 servum,
3265 4583 3575 4654 quantam
3643 4578 3775 4638 vim

2227 4701 2487 4761 haberet
2516 4701 2876 4776 Baptismus
2901 4698 3089 4759 datus
3117 4713 3159 4757 a
3186 4695 3476 4766 Domine,
3524 4697 3652 4755 etc.

2307 4814 2792 4891 Respondetur,
2865 4811 3188 4872 Christum
3270 4825 3404 4871 non
3474 4808 3771 4887 potuisse
3804 4820 4118 4893 Explicatur

2226 4928 2576 4992 transferre
2608 4947 2644 4992 a
2672 4946 2747 4992 se
2786 4933 3210 5008 potestatem,
3258 4943 3424 5005 quse,
3474 4933 3549 4988 ut
3598 4926 3773 4986 Deus
3807 4888 4131 5009 Ῑξέζῖᾎῗῗ

2227 5053 2387 5118 erat,
2418 5044 2540 5108 fuit
2569 5047 2636 5108 in
2680 5062 2759 5107 eo
2792 5043 3165 5123 principalis
3194 5047 3261 5104 et
3290 5041 3768 5114 auctoritativa;

2223 5176 2442 5239 neque
2476 5161 2672 5222 etiam
2691 5163 3085 5237 potestatem
3118 5157 3547 5228 excellentiae,
3574 5171 3771 5234 quarn

2220 5276 2448 5338 habuit
2474 5284 2545 5338 ut
2574 5275 2796 5348 hom0,
2830 5276 2983 5353 quia
3014 5272 3291 5349 haecipsi
3324 5271 3766 5335 conveniebat

2221 5395 2286 5452 et
2318 5387 2644 5464 convenit,
2679 5405 2801 5468 qua
2851 5395 3042 5468 caput
3072 5394 3213 5461 est;
3261 5402 3421 5467 ergo
3453 5389 3766 5466 Augusti-

2216 5522 2341 5569 nus
2397 5521 2533 5568 non
2591 5502 2792 5569 debet
2861 5502 3140 5583 intelligi
3196 5501 3281 5564 de
3344 5502 3770 5566 translatione
