<?xml version="1.0" encoding="UTF-8"?>
<!DOCTYPE html PUBLIC "-//W3C//DTD XHTML 1.0 Transitional//EN"
    "http://www.w3.org/TR/xhtml1/DTD/xhtml1-transitional.dtd">
<html xmlns="http://www.w3.org/1999/xhtml" xml:lang="en" lang="en">
 <head>
  <title>
</title>
<meta http-equiv="Content-Type" content="text/html;charset=utf-8" />
  <meta name='ocr-system' content='tesseract 3.04.00' />
  <meta name='ocr-capabilities' content='ocr_page ocr_carea ocr_par ocr_line ocrx_word'/>
</head>
<body>
  <div class='ocr_page' id='page_1' title='image "./joannisdunsscot01waddgoog_0067.png"; bbox 0 0 4287 6313; ppageno 0'>
   <div class='ocr_carea' id='block_1_1' title="bbox 212 2251 434 2364">
    <p class='ocr_par' dir='ltr' id='par_1_1' title="bbox 212 2251 434 2364">
     <span class='ocr_line' id='line_1_1' title="bbox 212 2251 434 2302; baseline -0.009 0"><span class='ocrx_word' id='word_1_1' title='bbox 212 2251 333 2302; x_wconf 79' lang='lat' dir='ltr'>Ratio</span> <span class='ocrx_word' id='word_1_2' title='bbox 355 2252 434 2300; x_wconf 77' lang='lat' dir='ltr'>itta</span> 
     </span>
     <span class='ocr_line' id='line_1_2' title="bbox 263 2316 366 2364; baseline 0.019 -3"><span class='ocrx_word' id='word_1_3' title='bbox 263 2316 366 2364; x_wconf 73' lang='lat' dir='ltr'>alias</span> 
     </span>
    </p>
   </div>
   <div class='ocr_carea' id='block_1_2' title="bbox 192 2374 451 2445">
    <p class='ocr_par' dir='ltr' id='par_1_2' title="bbox 192 2374 451 2445">
     <span class='ocr_line' id='line_1_3' title="bbox 192 2374 451 2445; baseline 0.008 -20"><span class='ocrx_word' id='word_1_4' title='bbox 192 2374 451 2445; x_wconf 74' lang='lat' dir='ltr'>impugnata.</span> 
     </span>
    </p>
   </div>
   <div class='ocr_carea' id='block_1_3' title="bbox 204 2950 433 3141">
    <p class='ocr_par' dir='ltr' id='par_1_3' title="bbox 204 2950 433 3141">
     <span class='ocr_line' id='line_1_4' title="bbox 234 2950 395 2999; baseline -0.006 0"><span class='ocrx_word' id='word_1_5' title='bbox 234 2950 306 2999; x_wconf 77' lang='lat' dir='ltr'>Est</span> <span class='ocrx_word' id='word_1_6' title='bbox 341 2965 395 2999; x_wconf 81' lang='lat' dir='ltr'>ex</span> 
     </span>
     <span class='ocr_line' id='line_1_5' title="bbox 242 3012 388 3084; baseline 0.014 -2"><span class='ocrx_word' id='word_1_7' title='bbox 242 3012 388 3084; x_wconf 45' lang='lat' dir='ltr'>iuris.</span> 
     </span>
     <span class='ocr_line' id='line_1_6' title="bbox 204 3089 433 3141; baseline 0.017 -19"><span class='ocrx_word' id='word_1_8' title='bbox 204 3089 433 3141; x_wconf 70' lang='lat' dir='ltr'>principun.</span> 
     </span>
    </p>
   </div>
   <div class='ocr_carea' id='block_1_4' title="bbox 258 4677 385 4732">
    <p class='ocr_par' dir='ltr' id='par_1_4' title="bbox 258 4677 385 4732">
     <span class='ocr_line' id='line_1_7' title="bbox 258 4677 385 4732; baseline 0.031 -4"><span class='ocrx_word' id='word_1_9' title='bbox 258 4677 385 4732; x_wconf 65' lang='lat' dir='ltr'>&#39;ronst</span> 
     </span>
    </p>
   </div>
   <div class='ocr_carea' id='block_1_5' title="bbox 200 4745 455 4793">
    <p class='ocr_par' dir='ltr' id='par_1_5' title="bbox 200 4745 455 4793">
     <span class='ocr_line' id='line_1_8' title="bbox 200 4745 455 4793; baseline 0.016 -3"><span class='ocrx_word' id='word_1_10' title='bbox 200 4753 301 4790; x_wconf 69' lang='lat' dir='ltr'>cre-1</span> <span class='ocrx_word' id='word_1_11' title='bbox 309 4745 455 4793; x_wconf 73' lang='lat' dir='ltr'>ionem</span> 
     </span>
    </p>
   </div>
   <div class='ocr_carea' id='block_1_6' title="bbox 1724 423 2473 499">
    <p class='ocr_par' dir='ltr' id='par_1_6' title="bbox 1724 423 2473 499">
     <span class='ocr_line' id='line_1_9' title="bbox 1724 423 2473 499; baseline 0.001 -15"><span class='ocrx_word' id='word_1_12' title='bbox 1724 423 1918 485; x_wconf 79' lang='lat' dir='ltr'>Dls&#39;r.</span> <span class='ocrx_word' id='word_1_13' title='bbox 1954 424 1996 486; x_wconf 84' lang='lat'>1.</span> <span class='ocrx_word' id='word_1_14' title='bbox 2033 423 2398 499; x_wconf 84' lang='lat' dir='ltr'>QUAEs&#39;rto</span> <span class='ocrx_word' id='word_1_15' title='bbox 2431 425 2473 486; x_wconf 87' lang='grc' dir='ltr'>Ι.</span> 
     </span>
    </p>
   </div>
   <div class='ocr_carea' id='block_1_7' title="bbox 472 578 2046 4758">
    <p class='ocr_par' dir='ltr' id='par_1_7' title="bbox 477 578 2046 2176">
     <span class='ocr_line' id='line_1_10' title="bbox 497 578 2040 665; baseline 0.004 -26"><span class='ocrx_word' id='word_1_16' title='bbox 497 578 668 641; x_wconf 89' lang='lat' dir='ltr'>illam</span> <span class='ocrx_word' id='word_1_17' title='bbox 717 580 801 643; x_wconf 89' lang='lat' dir='ltr'>ad</span> <span class='ocrx_word' id='word_1_18' title='bbox 851 583 1053 659; x_wconf 91' lang='lat' dir='ltr'>aliud,</span> <span class='ocrx_word' id='word_1_19' title='bbox 1086 585 1246 646; x_wconf 89' lang='lat' dir='ltr'>alias</span> <span class='ocrx_word' id='word_1_20' title='bbox 1295 585 1580 665; x_wconf 92' lang='lat' dir='ltr'>seipsum</span> <span class='ocrx_word' id='word_1_21' title='bbox 1621 586 2040 664; x_wconf 84' lang='lat' dir='ltr'>produceret,</span> 
     </span>
     <span class='ocr_line' id='line_1_11' title="bbox 490 695 2045 781; baseline 0.005 -25"><span class='ocrx_word' id='word_1_22' title='bbox 490 695 663 774; x_wconf 91' lang='lat' dir='ltr'>quod</span> <span class='ocrx_word' id='word_1_23' title='bbox 709 705 1073 779; x_wconf 86' lang='lat' dir='ltr'>repugnat;</span> <span class='ocrx_word' id='word_1_24' title='bbox 1109 718 1303 762; x_wconf 91' lang='lat' dir='ltr'>omne</span> <span class='ocrx_word' id='word_1_25' title='bbox 1358 708 1650 764; x_wconf 88' lang='lat' dir='ltr'>creatum</span> <span class='ocrx_word' id='word_1_26' title='bbox 1704 703 2045 781; x_wconf 88' lang='lat' dir='ltr'>participat</span> 
     </span>
     <span class='ocr_line' id='line_1_12' title="bbox 487 816 2046 897; baseline 0.006 -26"><span class='ocrx_word' id='word_1_27' title='bbox 487 818 784 876; x_wconf 88' lang='lat' dir='ltr'>naturam</span> <span class='ocrx_word' id='word_1_28' title='bbox 845 816 1138 891; x_wconf 90' lang='lat' dir='ltr'>essendi,</span> <span class='ocrx_word' id='word_1_29' title='bbox 1201 819 1353 897; x_wconf 89' lang='lat' dir='ltr'>quia</span> <span class='ocrx_word' id='word_1_30' title='bbox 1419 820 1594 882; x_wconf 91' lang='lat' dir='ltr'>solus</span> <span class='ocrx_word' id='word_1_31' title='bbox 1671 821 1848 882; x_wconf 93' lang='lat' dir='ltr'>Deus</span> <span class='ocrx_word' id='word_1_32' title='bbox 1944 823 2046 880; x_wconf 87' lang='lat' dir='ltr'>est</span> 
     </span>
     <span class='ocr_line' id='line_1_13' title="bbox 487 934 2043 1014; baseline 0.003 -23"><span class='ocrx_word' id='word_1_33' title='bbox 487 947 676 992; x_wconf 91' lang='lat' dir='ltr'>suum</span> <span class='ocrx_word' id='word_1_34' title='bbox 725 946 897 1007; x_wconf 90' lang='lat' dir='ltr'>esse,</span> <span class='ocrx_word' id='word_1_35' title='bbox 948 949 1111 1011; x_wconf 91' lang='lat' dir='ltr'>ergo</span> <span class='ocrx_word' id='word_1_36' title='bbox 1156 934 1408 995; x_wconf 83' lang='lat' dir='ltr'>nullum</span> <span class='ocrx_word' id='word_1_37' title='bbox 1481 941 1761 997; x_wconf 84' lang='lat' dir='ltr'>creatum</span> <span class='ocrx_word' id='word_1_38' title='bbox 1825 940 2043 1014; x_wconf 88' lang='lat' dir='ltr'>potest</span> 
     </span>
     <span class='ocr_line' id='line_1_14' title="bbox 485 1050 2041 1130; baseline 0.002 -20"><span class='ocrx_word' id='word_1_39' title='bbox 485 1050 860 1127; x_wconf 89' lang='lat' dir='ltr'>producere</span> <span class='ocrx_word' id='word_1_40' title='bbox 936 1050 1199 1129; x_wconf 81' lang='lat' dir='ltr'>aliquod</span> <span class='ocrx_word' id='word_1_41' title='bbox 1261 1067 1405 1126; x_wconf 91' lang='lat' dir='ltr'>ens,</span> <span class='ocrx_word' id='word_1_42' title='bbox 1484 1054 1605 1115; x_wconf 88' lang='lat' dir='ltr'>nisi</span> <span class='ocrx_word' id='word_1_43' title='bbox 1679 1053 2041 1130; x_wconf 82' lang='lat' dir='ltr'>praeintelli-</span> 
     </span>
     <span class='ocr_line' id='line_1_15' title="bbox 485 1166 2039 1249; baseline 0.004 -23"><span class='ocrx_word' id='word_1_44' title='bbox 485 1171 684 1245; x_wconf 89' lang='lat' dir='ltr'>gatur</span> <span class='ocrx_word' id='word_1_45' title='bbox 765 1166 1016 1245; x_wconf 89' lang='lat' dir='ltr'>aliquid</span> <span class='ocrx_word' id='word_1_46' title='bbox 1087 1172 1326 1231; x_wconf 89' lang='lat' dir='ltr'>actioni</span> <span class='ocrx_word' id='word_1_47' title='bbox 1411 1186 1566 1243; x_wconf 82' lang='lat' dir='ltr'>suae,</span> <span class='ocrx_word' id='word_1_48' title='bbox 1652 1186 1774 1246; x_wconf 91' lang='lat' dir='ltr'>per</span> <span class='ocrx_word' id='word_1_49' title='bbox 1859 1171 2039 1249; x_wconf 89' lang='lat' dir='ltr'>quod</span> 
     </span>
     <span class='ocr_line' id='line_1_16' title="bbox 486 1282 2043 1364; baseline 0.003 -21"><span class='ocrx_word' id='word_1_50' title='bbox 486 1282 887 1360; x_wconf 87' lang='lat' dir='ltr'>productum</span> <span class='ocrx_word' id='word_1_51' title='bbox 948 1284 1030 1344; x_wconf 90' lang='lat' dir='ltr'>sit</span> <span class='ocrx_word' id='word_1_52' title='bbox 1096 1285 1234 1347; x_wconf 75' lang='lat' dir='ltr'>hoc.</span> <span class='ocrx_word' id='word_1_53' title='bbox 1286 1284 1448 1345; x_wconf 87' lang='lat' dir='ltr'>lllud</span> <span class='ocrx_word' id='word_1_54' title='bbox 1493 1288 2043 1364; x_wconf 87' lang='lat' dir='ltr'>praesuppositum</span> 
     </span>
     <span class='ocr_line' id='line_1_17' title="bbox 483 1398 2041 1481; baseline 0.004 -22"><span class='ocrx_word' id='word_1_55' title='bbox 483 1398 547 1459; x_wconf 91' lang='lat' dir='ltr'>in</span> <span class='ocrx_word' id='word_1_56' title='bbox 590 1399 1042 1462; x_wconf 82' lang='lat' dir='ltr'>materialibus</span> <span class='ocrx_word' id='word_1_57' title='bbox 1075 1405 1178 1461; x_wconf 89' lang='lat' dir='ltr'>est</span> <span class='ocrx_word' id='word_1_58' title='bbox 1220 1401 1522 1474; x_wconf 88' lang='lat' dir='ltr'>materia,</span> <span class='ocrx_word' id='word_1_59' title='bbox 1568 1419 1691 1479; x_wconf 91' lang='lat' dir='ltr'>per</span> <span class='ocrx_word' id='word_1_60' title='bbox 1732 1420 1930 1481; x_wconf 90' lang='lat' dir='ltr'>quam</span> <span class='ocrx_word' id='word_1_61' title='bbox 1959 1405 2041 1466; x_wconf 89' lang='lat' dir='ltr'>sit</span> 
     </span>
     <span class='ocr_line' id='line_1_18' title="bbox 480 1516 2032 1598; baseline 0.004 -22"><span class='ocrx_word' id='word_1_62' title='bbox 480 1517 640 1588; x_wconf 76' lang='lat' dir='ltr'>hoc;</span> <span class='ocrx_word' id='word_1_63' title='bbox 701 1517 766 1576; x_wconf 90' lang='lat' dir='ltr'>in</span> <span class='ocrx_word' id='word_1_64' title='bbox 824 1516 1358 1580; x_wconf 78' lang='lat' dir='ltr'>immaterialibus</span> <span class='ocrx_word' id='word_1_65' title='bbox 1413 1520 1642 1598; x_wconf 87' lang='lat' dir='ltr'>nequit</span> <span class='ocrx_word' id='word_1_66' title='bbox 1700 1535 1845 1581; x_wconf 89' lang='lat' dir='ltr'>esse</span> <span class='ocrx_word' id='word_1_67' title='bbox 1918 1523 2032 1582; x_wconf 90' lang='lat' dir='ltr'>ali-</span> 
     </span>
     <span class='ocr_line' id='line_1_19' title="bbox 480 1632 2034 1712; baseline 0.004 -21"><span class='ocrx_word' id='word_1_68' title='bbox 480 1632 658 1711; x_wconf 88' lang='lat' dir='ltr'>quod</span> <span class='ocrx_word' id='word_1_69' title='bbox 707 1633 1283 1710; x_wconf 82' lang='lat' dir='ltr'>praesuppositum,</span> <span class='ocrx_word' id='word_1_70' title='bbox 1327 1634 1479 1711; x_wconf 91' lang='lat' dir='ltr'>quia</span> <span class='ocrx_word' id='word_1_71' title='bbox 1519 1650 1639 1712; x_wconf 87' lang='lat' dir='ltr'>per</span> <span class='ocrx_word' id='word_1_72' title='bbox 1674 1651 1856 1696; x_wconf 89' lang='lat' dir='ltr'>suam</span> <span class='ocrx_word' id='word_1_73' title='bbox 1909 1635 2034 1697; x_wconf 87' lang='lat' dir='ltr'>for·</span> 
     </span>
     <span class='ocr_line' id='line_1_20' title="bbox 477 1751 2031 1829; baseline 0.004 -20"><span class='ocrx_word' id='word_1_74' title='bbox 477 1764 657 1809; x_wconf 88' lang='lat' dir='ltr'>mam</span> <span class='ocrx_word' id='word_1_75' title='bbox 716 1755 869 1811; x_wconf 87' lang='lat' dir='ltr'>sunl</span> <span class='ocrx_word' id='word_1_76' title='bbox 930 1751 1071 1823; x_wconf 77' lang='lat' dir='ltr'>lioc,</span> <span class='ocrx_word' id='word_1_77' title='bbox 1127 1766 1248 1827; x_wconf 88' lang='lat' dir='ltr'>per</span> <span class='ocrx_word' id='word_1_78' title='bbox 1306 1766 1509 1829; x_wconf 89' lang='lat' dir='ltr'>quam</span> <span class='ocrx_word' id='word_1_79' title='bbox 1558 1751 1808 1814; x_wconf 90' lang='lat' dir='ltr'>habent</span> <span class='ocrx_word' id='word_1_80' title='bbox 1860 1769 2031 1828; x_wconf 84' lang='lat' dir='ltr'>esse,</span> 
     </span>
     <span class='ocr_line' id='line_1_21' title="bbox 478 1864 2035 1946; baseline 0.003 -21"><span class='ocrx_word' id='word_1_81' title='bbox 478 1880 643 1943; x_wconf 87' lang='lat' dir='ltr'>ergo</span> <span class='ocrx_word' id='word_1_82' title='bbox 744 1864 1112 1926; x_wconf 87' lang='lat' dir='ltr'>substantia</span> <span class='ocrx_word' id='word_1_83' title='bbox 1239 1867 1690 1929; x_wconf 85' lang='lat' dir='ltr'>immaterialis</span> <span class='ocrx_word' id='word_1_84' title='bbox 1804 1868 2035 1946; x_wconf 90' lang='lat' dir='ltr'>nequit</span> 
     </span>
     <span class='ocr_line' id='line_1_22' title="bbox 478 1978 2032 2060; baseline 0.004 -22"><span class='ocrx_word' id='word_1_85' title='bbox 478 1978 857 2055; x_wconf 88' lang='lat' dir='ltr'>producere</span> <span class='ocrx_word' id='word_1_86' title='bbox 912 1978 1107 2040; x_wconf 87' lang='lat' dir='ltr'>aliam</span> <span class='ocrx_word' id='word_1_87' title='bbox 1162 1980 1659 2042; x_wconf 72' lang='lat' dir='ltr'>immaterialem</span> <span class='ocrx_word' id='word_1_88' title='bbox 1713 1988 2032 2060; x_wconf 88' lang='lat' dir='ltr'>quantum</span> 
     </span>
     <span class='ocr_line' id='line_1_23' title="bbox 477 2094 1388 2176; baseline 0 -19"><span class='ocrx_word' id='word_1_89' title='bbox 477 2094 561 2157; x_wconf 88' lang='lat' dir='ltr'>ad</span> <span class='ocrx_word' id='word_1_90' title='bbox 594 2095 983 2173; x_wconf 85' lang='lat' dir='ltr'>simpliciter</span> <span class='ocrx_word' id='word_1_91' title='bbox 1026 2111 1173 2157; x_wconf 90' lang='lat' dir='ltr'>esse</span> <span class='ocrx_word' id='word_1_92' title='bbox 1220 2096 1388 2176; x_wconf 88' lang='lat' dir='ltr'>ejus.</span> 
     </span>
    </p>

    <p class='ocr_par' dir='ltr' id='par_1_8' title="bbox 472 2210 2035 3704">
     <span class='ocr_line' id='line_1_24' title="bbox 553 2210 2035 2292; baseline 0.003 -19"><span class='ocrx_word' id='word_1_93' title='bbox 553 2210 633 2292; x_wconf 94' lang='lat' dir='ltr'>(l)</span> <span class='ocrx_word' id='word_1_94' title='bbox 664 2217 788 2273; x_wconf 75' lang='lat' dir='ltr'>Ista</span> <span class='ocrx_word' id='word_1_95' title='bbox 818 2216 989 2273; x_wconf 82' lang='lat' dir='ltr'>racio</span> <span class='ocrx_word' id='word_1_96' title='bbox 1019 2211 1403 2289; x_wconf 73' lang='lat' dir='ltr'>aliqualiter</span> <span class='ocrx_word' id='word_1_97' title='bbox 1444 2216 1816 2291; x_wconf 78' lang='lat' dir='ltr'>improbata</span> <span class='ocrx_word' id='word_1_98' title='bbox 1850 2216 2035 2290; x_wconf 85' lang='lat' dir='ltr'>alibi,</span> 
     </span>
     <span class='ocr_line' id='line_1_25' title="bbox 480 2327 2032 2407; baseline 0.001 -18"><span class='ocrx_word' id='word_1_99' title='bbox 480 2332 610 2390; x_wconf 90' lang='lat' dir='ltr'>etc.</span> <span class='ocrx_word' id='word_1_100' title='bbox 657 2343 901 2405; x_wconf 85' lang='lat' dir='ltr'>nempe</span> <span class='ocrx_word' id='word_1_101' title='bbox 931 2327 1035 2388; x_wconf 85' lang='lat' dir='ltr'>hic</span> <span class='ocrx_word' id='word_1_102' title='bbox 1077 2330 1144 2389; x_wconf 90' lang='lat' dir='ltr'>in</span> <span class='ocrx_word' id='word_1_103' title='bbox 1174 2328 1609 2406; x_wconf 87' lang='lat' dir='ltr'>responsione</span> <span class='ocrx_word' id='word_1_104' title='bbox 1640 2329 1725 2390; x_wconf 92' lang='lat' dir='ltr'>ad</span> <span class='ocrx_word' id='word_1_105' title='bbox 1758 2332 2032 2407; x_wconf 85' lang='lat' dir='ltr'>primam</span> 
     </span>
     <span class='ocr_line' id='line_1_26' title="bbox 478 2444 2028 2524; baseline 0.003 -19"><span class='ocrx_word' id='word_1_106' title='bbox 478 2444 562 2505; x_wconf 91' lang='lat' dir='ltr'>ad</span> <span class='ocrx_word' id='word_1_107' title='bbox 654 2445 1223 2523; x_wconf 81' lang='lat' dir='ltr'>impugnationem</span> <span class='ocrx_word' id='word_1_108' title='bbox 1311 2448 1533 2524; x_wconf 75' lang='lat' dir='ltr'>primm</span> <span class='ocrx_word' id='word_1_109' title='bbox 1611 2446 1881 2509; x_wconf 89' lang='lat' dir='ltr'>rationis</span> <span class='ocrx_word' id='word_1_110' title='bbox 1954 2450 2028 2509; x_wconf 90' lang='lat' dir='ltr'>D.</span> 
     </span>
     <span class='ocr_line' id='line_1_27' title="bbox 476 2566 2028 2643; baseline 0.001 -15"><span class='ocrx_word' id='word_1_111' title='bbox 476 2568 750 2629; x_wconf 88' lang='lat' dir='ltr'>Thomae</span> <span class='ocrx_word' id='word_1_112' title='bbox 796 2567 866 2626; x_wconf 81' lang='lat' dir='ltr'>in</span> <span class='ocrx_word' id='word_1_113' title='bbox 917 2566 1320 2643; x_wconf 83' lang='lat' dir='ltr'>locis-supra</span> <span class='ocrx_word' id='word_1_114' title='bbox 1363 2568 1595 2640; x_wconf 67' lang='lat' dir='ltr'>citatiS,</span> <span class='ocrx_word' id='word_1_115' title='bbox 1654 2573 1713 2628; x_wconf 81' lang='lat' dir='ltr'>et</span> <span class='ocrx_word' id='word_1_116' title='bbox 1752 2571 1816 2629; x_wconf 84' lang='lat' dir='ltr'>in</span> <span class='ocrx_word' id='word_1_117' title='bbox 1862 2570 1921 2630; x_wconf 81' lang='lat'>2.</span> <span class='ocrx_word' id='word_1_118' title='bbox 1966 2573 2028 2632; x_wconf 83' lang='lat' dir='ltr'>d.</span> 
     </span>
     <span class='ocr_line' id='line_1_28' title="bbox 475 2683 2026 2764; baseline 0.003 -22"><span class='ocrx_word' id='word_1_119' title='bbox 475 2683 534 2743; x_wconf 89' lang='lat'>3.</span> <span class='ocrx_word' id='word_1_120' title='bbox 587 2688 809 2759; x_wconf 78' lang='lat' dir='ltr'>quaest.</span> <span class='ocrx_word' id='word_1_121' title='bbox 861 2683 920 2744; x_wconf 87' lang='grc'>9.</span> <span class='ocrx_word' id='word_1_122' title='bbox 977 2689 1294 2761; x_wconf 89' lang='lat' dir='ltr'>quantum</span> <span class='ocrx_word' id='word_1_123' title='bbox 1332 2683 1418 2744; x_wconf 89' lang='lat' dir='ltr'>ad</span> <span class='ocrx_word' id='word_1_124' title='bbox 1474 2685 1604 2758; x_wconf 89' lang='lat' dir='ltr'>illa,</span> <span class='ocrx_word' id='word_1_125' title='bbox 1667 2702 1810 2764; x_wconf 69' lang='lat' dir='ltr'>quaa</span> <span class='ocrx_word' id='word_1_126' title='bbox 1871 2702 2026 2764; x_wconf 88' lang='lat' dir='ltr'>sup-</span> 
     </span>
     <span class='ocr_line' id='line_1_29' title="bbox 477 2796 2028 2881; baseline 0.003 -22"><span class='ocrx_word' id='word_1_127' title='bbox 477 2799 669 2876; x_wconf 84' lang='lat' dir='ltr'>ponit</span> <span class='ocrx_word' id='word_1_128' title='bbox 724 2796 807 2860; x_wconf 89' lang='lat' dir='ltr'>de</span> <span class='ocrx_word' id='word_1_129' title='bbox 864 2799 1183 2876; x_wconf 89' lang='lat' dir='ltr'>principio</span> <span class='ocrx_word' id='word_1_130' title='bbox 1244 2799 1797 2865; x_wconf 81' lang='lat' dir='ltr'>individuationiS.</span> <span class='ocrx_word' id='word_1_131' title='bbox 1860 2803 2028 2881; x_wconf 93' lang='lat' dir='ltr'>Sup-</span> 
     </span>
     <span class='ocr_line' id='line_1_30' title="bbox 476 2917 2033 2998; baseline 0.003 -21"><span class='ocrx_word' id='word_1_132' title='bbox 476 2917 669 2994; x_wconf 85' lang='lat' dir='ltr'>ponit</span> <span class='ocrx_word' id='word_1_133' title='bbox 710 2918 873 2981; x_wconf 88' lang='lat' dir='ltr'>ratio</span> <span class='ocrx_word' id='word_1_134' title='bbox 914 2922 1357 2993; x_wconf 87' lang='lat' dir='ltr'>controversa,</span> <span class='ocrx_word' id='word_1_135' title='bbox 1406 2936 1646 2998; x_wconf 87' lang='lat' dir='ltr'>nempe</span> <span class='ocrx_word' id='word_1_136' title='bbox 1690 2925 2033 2983; x_wconf 84' lang='lat' dir='ltr'>materiam</span> 
     </span>
     <span class='ocr_line' id='line_1_31' title="bbox 479 3034 2027 3113; baseline 0.002 -17"><span class='ocrx_word' id='word_1_137' title='bbox 479 3051 633 3096; x_wconf 88' lang='lat' dir='ltr'>esse</span> <span class='ocrx_word' id='word_1_138' title='bbox 667 3034 1061 3113; x_wconf 88' lang='lat' dir='ltr'>principium</span> <span class='ocrx_word' id='word_1_139' title='bbox 1116 3035 1646 3101; x_wconf 87' lang='lat' dir='ltr'>individuationis</span> <span class='ocrx_word' id='word_1_140' title='bbox 1700 3040 1765 3099; x_wconf 91' lang='lat' dir='ltr'>in</span> <span class='ocrx_word' id='word_1_141' title='bbox 1823 3045 2027 3100; x_wconf 88' lang='lat' dir='ltr'>mate-</span> 
     </span>
     <span class='ocr_line' id='line_1_32' title="bbox 475 3159 2032 3240; baseline 0.004 -21"><span class='ocrx_word' id='word_1_142' title='bbox 475 3159 774 3232; x_wconf 82' lang='lat' dir='ltr'>rialibuS,</span> <span class='ocrx_word' id='word_1_143' title='bbox 812 3165 878 3220; x_wconf 91' lang='lat' dir='ltr'>et</span> <span class='ocrx_word' id='word_1_144' title='bbox 904 3160 1194 3239; x_wconf 84' lang='lat' dir='ltr'>Angelos</span> <span class='ocrx_word' id='word_1_145' title='bbox 1226 3177 1359 3221; x_wconf 92' lang='lat' dir='ltr'>non</span> <span class='ocrx_word' id='word_1_146' title='bbox 1390 3178 1585 3239; x_wconf 91' lang='lat' dir='ltr'>posse</span> <span class='ocrx_word' id='word_1_147' title='bbox 1616 3162 2032 3240; x_wconf 87' lang='lat' dir='ltr'>multiplicari</span> 
     </span>
     <span class='ocr_line' id='line_1_33' title="bbox 474 3274 2032 3356; baseline 0.004 -22"><span class='ocrx_word' id='word_1_148' title='bbox 474 3275 647 3337; x_wconf 84' lang='lat' dir='ltr'>intra</span> <span class='ocrx_word' id='word_1_149' title='bbox 680 3274 986 3337; x_wconf 87' lang='lat' dir='ltr'>eamdem</span> <span class='ocrx_word' id='word_1_150' title='bbox 1023 3276 1336 3353; x_wconf 89' lang='lat' dir='ltr'>speciem,</span> <span class='ocrx_word' id='word_1_151' title='bbox 1382 3277 1532 3355; x_wconf 89' lang='lat' dir='ltr'>quia</span> <span class='ocrx_word' id='word_1_152' title='bbox 1572 3295 1696 3356; x_wconf 90' lang='lat' dir='ltr'>per</span> <span class='ocrx_word' id='word_1_153' title='bbox 1730 3286 2032 3341; x_wconf 87' lang='lat' dir='ltr'>naturam</span> 
     </span>
     <span class='ocr_line' id='line_1_34' title="bbox 474 3388 2030 3473; baseline 0.004 -22"><span class='ocrx_word' id='word_1_154' title='bbox 474 3388 859 3469; x_wconf 87' lang='lat' dir='ltr'>specificam</span> <span class='ocrx_word' id='word_1_155' title='bbox 912 3391 1108 3452; x_wconf 90' lang='lat' dir='ltr'>etiam</span> <span class='ocrx_word' id='word_1_156' title='bbox 1168 3394 1582 3455; x_wconf 87' lang='lat' dir='ltr'>constituitur</span> <span class='ocrx_word' id='word_1_157' title='bbox 1641 3395 1918 3473; x_wconf 85' lang='lat' dir='ltr'>quilibet</span> <span class='ocrx_word' id='word_1_158' title='bbox 1966 3397 2030 3458; x_wconf 91' lang='lat' dir='ltr'>in</span> 
     </span>
     <span class='ocr_line' id='line_1_35' title="bbox 478 3508 2034 3589; baseline 0.005 -21"><span class='ocrx_word' id='word_1_159' title='bbox 478 3525 615 3569; x_wconf 85' lang='lat' dir='ltr'>esse</span> <span class='ocrx_word' id='word_1_160' title='bbox 673 3508 1019 3586; x_wconf 85' lang='lat' dir='ltr'>singulari,</span> <span class='ocrx_word' id='word_1_161' title='bbox 1075 3524 1219 3587; x_wconf 82' lang='lat' dir='ltr'>quae</span> <span class='ocrx_word' id='word_1_162' title='bbox 1267 3510 1422 3572; x_wconf 89' lang='lat' dir='ltr'>alibi</span> <span class='ocrx_word' id='word_1_163' title='bbox 1483 3509 1921 3589; x_wconf 86' lang='lat' dir='ltr'>disputantur,</span> <span class='ocrx_word' id='word_1_164' title='bbox 1967 3520 2034 3576; x_wconf 94' lang='lat' dir='ltr'>et</span> 
     </span>
     <span class='ocr_line' id='line_1_36' title="bbox 472 3627 1362 3704; baseline 0.002 -18"><span class='ocrx_word' id='word_1_165' title='bbox 472 3628 684 3704; x_wconf 87' lang='lat' dir='ltr'>negat</span> <span class='ocrx_word' id='word_1_166' title='bbox 712 3627 955 3687; x_wconf 91' lang='lat' dir='ltr'>Doctor</span> <span class='ocrx_word' id='word_1_167' title='bbox 983 3630 1362 3703; x_wconf 89' lang='lat' dir='ltr'>utrumque.</span> 
     </span>
    </p>

    <p class='ocr_par' dir='ltr' id='par_1_9' title="bbox 474 3740 2034 4758">
     <span class='ocr_line' id='line_1_37' title="bbox 553 3740 2033 3822; baseline 0.001 -19"><span class='ocrx_word' id='word_1_168' title='bbox 553 3743 873 3822; x_wconf 86' lang='lat' dir='ltr'>Majorem</span> <span class='ocrx_word' id='word_1_169' title='bbox 904 3743 1100 3803; x_wconf 86' lang='lat' dir='ltr'>etiam</span> <span class='ocrx_word' id='word_1_170' title='bbox 1130 3740 1409 3804; x_wconf 89' lang='lat' dir='ltr'>destruit</span> <span class='ocrx_word' id='word_1_171' title='bbox 1432 3760 1550 3821; x_wconf 89' lang='lat' dir='ltr'>per</span> <span class='ocrx_word' id='word_1_172' title='bbox 1576 3743 2033 3822; x_wconf 90' lang='lat' dir='ltr'>probationem</span> 
     </span>
     <span class='ocr_line' id='line_1_38' title="bbox 475 3858 2030 3940; baseline 0.002 -20"><span class='ocrx_word' id='word_1_173' title='bbox 475 3858 607 3931; x_wconf 85' lang='lat' dir='ltr'>bic,</span> <span class='ocrx_word' id='word_1_174' title='bbox 689 3859 841 3938; x_wconf 88' lang='lat' dir='ltr'>quia</span> <span class='ocrx_word' id='word_1_175' title='bbox 921 3862 1016 3921; x_wconf 89' lang='lat' dir='ltr'>sic</span> <span class='ocrx_word' id='word_1_176' title='bbox 1088 3861 1263 3921; x_wconf 90' lang='lat' dir='ltr'>Deus</span> <span class='ocrx_word' id='word_1_177' title='bbox 1328 3876 1461 3921; x_wconf 91' lang='lat' dir='ltr'>non</span> <span class='ocrx_word' id='word_1_178' title='bbox 1529 3864 1757 3940; x_wconf 91' lang='lat' dir='ltr'>posset</span> <span class='ocrx_word' id='word_1_179' title='bbox 1805 3877 2030 3923; x_wconf 88' lang='lat' dir='ltr'>creare</span> 
     </span>
     <span class='ocr_line' id='line_1_39' title="bbox 477 3976 2033 4056; baseline 0.002 -20"><span class='ocrx_word' id='word_1_180' title='bbox 477 3976 839 4056; x_wconf 82' lang='lat' dir='ltr'>Angelum,</span> <span class='ocrx_word' id='word_1_181' title='bbox 900 3976 1053 4053; x_wconf 91' lang='lat' dir='ltr'>quia</span> <span class='ocrx_word' id='word_1_182' title='bbox 1106 3978 1400 4054; x_wconf 84' lang='lat' dir='ltr'>Angelus</span> <span class='ocrx_word' id='word_1_183' title='bbox 1455 3977 1805 4053; x_wconf 89' lang='lat' dir='ltr'>participat</span> <span class='ocrx_word' id='word_1_184' title='bbox 1867 3994 2033 4050; x_wconf 88' lang='lat' dir='ltr'>esse,-</span> 
     </span>
     <span class='ocr_line' id='line_1_40' title="bbox 474 4094 2032 4174; baseline -0.001 -16"><span class='ocrx_word' id='word_1_185' title='bbox 474 4099 820 4173; x_wconf 87' lang='lat' dir='ltr'>oporteret</span> <span class='ocrx_word' id='word_1_186' title='bbox 878 4110 1037 4174; x_wconf 91' lang='lat' dir='ltr'>ergo</span> <span class='ocrx_word' id='word_1_187' title='bbox 1114 4094 1358 4174; x_wconf 90' lang='lat' dir='ltr'>aliquid</span> <span class='ocrx_word' id='word_1_188' title='bbox 1415 4096 1850 4173; x_wconf 83' lang='lat' dir='ltr'>praesupponi,</span> <span class='ocrx_word' id='word_1_189' title='bbox 1931 4098 2032 4157; x_wconf 89' lang='lat' dir='ltr'>cui</span> 
     </span>
     <span class='ocr_line' id='line_1_41' title="bbox 480 4213 2032 4292; baseline 0.001 -19"><span class='ocrx_word' id='word_1_190' title='bbox 480 4213 1084 4275; x_wconf 84' lang='lat' dir='ltr'>communicaretur</span> <span class='ocrx_word' id='word_1_191' title='bbox 1127 4230 1279 4286; x_wconf 81' lang='lat' dir='ltr'>esse,</span> <span class='ocrx_word' id='word_1_192' title='bbox 1324 4217 1390 4274; x_wconf 89' lang='lat' dir='ltr'>et</span> <span class='ocrx_word' id='word_1_193' title='bbox 1438 4230 1557 4290; x_wconf 92' lang='lat' dir='ltr'>per</span> <span class='ocrx_word' id='word_1_194' title='bbox 1589 4213 1767 4291; x_wconf 80' lang='lat' dir='ltr'>quod</span> <span class='ocrx_word' id='word_1_195' title='bbox 1817 4217 2032 4292; x_wconf 89' lang='lat' dir='ltr'>Ange-</span> 
     </span>
     <span class='ocr_line' id='line_1_42' title="bbox 476 4327 2032 4408; baseline 0.001 -20"><span class='ocrx_word' id='word_1_196' title='bbox 476 4330 579 4389; x_wconf 76' lang='lat' dir='ltr'>lus</span> <span class='ocrx_word' id='word_1_197' title='bbox 641 4336 822 4390; x_wconf 88' lang='lat' dir='ltr'>esset</span> <span class='ocrx_word' id='word_1_198' title='bbox 864 4328 1241 4408; x_wconf 82' lang='lat' dir='ltr'>singularis,</span> <span class='ocrx_word' id='word_1_199' title='bbox 1292 4327 1471 4405; x_wconf 90' lang='lat' dir='ltr'>quod</span> <span class='ocrx_word' id='word_1_200' title='bbox 1512 4334 1839 4407; x_wconf 88' lang='lat' dir='ltr'>repugnat</span> <span class='ocrx_word' id='word_1_201' title='bbox 1881 4330 2032 4390; x_wconf 89' lang='lat' dir='ltr'>sub-</span> 
     </span>
     <span class='ocr_line' id='line_1_43' title="bbox 477 4445 2033 4526; baseline 0 -20"><span class='ocrx_word' id='word_1_202' title='bbox 477 4450 750 4526; x_wconf 90' lang='lat' dir='ltr'>sumpto</span> <span class='ocrx_word' id='word_1_203' title='bbox 802 4452 870 4507; x_wconf 89' lang='lat' dir='ltr'>et</span> <span class='ocrx_word' id='word_1_204' title='bbox 919 4446 1195 4507; x_wconf 87' lang='lat' dir='ltr'>termino</span> <span class='ocrx_word' id='word_1_205' title='bbox 1261 4445 1634 4519; x_wconf 78' lang='lat' dir='ltr'>creationiS,</span> <span class='ocrx_word' id='word_1_206' title='bbox 1697 4460 1855 4523; x_wconf 88' lang='lat' dir='ltr'>ergo</span> <span class='ocrx_word' id='word_1_207' title='bbox 1901 4461 2033 4506; x_wconf 90' lang='lat' dir='ltr'>non</span> 
     </span>
     <span class='ocr_line' id='line_1_44' title="bbox 482 4560 2034 4640; baseline -0.004 -14"><span class='ocrx_word' id='word_1_208' title='bbox 482 4572 585 4626; x_wconf 90' lang='lat' dir='ltr'>est</span> <span class='ocrx_word' id='word_1_209' title='bbox 640 4579 800 4625; x_wconf 87' lang='lat' dir='ltr'>vera</span> <span class='ocrx_word' id='word_1_210' title='bbox 860 4562 966 4624; x_wconf 89' lang='lat' dir='ltr'>illa</span> <span class='ocrx_word' id='word_1_211' title='bbox 1024 4562 1257 4640; x_wconf 88' lang='lat' dir='ltr'>major.</span> <span class='ocrx_word' id='word_1_212' title='bbox 1313 4562 1639 4636; x_wconf 88' lang='lat' dir='ltr'>Quantum</span> <span class='ocrx_word' id='word_1_213' title='bbox 1687 4560 1770 4622; x_wconf 90' lang='lat' dir='ltr'>ad</span> <span class='ocrx_word' id='word_1_214' title='bbox 1830 4561 2034 4638; x_wconf 90' lang='lat' dir='ltr'>parti-</span> 
     </span>
     <span class='ocr_line' id='line_1_45' title="bbox 484 4675 2031 4758; baseline -0.003 -17"><span class='ocrx_word' id='word_1_215' title='bbox 484 4680 881 4758; x_wconf 87' lang='lat' dir='ltr'>cipationem</span> <span class='ocrx_word' id='word_1_216' title='bbox 927 4677 1327 4738; x_wconf 87' lang='lat' dir='ltr'>intellectam</span> <span class='ocrx_word' id='word_1_217' title='bbox 1389 4692 1470 4737; x_wconf 87' lang='lat' dir='ltr'>ex</span> <span class='ocrx_word' id='word_1_218' title='bbox 1514 4680 1699 4752; x_wconf 88' lang='lat' dir='ltr'>parte</span> <span class='ocrx_word' id='word_1_219' title='bbox 1755 4675 2031 4748; x_wconf 88' lang='lat' dir='ltr'>termini,</span> 
     </span>
    </p>
   </div>
   <div class='ocr_carea' id='block_1_8' title="bbox 192 4792 2033 4876">
    <p class='ocr_par' dir='ltr' id='par_1_10' title="bbox 192 4792 2033 4876">
     <span class='ocr_line' id='line_1_46' title="bbox 192 4792 2033 4876; baseline -0.001 -21"><span class='ocrx_word' id='word_1_220' title='bbox 192 4799 436 4876; x_wconf 67' lang='lat' dir='ltr'>Intelligeu-</span> <span class='ocrx_word' id='word_1_221' title='bbox 481 4802 532 4860; x_wconf 89' lang='lat' dir='ltr'>si</span> <span class='ocrx_word' id='word_1_222' title='bbox 609 4796 1021 4876; x_wconf 83' lang='lat' dir='ltr'>intelligatur</span> <span class='ocrx_word' id='word_1_223' title='bbox 1086 4792 1265 4872; x_wconf 89' lang='lat' dir='ltr'>quod</span> <span class='ocrx_word' id='word_1_224' title='bbox 1321 4795 1533 4870; x_wconf 91' lang='lat' dir='ltr'>ipsum</span> <span class='ocrx_word' id='word_1_225' title='bbox 1616 4809 1822 4871; x_wconf 89' lang='lat' dir='ltr'>agens</span> <span class='ocrx_word' id='word_1_226' title='bbox 1888 4809 2033 4853; x_wconf 90' lang='lat' dir='ltr'>cre-</span> 
     </span>
    </p>
   </div>
   <div class='ocr_carea' id='block_1_9' title="bbox 275 4873 365 4921">
    <p class='ocr_par' dir='ltr' id='par_1_11' title="bbox 275 4873 365 4921">
     <span class='ocr_line' id='line_1_47' title="bbox 275 4873 365 4921; baseline 0.033 -3"><span class='ocrx_word' id='word_1_227' title='bbox 275 4873 365 4921; x_wconf 61' lang='grc' dir='ltr'>ωε.</span> 
     </span>
    </p>
   </div>
   <div class='ocr_carea' id='block_1_10' title="bbox 475 4908 2033 5578">
    <p class='ocr_par' dir='ltr' id='par_1_12' title="bbox 475 4908 2033 5578">
     <span class='ocr_line' id='line_1_48' title="bbox 478 4908 2032 4991; baseline -0.005 -16"><span class='ocrx_word' id='word_1_228' title='bbox 478 4920 660 4976; x_wconf 91' lang='lat' dir='ltr'>atum</span> <span class='ocrx_word' id='word_1_229' title='bbox 693 4912 1042 4991; x_wconf 88' lang='lat' dir='ltr'>participet</span> <span class='ocrx_word' id='word_1_230' title='bbox 1072 4914 1393 4984; x_wconf 87' lang='lat' dir='ltr'>naturam,</span> <span class='ocrx_word' id='word_1_231' title='bbox 1427 4908 1855 4985; x_wconf 79' lang='lat' dir='ltr'>improbatur,</span> <span class='ocrx_word' id='word_1_232' title='bbox 1882 4909 2032 4987; x_wconf 89' lang='lat' dir='ltr'>quia</span> 
     </span>
     <span class='ocr_line' id='line_1_49' title="bbox 477 5025 2031 5104; baseline -0.006 -10"><span class='ocrx_word' id='word_1_233' title='bbox 477 5039 578 5094; x_wconf 88' lang='lat' dir='ltr'>est</span> <span class='ocrx_word' id='word_1_234' title='bbox 623 5029 946 5093; x_wconf 83' lang='lat' dir='ltr'>terminus</span> <span class='ocrx_word' id='word_1_235' title='bbox 1000 5028 1374 5100; x_wconf 88' lang='lat' dir='ltr'>creationis,</span> <span class='ocrx_word' id='word_1_236' title='bbox 1421 5025 1607 5086; x_wconf 87' lang='lat' dir='ltr'>verbi</span> <span class='ocrx_word' id='word_1_237' title='bbox 1651 5026 1886 5104; x_wconf 88' lang='lat' dir='ltr'>gratia,</span> <span class='ocrx_word' id='word_1_238' title='bbox 1936 5025 2031 5086; x_wconf 89' lang='lat' dir='ltr'>In·</span> 
     </span>
     <span class='ocr_line' id='line_1_50' title="bbox 478 5142 2025 5227; baseline -0.005 -16"><span class='ocrx_word' id='word_1_239' title='bbox 478 5149 850 5227; x_wconf 77' lang='lat' dir='ltr'>[elligentia</span> <span class='ocrx_word' id='word_1_240' title='bbox 926 5142 1244 5217; x_wconf 87' lang='lat' dir='ltr'>secunda,</span> <span class='ocrx_word' id='word_1_241' title='bbox 1319 5142 1401 5204; x_wconf 91' lang='lat' dir='ltr'>de</span> <span class='ocrx_word' id='word_1_242' title='bbox 1460 5159 1588 5220; x_wconf 92' lang='lat' dir='ltr'>qua</span> <span class='ocrx_word' id='word_1_243' title='bbox 1655 5145 2025 5218; x_wconf 84' lang='lat' dir='ltr'>Avicenna3</span> 
     </span>
     <span class='ocr_line' id='line_1_51' title="bbox 476 5262 2032 5346; baseline -0.006 -18"><span class='ocrx_word' id='word_1_244' title='bbox 476 5284 644 5346; x_wconf 89' lang='lat' dir='ltr'>ergo</span> <span class='ocrx_word' id='word_1_245' title='bbox 690 5264 851 5326; x_wconf 85' lang='lat' dir='ltr'>nihil</span> <span class='ocrx_word' id='word_1_246' title='bbox 909 5263 1056 5343; x_wconf 86' lang='lat' dir='ltr'>ejus</span> <span class='ocrx_word' id='word_1_247' title='bbox 1102 5262 1646 5339; x_wconf 82' lang='lat' dir='ltr'>praesupponitur‚</span> <span class='ocrx_word' id='word_1_248' title='bbox 1694 5263 1795 5321; x_wconf 93' lang='lat' dir='ltr'>cui</span> <span class='ocrx_word' id='word_1_249' title='bbox 1852 5276 2032 5320; x_wconf 89' lang='lat' dir='ltr'>com-</span> 
     </span>
     <span class='ocr_line' id='line_1_52' title="bbox 475 5376 2033 5457; baseline -0.005 -12"><span class='ocrx_word' id='word_1_250' title='bbox 475 5382 894 5444; x_wconf 89' lang='lat' dir='ltr'>municatum</span> <span class='ocrx_word' id='word_1_251' title='bbox 970 5376 1088 5441; x_wconf 85' lang='lat' dir='ltr'>fuit</span> <span class='ocrx_word' id='word_1_252' title='bbox 1161 5395 1313 5451; x_wconf 85' lang='lat' dir='ltr'>esse,</span> <span class='ocrx_word' id='word_1_253' title='bbox 1388 5383 1454 5440; x_wconf 87' lang='lat' dir='ltr'>et</span> <span class='ocrx_word' id='word_1_254' title='bbox 1544 5382 2033 5457; x_wconf 86' lang='lat' dir='ltr'>consequenter</span> 
     </span>
     <span class='ocr_line' id='line_1_53' title="bbox 477 5493 2028 5578; baseline -0.007 -14"><span class='ocrx_word' id='word_1_255' title='bbox 477 5517 615 5564; x_wconf 91' lang='lat' dir='ltr'>non</span> <span class='ocrx_word' id='word_1_256' title='bbox 682 5497 1030 5578; x_wconf 87' lang='lat' dir='ltr'>participat</span> <span class='ocrx_word' id='word_1_257' title='bbox 1086 5513 1215 5558; x_wconf 83' lang='lat' dir='ltr'>esse</span> <span class='ocrx_word' id='word_1_258' title='bbox 1269 5497 1394 5558; x_wconf 90' lang='lat' dir='ltr'>hoc</span> <span class='ocrx_word' id='word_1_259' title='bbox 1460 5493 1656 5558; x_wconf 90' lang='lat' dir='ltr'>modo</span> <span class='ocrx_word' id='word_1_260' title='bbox 1721 5499 2028 5572; x_wconf 85' lang='lat' dir='ltr'>tanquam</span> 
     </span>
    </p>
   </div>
   <div class='ocr_carea' id='block_1_11' title="bbox 479 5623 2033 5711">
    <p class='ocr_par' dir='ltr' id='par_1_13' title="bbox 479 5623 2033 5711">
     <span class='ocr_line' id='line_1_54' title="bbox 479 5623 2033 5711; baseline -0.006 -17"><span class='ocrx_word' id='word_1_261' title='bbox 479 5631 891 5711; x_wconf 86' lang='lat' dir='ltr'>applicatum</span> <span class='ocrx_word' id='word_1_262' title='bbox 929 5626 1115 5689; x_wconf 86' lang='lat' dir='ltr'>alicui</span> <span class='ocrx_word' id='word_1_263' title='bbox 1157 5623 1661 5706; x_wconf 85' lang='lat' dir='ltr'>praesupposito,</span> <span class='ocrx_word' id='word_1_264' title='bbox 1716 5627 2033 5704; x_wconf 88' lang='lat' dir='ltr'>tanquam</span> 
     </span>
    </p>
   </div>
   <div class='ocr_carea' id='block_1_12' title="bbox 3619 425 3698 488">
    <p class='ocr_par' dir='ltr' id='par_1_14' title="bbox 3619 425 3698 488">
     <span class='ocr_line' id='line_1_55' title="bbox 3619 425 3698 488; baseline 0 0"><span class='ocrx_word' id='word_1_265' title='bbox 3619 425 3698 488; x_wconf 83' lang='lat'>53</span> 
     </span>
    </p>
   </div>
   <div class='ocr_carea' id='block_1_13' title="bbox 2141 585 4042 3937">
    <p class='ocr_par' dir='ltr' id='par_1_15' title="bbox 2152 585 3705 1236">
     <span class='ocr_line' id='line_1_56' title="bbox 2159 585 3701 666; baseline 0.003 -20"><span class='ocrx_word' id='word_1_266' title='bbox 2159 587 2473 666; x_wconf 88' lang='lat' dir='ltr'>principio</span> <span class='ocrx_word' id='word_1_267' title='bbox 2546 585 2997 650; x_wconf 90' lang='lat' dir='ltr'>individuandi</span> <span class='ocrx_word' id='word_1_268' title='bbox 3078 594 3145 651; x_wconf 91' lang='lat' dir='ltr'>et</span> <span class='ocrx_word' id='word_1_269' title='bbox 3218 588 3701 652; x_wconf 88' lang='lat' dir='ltr'>determinandi</span> 
     </span>
     <span class='ocr_line' id='line_1_57' title="bbox 2156 705 3703 788; baseline 0.004 -25"><span class='ocrx_word' id='word_1_270' title='bbox 2156 712 2457 767; x_wconf 87' lang='lat' dir='ltr'>naturam</span> <span class='ocrx_word' id='word_1_271' title='bbox 2508 705 2774 768; x_wconf 90' lang='lat' dir='ltr'>essendi</span> <span class='ocrx_word' id='word_1_272' title='bbox 2817 707 2902 767; x_wconf 92' lang='lat' dir='ltr'>ad</span> <span class='ocrx_word' id='word_1_273' title='bbox 2944 707 3069 771; x_wconf 90' lang='lat' dir='ltr'>hoc</span> <span class='ocrx_word' id='word_1_274' title='bbox 3114 724 3283 781; x_wconf 85' lang='lat' dir='ltr'>esse;</span> <span class='ocrx_word' id='word_1_275' title='bbox 3342 724 3502 788; x_wconf 91' lang='lat' dir='ltr'>ergo</span> <span class='ocrx_word' id='word_1_276' title='bbox 3533 707 3703 770; x_wconf 88' lang='lat' dir='ltr'>simi·</span> 
     </span>
     <span class='ocr_line' id='line_1_58' title="bbox 2153 821 3705 904; baseline 0.003 -22"><span class='ocrx_word' id='word_1_277' title='bbox 2153 821 2302 885; x_wconf 88' lang='lat' dir='ltr'>liter</span> <span class='ocrx_word' id='word_1_278' title='bbox 2332 839 2552 902; x_wconf 90' lang='lat' dir='ltr'>neque</span> <span class='ocrx_word' id='word_1_279' title='bbox 2604 828 2705 885; x_wconf 90' lang='lat' dir='ltr'>est</span> <span class='ocrx_word' id='word_1_280' title='bbox 2749 827 3194 887; x_wconf 89' lang='lat' dir='ltr'>necessarium</span> <span class='ocrx_word' id='word_1_281' title='bbox 3247 824 3496 904; x_wconf 89' lang='lat' dir='ltr'>aliquid</span> <span class='ocrx_word' id='word_1_282' title='bbox 3548 840 3705 902; x_wconf 83' lang='lat' dir='ltr'>prae-</span> 
     </span>
     <span class='ocr_line' id='line_1_59' title="bbox 2155 942 3703 1023; baseline 0.003 -22"><span class='ocrx_word' id='word_1_283' title='bbox 2155 942 2442 1018; x_wconf 87' lang='lat' dir='ltr'>supponi</span> <span class='ocrx_word' id='word_1_284' title='bbox 2488 945 2554 1003; x_wconf 95' lang='lat' dir='ltr'>in</span> <span class='ocrx_word' id='word_1_285' title='bbox 2600 942 2786 1005; x_wconf 83' lang='lat' dir='ltr'>tertia</span> <span class='ocrx_word' id='word_1_286' title='bbox 2851 943 3309 1023; x_wconf 86' lang='lat' dir='ltr'>intelligentia,</span> <span class='ocrx_word' id='word_1_287' title='bbox 3363 960 3506 1023; x_wconf 82' lang='lat' dir='ltr'>quae</span> <span class='ocrx_word' id='word_1_288' title='bbox 3556 960 3703 1023; x_wconf 89' lang='lat' dir='ltr'>pro-</span> 
     </span>
     <span class='ocr_line' id='line_1_60' title="bbox 2157 1056 3702 1140; baseline 0.005 -23"><span class='ocrx_word' id='word_1_289' title='bbox 2157 1056 2516 1120; x_wconf 88' lang='lat' dir='ltr'>duceretur</span> <span class='ocrx_word' id='word_1_290' title='bbox 2587 1065 2900 1139; x_wconf 89' lang='lat' dir='ltr'>tanquam</span> <span class='ocrx_word' id='word_1_291' title='bbox 2965 1060 3176 1123; x_wconf 89' lang='lat' dir='ltr'>simile</span> <span class='ocrx_word' id='word_1_292' title='bbox 3233 1061 3300 1121; x_wconf 92' lang='lat' dir='ltr'>in</span> <span class='ocrx_word' id='word_1_293' title='bbox 3368 1077 3517 1124; x_wconf 91' lang='lat' dir='ltr'>esse</span> <span class='ocrx_word' id='word_1_294' title='bbox 3580 1079 3702 1140; x_wconf 93' lang='lat' dir='ltr'>per</span> 
     </span>
     <span class='ocr_line' id='line_1_61' title="bbox 2152 1171 2540 1236; baseline 0.003 -1"><span class='ocrx_word' id='word_1_295' title='bbox 2152 1171 2540 1236; x_wconf 58' lang='lat' dir='ltr'>secundanr</span> 
     </span>
    </p>

    <p class='ocr_par' dir='ltr' id='par_1_16' title="bbox 2143 1293 4042 2422">
     <span class='ocr_line' id='line_1_62' title="bbox 2231 1293 3982 1386; baseline 0.001 -29"><span class='ocrx_word' id='word_1_296' title='bbox 2231 1294 2616 1373; x_wconf 87' lang='lat' dir='ltr'>Respondet</span> <span class='ocrx_word' id='word_1_297' title='bbox 2681 1293 3054 1375; x_wconf 88' lang='lat' dir='ltr'>Cajetanus,</span> <span class='ocrx_word' id='word_1_298' title='bbox 3130 1294 3310 1374; x_wconf 91' lang='lat' dir='ltr'>quod</span> <span class='ocrx_word' id='word_1_299' title='bbox 3364 1297 3573 1377; x_wconf 86' lang='lat' dir='ltr'>major</span> <span class='ocrx_word' id='word_1_300' title='bbox 3629 1298 3693 1358; x_wconf 91' lang='lat' dir='ltr'>in</span> <span class='ocrx_word' id='word_1_301' title='bbox 3845 1315 3982 1386; x_wconf 36' lang='lat'><strong>52..</strong></span> 
     </span>
     <span class='ocr_line' id='line_1_63' title="bbox 2148 1377 4016 1503; baseline 0.002 -26"><span class='ocrx_word' id='word_1_302' title='bbox 2148 1416 2290 1494; x_wconf 90' lang='lat' dir='ltr'>ipsa</span> <span class='ocrx_word' id='word_1_303' title='bbox 2340 1417 2548 1479; x_wconf 88' lang='lat' dir='ltr'>littera</span> <span class='ocrx_word' id='word_1_304' title='bbox 2599 1417 2915 1494; x_wconf 89' lang='lat' dir='ltr'>probatur</span> <span class='ocrx_word' id='word_1_305' title='bbox 2960 1434 3083 1494; x_wconf 88' lang='lat' dir='ltr'>per</span> <span class='ocrx_word' id='word_1_306' title='bbox 3125 1416 3576 1480; x_wconf 89' lang='lat' dir='ltr'>reductionem</span> <span class='ocrx_word' id='word_1_307' title='bbox 3608 1417 3688 1480; x_wconf 91' lang='lat' dir='ltr'>ad</span> <span class='ocrx_word' id='word_1_308' title='bbox 3736 1377 4016 1503; x_wconf 47' lang='grc' dir='ltr'>Βᾶῗῖῗέζῖῗ</span> 
     </span>
     <span class='ocr_line' id='line_1_64' title="bbox 2147 1502 4042 1613; baseline 0.002 -20"><span class='ocrx_word' id='word_1_309' title='bbox 2147 1533 2576 1611; x_wconf 89' lang='lat' dir='ltr'>impossibile,</span> <span class='ocrx_word' id='word_1_310' title='bbox 2626 1532 2775 1611; x_wconf 89' lang='lat' dir='ltr'>quia</span> <span class='ocrx_word' id='word_1_311' title='bbox 2833 1535 2885 1595; x_wconf 90' lang='lat' dir='ltr'>si</span> <span class='ocrx_word' id='word_1_312' title='bbox 2941 1532 3341 1612; x_wconf 90' lang='lat' dir='ltr'>participans</span> <span class='ocrx_word' id='word_1_313' title='bbox 3403 1534 3694 1612; x_wconf 90' lang='lat' dir='ltr'>aliquam</span> <span class='ocrx_word' id='word_1_314' title='bbox 3744 1502 4042 1613; x_wconf 47' lang='grc' dir='ltr'>ἰζῖᾒζῖξξῗε</span> 
     </span>
     <span class='ocr_line' id='line_1_65' title="bbox 2147 1627 4005 1755; baseline 0.002 -47"><span class='ocrx_word' id='word_1_315' title='bbox 2147 1652 2466 1721; x_wconf 89' lang='lat' dir='ltr'>naturam,</span> <span class='ocrx_word' id='word_1_316' title='bbox 2538 1647 2940 1726; x_wconf 89' lang='lat' dir='ltr'>produceret</span> <span class='ocrx_word' id='word_1_317' title='bbox 3010 1664 3155 1710; x_wconf 90' lang='lat' dir='ltr'>eam</span> <span class='ocrx_word' id='word_1_318' title='bbox 3227 1650 3551 1720; x_wconf 85' lang='lat' dir='ltr'>absolute,</span> <span class='ocrx_word' id='word_1_319' title='bbox 3628 1656 3694 1711; x_wconf 89' lang='lat' dir='ltr'>et</span> <span class='ocrx_word' id='word_1_320' title='bbox 3749 1627 4005 1755; x_wconf 50' lang='lat' dir='ltr'>“g&#39;jgfflffi’t</span> 
     </span>
     <span class='ocr_line' id='line_1_66' title="bbox 2145 1765 4002 1867; baseline 0.002 -42"><span class='ocrx_word' id='word_1_321' title='bbox 2145 1778 2279 1825; x_wconf 88' lang='lat' dir='ltr'>non</span> <span class='ocrx_word' id='word_1_322' title='bbox 2350 1765 2414 1826; x_wconf 93' lang='lat' dir='ltr'>in</span> <span class='ocrx_word' id='word_1_323' title='bbox 2478 1765 2621 1837; x_wconf 92' lang='lat' dir='ltr'>hac,</span> <span class='ocrx_word' id='word_1_324' title='bbox 2684 1769 3076 1843; x_wconf 88' lang='lat' dir='ltr'>sequeretur</span> <span class='ocrx_word' id='word_1_325' title='bbox 3146 1765 3324 1843; x_wconf 89' lang='lat' dir='ltr'>quod</span> <span class='ocrx_word' id='word_1_326' title='bbox 3390 1772 3694 1828; x_wconf 90' lang='lat' dir='ltr'>causaret</span> <span class='ocrx_word' id='word_1_327' title='bbox 3748 1767 4002 1867; x_wconf 51' lang='lat' dir='ltr'>offiffiaffss.</span> 
     </span>
     <span class='ocr_line' id='line_1_67' title="bbox 2143 1880 3688 1961; baseline 0 -19"><span class='ocrx_word' id='word_1_328' title='bbox 2143 1880 2319 1942; x_wconf 89' lang='lat' dir='ltr'>illam</span> <span class='ocrx_word' id='word_1_329' title='bbox 2364 1881 2428 1941; x_wconf 92' lang='lat' dir='ltr'>in</span> <span class='ocrx_word' id='word_1_330' title='bbox 2466 1884 2710 1958; x_wconf 81' lang='lat' dir='ltr'>seipSO,</span> <span class='ocrx_word' id='word_1_331' title='bbox 2761 1883 2913 1958; x_wconf 89' lang='lat' dir='ltr'>quia</span> <span class='ocrx_word' id='word_1_332' title='bbox 2983 1896 3177 1942; x_wconf 92' lang='lat' dir='ltr'>causa</span> <span class='ocrx_word' id='word_1_333' title='bbox 3234 1880 3510 1961; x_wconf 88' lang='lat' dir='ltr'>alicujus</span> <span class='ocrx_word' id='word_1_334' title='bbox 3571 1898 3688 1943; x_wconf 90' lang='lat' dir='ltr'>na·</span> 
     </span>
     <span class='ocr_line' id='line_1_68' title="bbox 2150 1996 3687 2071; baseline 0.001 -13"><span class='ocrx_word' id='word_1_335' title='bbox 2150 2002 2305 2059; x_wconf 85' lang='lat' dir='ltr'>turae</span> <span class='ocrx_word' id='word_1_336' title='bbox 2348 1998 2676 2071; x_wconf 89' lang='lat' dir='ltr'>absolute,</span> <span class='ocrx_word' id='word_1_337' title='bbox 2724 2003 2950 2060; x_wconf 88' lang='lat' dir='ltr'>causat</span> <span class='ocrx_word' id='word_1_338' title='bbox 3014 2013 3160 2058; x_wconf 87' lang='lat' dir='ltr'>eam</span> <span class='ocrx_word' id='word_1_339' title='bbox 3203 1996 3687 2071; x_wconf 89' lang='lat' dir='ltr'>universaliter,</span> 
     </span>
     <span class='ocr_line' id='line_1_69' title="bbox 2148 2114 3692 2191; baseline -0.001 -17"><span class='ocrx_word' id='word_1_340' title='bbox 2148 2119 2215 2175; x_wconf 89' lang='lat' dir='ltr'>et</span> <span class='ocrx_word' id='word_1_341' title='bbox 2265 2122 2756 2191; x_wconf 80' lang='lat' dir='ltr'>consequenter</span> <span class='ocrx_word' id='word_1_342' title='bbox 2797 2114 2862 2173; x_wconf 91' lang='lat' dir='ltr'>in</span> <span class='ocrx_word' id='word_1_343' title='bbox 2908 2128 3331 2191; x_wconf 88' lang='lat' dir='ltr'>quocumque</span> <span class='ocrx_word' id='word_1_344' title='bbox 3391 2115 3494 2175; x_wconf 88' lang='lat' dir='ltr'>est</span> <span class='ocrx_word' id='word_1_345' title='bbox 3548 2128 3692 2190; x_wconf 89' lang='lat' dir='ltr'>par·</span> 
     </span>
     <span class='ocr_line' id='line_1_70' title="bbox 2148 2229 3691 2307; baseline 0 -16"><span class='ocrx_word' id='word_1_346' title='bbox 2148 2231 2432 2307; x_wconf 90' lang='lat' dir='ltr'>ticipata,</span> <span class='ocrx_word' id='word_1_347' title='bbox 2495 2234 2562 2291; x_wconf 93' lang='lat' dir='ltr'>et</span> <span class='ocrx_word' id='word_1_348' title='bbox 2628 2230 2721 2291; x_wconf 87' lang='lat' dir='ltr'>sic</span> <span class='ocrx_word' id='word_1_349' title='bbox 2783 2229 2847 2290; x_wconf 93' lang='lat' dir='ltr'>in</span> <span class='ocrx_word' id='word_1_350' title='bbox 2912 2231 3156 2306; x_wconf 88' lang='lat' dir='ltr'>seips0,</span> <span class='ocrx_word' id='word_1_351' title='bbox 3217 2232 3369 2306; x_wconf 92' lang='lat' dir='ltr'>quia</span> <span class='ocrx_word' id='word_1_352' title='bbox 3437 2233 3538 2291; x_wconf 89' lang='lat' dir='ltr'>est</span> <span class='ocrx_word' id='word_1_353' title='bbox 3608 2229 3691 2291; x_wconf 93' lang='lat' dir='ltr'>de</span> 
     </span>
     <span class='ocr_line' id='line_1_71' title="bbox 2145 2344 3586 2422; baseline -0.001 -16"><span class='ocrx_word' id='word_1_354' title='bbox 2145 2362 2419 2407; x_wconf 90' lang='lat' dir='ltr'>numero</span> <span class='ocrx_word' id='word_1_355' title='bbox 2468 2344 2995 2422; x_wconf 87' lang='lat' dir='ltr'>participantium</span> <span class='ocrx_word' id='word_1_356' title='bbox 3037 2344 3207 2405; x_wconf 89' lang='lat' dir='ltr'>illam</span> <span class='ocrx_word' id='word_1_357' title='bbox 3266 2347 3586 2405; x_wconf 86' lang='lat' dir='ltr'>naturam.</span> 
     </span>
    </p>

    <p class='ocr_par' dir='ltr' id='par_1_17' title="bbox 2141 2458 4034 3937">
     <span class='ocr_line' id='line_1_72' title="bbox 2225 2458 4011 2575; baseline 0.002 -52"><span class='ocrx_word' id='word_1_358' title='bbox 2225 2463 2321 2523; x_wconf 92' lang='lat' dir='ltr'>Ad</span> <span class='ocrx_word' id='word_1_359' title='bbox 2355 2462 2799 2541; x_wconf 89' lang='lat' dir='ltr'>objectionem</span> <span class='ocrx_word' id='word_1_360' title='bbox 2853 2477 3012 2542; x_wconf 87' lang='lat' dir='ltr'>ergo</span> <span class='ocrx_word' id='word_1_361' title='bbox 3046 2477 3127 2522; x_wconf 85' lang='lat' dir='ltr'>ex</span> <span class='ocrx_word' id='word_1_362' title='bbox 3159 2476 3237 2523; x_wconf 91' lang='lat' dir='ltr'>eo</span> <span class='ocrx_word' id='word_1_363' title='bbox 3291 2458 3470 2539; x_wconf 89' lang='lat' dir='ltr'>quod</span> <span class='ocrx_word' id='word_1_364' title='bbox 3517 2477 3689 2522; x_wconf 89' lang='lat' dir='ltr'>unus</span> <span class='ocrx_word' id='word_1_365' title='bbox 3734 2463 4011 2575; x_wconf 48' lang='lat' dir='ltr'>Squemn-</span> 
     </span>
     <span class='ocr_line' id='line_1_73' title="bbox 2142 2542 4034 2661; baseline -0.001 -21"><span class='ocrx_word' id='word_1_366' title='bbox 2142 2579 2436 2657; x_wconf 85' lang='lat' dir='ltr'>Angelus</span> <span class='ocrx_word' id='word_1_367' title='bbox 2469 2582 2771 2639; x_wconf 89' lang='lat' dir='ltr'>causaret</span> <span class='ocrx_word' id='word_1_368' title='bbox 2815 2577 3035 2649; x_wconf 89' lang='lat' dir='ltr'>alium,</span> <span class='ocrx_word' id='word_1_369' title='bbox 3079 2582 3520 2654; x_wconf 88' lang='lat' dir='ltr'>sequerentur</span> <span class='ocrx_word' id='word_1_370' title='bbox 3555 2575 3685 2638; x_wconf 91' lang='lat' dir='ltr'>duo</span> <span class='ocrx_word' id='word_1_371' title='bbox 3719 2588 3819 2661; x_wconf 66' lang='lat' dir='ltr'>duc</span> <span class='ocrx_word' id='word_1_372' title='bbox 3836 2542 4034 2661; x_wconf 43' lang='lat' dir='ltr'>egi-tra-</span> 
     </span>
     <span class='ocr_line' id='line_1_74' title="bbox 2146 2652 3993 2771; baseline -0.001 -16"><span class='ocrx_word' id='word_1_373' title='bbox 2146 2691 2658 2763; x_wconf 87' lang='lat' dir='ltr'>contradictoria,</span> <span class='ocrx_word' id='word_1_374' title='bbox 2705 2692 2955 2754; x_wconf 89' lang='lat' dir='ltr'>scilicet</span> <span class='ocrx_word' id='word_1_375' title='bbox 2998 2690 3178 2770; x_wconf 90' lang='lat' dir='ltr'>quod</span> <span class='ocrx_word' id='word_1_376' title='bbox 3218 2692 3511 2771; x_wconf 89' lang='lat' dir='ltr'>Angelus</span> <span class='ocrx_word' id='word_1_377' title='bbox 3541 2708 3690 2769; x_wconf 92' lang='lat' dir='ltr'>pro·</span> <span class='ocrx_word' id='word_1_378' title='bbox 3761 2652 3993 2703; x_wconf 65' lang='lat' dir='ltr'>amona.</span> 
     </span>
     <span class='ocr_line' id='line_1_75' title="bbox 2145 2806 3687 2887; baseline -0.002 -16"><span class='ocrx_word' id='word_1_379' title='bbox 2145 2807 2492 2871; x_wconf 89' lang='lat' dir='ltr'>ducendus</span> <span class='ocrx_word' id='word_1_380' title='bbox 2549 2809 2747 2871; x_wconf 88' lang='lat' dir='ltr'>babet</span> <span class='ocrx_word' id='word_1_381' title='bbox 2814 2806 3063 2887; x_wconf 82' lang='lat' dir='ltr'>aliquid</span> <span class='ocrx_word' id='word_1_382' title='bbox 3121 2808 3687 2886; x_wconf 82' lang='lat' dir='ltr'>praesupposilum‚</span> 
     </span>
     <span class='ocr_line' id='line_1_76' title="bbox 2146 2924 3688 3004; baseline -0.001 -15"><span class='ocrx_word' id='word_1_383' title='bbox 2146 2935 2210 2989; x_wconf 91' lang='lat' dir='ltr'>et</span> <span class='ocrx_word' id='word_1_384' title='bbox 2254 2924 2433 3004; x_wconf 87' lang='lat' dir='ltr'>quod</span> <span class='ocrx_word' id='word_1_385' title='bbox 2476 2941 2608 2986; x_wconf 91' lang='lat' dir='ltr'>non</span> <span class='ocrx_word' id='word_1_386' title='bbox 2653 2926 2934 2996; x_wconf 88' lang='lat' dir='ltr'>habeat;</span> <span class='ocrx_word' id='word_1_387' title='bbox 2995 2926 3061 2986; x_wconf 90' lang='lat' dir='ltr'>in</span> <span class='ocrx_word' id='word_1_388' title='bbox 3106 2942 3184 2987; x_wconf 94' lang='lat' dir='ltr'>eo</span> <span class='ocrx_word' id='word_1_389' title='bbox 3232 2925 3409 3004; x_wconf 91' lang='lat' dir='ltr'>quod</span> <span class='ocrx_word' id='word_1_390' title='bbox 3476 2928 3560 2988; x_wconf 90' lang='lat' dir='ltr'>sit</span> <span class='ocrx_word' id='word_1_391' title='bbox 3601 2928 3688 2988; x_wconf 89' lang='lat' dir='ltr'>si-</span> 
     </span>
     <span class='ocr_line' id='line_1_77' title="bbox 2142 3042 3690 3123; baseline 0.001 -17"><span class='ocrx_word' id='word_1_392' title='bbox 2142 3045 2309 3106; x_wconf 89' lang='lat' dir='ltr'>milis</span> <span class='ocrx_word' id='word_1_393' title='bbox 2340 3042 2760 3123; x_wconf 87' lang='lat' dir='ltr'>producenti,</span> <span class='ocrx_word' id='word_1_394' title='bbox 2804 3056 2936 3104; x_wconf 93' lang='lat' dir='ltr'>non</span> <span class='ocrx_word' id='word_1_395' title='bbox 2981 3044 3221 3119; x_wconf 90' lang='lat' dir='ltr'>habet;</span> <span class='ocrx_word' id='word_1_396' title='bbox 3272 3058 3354 3104; x_wconf 84' lang='lat' dir='ltr'>ex</span> <span class='ocrx_word' id='word_1_397' title='bbox 3405 3060 3482 3106; x_wconf 92' lang='lat' dir='ltr'>eo</span> <span class='ocrx_word' id='word_1_398' title='bbox 3531 3059 3690 3108; x_wconf 88' lang='lat' dir='ltr'>vero</span> 
     </span>
     <span class='ocr_line' id='line_1_78' title="bbox 2146 3162 3689 3244; baseline 0 -18"><span class='ocrx_word' id='word_1_399' title='bbox 2146 3164 2321 3244; x_wconf 88' lang='lat' dir='ltr'>quod</span> <span class='ocrx_word' id='word_1_400' title='bbox 2370 3162 2745 3240; x_wconf 85' lang='lat' dir='ltr'>producens</span> <span class='ocrx_word' id='word_1_401' title='bbox 2792 3167 2894 3222; x_wconf 90' lang='lat' dir='ltr'>est</span> <span class='ocrx_word' id='word_1_402' title='bbox 2950 3179 3068 3223; x_wconf 91' lang='lat' dir='ltr'>ens</span> <span class='ocrx_word' id='word_1_403' title='bbox 3114 3178 3234 3239; x_wconf 89' lang='lat' dir='ltr'>per</span> <span class='ocrx_word' id='word_1_404' title='bbox 3288 3163 3689 3241; x_wconf 88' lang='lat' dir='ltr'>participati-</span> 
     </span>
     <span class='ocr_line' id='line_1_79' title="bbox 2145 3275 3691 3359; baseline -0.001 -17"><span class='ocrx_word' id='word_1_405' title='bbox 2145 3296 2366 3349; x_wconf 87' lang='lat' dir='ltr'>onem,</span> <span class='ocrx_word' id='word_1_406' title='bbox 2425 3279 2724 3356; x_wconf 87' lang='lat' dir='ltr'>sequitur</span> <span class='ocrx_word' id='word_1_407' title='bbox 2793 3275 2974 3354; x_wconf 90' lang='lat' dir='ltr'>quod</span> <span class='ocrx_word' id='word_1_408' title='bbox 3029 3276 3275 3356; x_wconf 91' lang='lat' dir='ltr'>aliquid</span> <span class='ocrx_word' id='word_1_409' title='bbox 3335 3279 3481 3359; x_wconf 87' lang='lat' dir='ltr'>ejus</span> <span class='ocrx_word' id='word_1_410' title='bbox 3526 3294 3691 3356; x_wconf 82' lang='lat' dir='ltr'>prae-</span> 
     </span>
     <span class='ocr_line' id='line_1_80' title="bbox 2146 3371 3685 3475; baseline -0.001 -17"><span class='ocrx_word' id='word_1_411' title='bbox 2146 3400 2402 3469; x_wconf 81' lang='lat' dir='ltr'>existat,</span> <span class='ocrx_word' id='word_1_412' title='bbox 2446 3398 2600 3475; x_wconf 90' lang='lat' dir='ltr'>quia</span> <span class='ocrx_word' id='word_1_413' title='bbox 2644 3395 2790 3474; x_wconf 91' lang='lat' dir='ltr'>ejus</span> <span class='ocrx_word' id='word_1_414' title='bbox 2848 3395 3015 3457; x_wconf 89' lang='lat' dir='ltr'>actio</span> <span class='ocrx_word' id='word_1_415' title='bbox 3069 3409 3202 3456; x_wconf 92' lang='lat' dir='ltr'>non</span> <span class='ocrx_word' id='word_1_416' title='bbox 3236 3371 3458 3473; x_wconf 79' lang='lat' dir='ltr'>potest</span> <span class='ocrx_word' id='word_1_417' title='bbox 3515 3412 3685 3470; x_wconf 91' lang='lat' dir='ltr'>esse,</span> 
     </span>
     <span class='ocr_line' id='line_1_81' title="bbox 2145 3508 3687 3589; baseline 0 -18"><span class='ocrx_word' id='word_1_418' title='bbox 2145 3512 2268 3572; x_wconf 91' lang='lat' dir='ltr'>nisi</span> <span class='ocrx_word' id='word_1_419' title='bbox 2298 3508 2493 3572; x_wconf 86' lang='lat' dir='ltr'>factio</span> <span class='ocrx_word' id='word_1_420' title='bbox 2536 3527 2666 3573; x_wconf 86' lang='lat' dir='ltr'>esse</span> <span class='ocrx_word' id='word_1_421' title='bbox 2707 3510 2771 3571; x_wconf 89' lang='lat' dir='ltr'>in</span> <span class='ocrx_word' id='word_1_422' title='bbox 2820 3510 2985 3584; x_wconf 91' lang='lat' dir='ltr'>hoc;</span> <span class='ocrx_word' id='word_1_423' title='bbox 3037 3526 3260 3589; x_wconf 89' lang='lat' dir='ltr'>neque</span> <span class='ocrx_word' id='word_1_424' title='bbox 3307 3515 3407 3572; x_wconf 91' lang='lat' dir='ltr'>est</span> <span class='ocrx_word' id='word_1_425' title='bbox 3448 3511 3687 3572; x_wconf 87' lang='lat' dir='ltr'>mirum</span> 
     </span>
     <span class='ocr_line' id='line_1_82' title="bbox 2142 3625 3689 3705; baseline 0.001 -18"><span class='ocrx_word' id='word_1_426' title='bbox 2142 3627 2294 3703; x_wconf 91' lang='lat' dir='ltr'>hoc,</span> <span class='ocrx_word' id='word_1_427' title='bbox 2370 3628 2520 3705; x_wconf 91' lang='lat' dir='ltr'>quia</span> <span class='ocrx_word' id='word_1_428' title='bbox 2589 3627 2997 3688; x_wconf 88' lang='lat' dir='ltr'>antecedens</span> <span class='ocrx_word' id='word_1_429' title='bbox 3052 3625 3361 3704; x_wconf 88' lang='lat' dir='ltr'>implicat.</span> <span class='ocrx_word' id='word_1_430' title='bbox 3435 3628 3526 3688; x_wconf 85' lang='lat' dir='ltr'>Ex</span> <span class='ocrx_word' id='word_1_431' title='bbox 3581 3641 3689 3688; x_wconf 92' lang='lat' dir='ltr'>se-</span> 
     </span>
     <span class='ocr_line' id='line_1_83' title="bbox 2146 3741 3688 3825; baseline -0.001 -19"><span class='ocrx_word' id='word_1_432' title='bbox 2146 3745 2339 3825; x_wconf 89' lang='lat' dir='ltr'>quela</span> <span class='ocrx_word' id='word_1_433' title='bbox 2423 3750 2644 3805; x_wconf 89' lang='lat' dir='ltr'>autem</span> <span class='ocrx_word' id='word_1_434' title='bbox 2711 3745 2906 3804; x_wconf 93' lang='lat' dir='ltr'>unius</span> <span class='ocrx_word' id='word_1_435' title='bbox 2980 3741 3463 3804; x_wconf 89' lang='lat' dir='ltr'>contradictorii</span> <span class='ocrx_word' id='word_1_436' title='bbox 3517 3742 3688 3805; x_wconf 91' lang='lat' dir='ltr'>male</span> 
     </span>
     <span class='ocr_line' id='line_1_84' title="bbox 2141 3858 3687 3937; baseline -0.003 -12"><span class='ocrx_word' id='word_1_437' title='bbox 2141 3860 2343 3925; x_wconf 86' lang='lat' dir='ltr'>infert</span> <span class='ocrx_word' id='word_1_438' title='bbox 2385 3862 2619 3922; x_wconf 91' lang='lat' dir='ltr'>Scotus</span> <span class='ocrx_word' id='word_1_439' title='bbox 2664 3876 2797 3921; x_wconf 91' lang='lat' dir='ltr'>non</span> <span class='ocrx_word' id='word_1_440' title='bbox 2850 3858 3194 3937; x_wconf 89' lang='lat' dir='ltr'>sequelam</span> <span class='ocrx_word' id='word_1_441' title='bbox 3260 3858 3554 3933; x_wconf 84' lang='lat' dir='ltr'>alterius,</span> <span class='ocrx_word' id='word_1_442' title='bbox 3604 3875 3687 3921; x_wconf 86' lang='lat' dir='ltr'>ex</span> 
     </span>
    </p>
   </div>
   <div class='ocr_carea' id='block_1_14' title="bbox 2138 3978 3576 4056">
    <p class='ocr_par' dir='ltr' id='par_1_18' title="bbox 2138 3978 3576 4056">
     <span class='ocr_line' id='line_1_85' title="bbox 2138 3978 3576 4056; baseline -0.004 -12"><span class='ocrx_word' id='word_1_443' title='bbox 2138 3978 2527 4056; x_wconf 87' lang='lat' dir='ltr'>impossibili</span> <span class='ocrx_word' id='word_1_444' title='bbox 2577 3980 2800 4037; x_wconf 90' lang='lat' dir='ltr'>autem</span> <span class='ocrx_word' id='word_1_445' title='bbox 2854 3979 3209 4053; x_wconf 88' lang='lat' dir='ltr'>utrumque</span> <span class='ocrx_word' id='word_1_446' title='bbox 3258 3978 3576 4054; x_wconf 89' lang='lat' dir='ltr'>sequitur.</span> 
     </span>
    </p>
   </div>
   <div class='ocr_carea' id='block_1_15' title="bbox 2148 4093 4012 4291">
    <p class='ocr_par' dir='ltr' id='par_1_19' title="bbox 2148 4093 4012 4291">
     <span class='ocr_line' id='line_1_86' title="bbox 2225 4093 3907 4172; baseline 0.001 -16"><span class='ocrx_word' id='word_1_447' title='bbox 2225 4094 2463 4156; x_wconf 89' lang='lat' dir='ltr'>Contra</span> <span class='ocrx_word' id='word_1_448' title='bbox 2510 4093 2831 4172; x_wconf 85' lang='lat' dir='ltr'>majorem</span> <span class='ocrx_word' id='word_1_449' title='bbox 2871 4109 3004 4154; x_wconf 90' lang='lat' dir='ltr'>non</span> <span class='ocrx_word' id='word_1_450' title='bbox 3035 4093 3270 4171; x_wconf 91' lang='lat' dir='ltr'>probat</span> <span class='ocrx_word' id='word_1_451' title='bbox 3311 4094 3475 4155; x_wconf 89' lang='lat' dir='ltr'>ratio</span> <span class='ocrx_word' id='word_1_452' title='bbox 3523 4109 3683 4172; x_wconf 81' lang='lat' dir='ltr'>prae·</span> <span class='ocrx_word' id='word_1_453' title='bbox 3804 4114 3907 4163; x_wconf 84' lang='lat'>53.</span> 
     </span>
     <span class='ocr_line' id='line_1_87' title="bbox 2148 4174 4012 4291; baseline -0.001 -17"><span class='ocrx_word' id='word_1_454' title='bbox 2148 4218 2332 4274; x_wconf 87' lang='lat' dir='ltr'>tensa</span> <span class='ocrx_word' id='word_1_455' title='bbox 2401 4210 2547 4291; x_wconf 78' lang='lat' dir='ltr'>eJus</span> <span class='ocrx_word' id='word_1_456' title='bbox 2619 4211 2684 4271; x_wconf 92' lang='lat' dir='ltr'>in</span> <span class='ocrx_word' id='word_1_457' title='bbox 2753 4209 2991 4282; x_wconf 80' lang='lat' dir='ltr'>littera,</span> <span class='ocrx_word' id='word_1_458' title='bbox 3064 4211 3217 4287; x_wconf 92' lang='lat' dir='ltr'>quia</span> <span class='ocrx_word' id='word_1_459' title='bbox 3283 4208 3474 4271; x_wconf 90' lang='lat' dir='ltr'>datur</span> <span class='ocrx_word' id='word_1_460' title='bbox 3542 4225 3689 4271; x_wconf 88' lang='lat' dir='ltr'>me·</span> <span class='ocrx_word' id='word_1_461' title='bbox 3744 4174 4012 4287; x_wconf 25' lang='lat' dir='ltr'>Impelgtna-</span> 
     </span>
    </p>
   </div>
   <div class='ocr_carea' id='block_1_16' title="bbox 2140 4324 3693 5694">
    <p class='ocr_par' dir='ltr' id='par_1_20' title="bbox 2140 4324 3693 5694">
     <span class='ocr_line' id='line_1_88' title="bbox 2146 4324 3693 4390; baseline -0.001 -2"><span class='ocrx_word' id='word_1_462' title='bbox 2146 4328 2326 4390; x_wconf 89' lang='lat' dir='ltr'>dium</span> <span class='ocrx_word' id='word_1_463' title='bbox 2368 4328 2540 4388; x_wconf 91' lang='lat' dir='ltr'>inter</span> <span class='ocrx_word' id='word_1_464' title='bbox 2579 4327 2712 4388; x_wconf 81' lang='lat' dir='ltr'>haec</span> <span class='ocrx_word' id='word_1_465' title='bbox 2758 4324 2887 4386; x_wconf 91' lang='lat' dir='ltr'>duo</span> <span class='ocrx_word' id='word_1_466' title='bbox 2925 4345 2938 4387; x_wconf 77' lang='grc' dir='ltr'>ε</span> <span class='ocrx_word' id='word_1_467' title='bbox 2972 4343 3244 4388; x_wconf 80' lang='lat' dir='ltr'>causare</span> <span class='ocrx_word' id='word_1_468' title='bbox 3297 4326 3512 4388; x_wconf 83' lang='lat' dir='ltr'>simile</span> <span class='ocrx_word' id='word_1_469' title='bbox 3564 4328 3693 4388; x_wconf 82' lang='lat' dir='ltr'>sibi</span> 
     </span>
     <span class='ocr_line' id='line_1_89' title="bbox 2143 4443 3684 4521; baseline -0.001 -16"><span class='ocrx_word' id='word_1_470' title='bbox 2143 4445 2531 4521; x_wconf 82' lang='lat' dir='ltr'>applicando</span> <span class='ocrx_word' id='word_1_471' title='bbox 2601 4448 2911 4504; x_wconf 80' lang='lat' dir='ltr'>naturam</span> <span class='ocrx_word' id='word_1_472' title='bbox 2954 4443 3161 4504; x_wconf 82' lang='lat' dir='ltr'>alicui</span> <span class='ocrx_word' id='word_1_473' title='bbox 3192 4444 3684 4520; x_wconf 76' lang='lat' dir='ltr'>praesupposieo,</span> 
     </span>
     <span class='ocr_line' id='line_1_90' title="bbox 2143 4557 3688 4634; baseline 0.001 -15"><span class='ocrx_word' id='word_1_474' title='bbox 2143 4564 2211 4619; x_wconf 88' lang='lat' dir='ltr'>et</span> <span class='ocrx_word' id='word_1_475' title='bbox 2256 4574 2523 4620; x_wconf 80' lang='lat' dir='ltr'>causare</span> <span class='ocrx_word' id='word_1_476' title='bbox 2591 4563 2903 4618; x_wconf 79' lang='lat' dir='ltr'>naturam</span> <span class='ocrx_word' id='word_1_477' title='bbox 2972 4557 3260 4618; x_wconf 82' lang='lat' dir='ltr'>absolute</span> <span class='ocrx_word' id='word_1_478' title='bbox 3319 4560 3388 4618; x_wconf 80' lang='lat' dir='ltr'>in</span> <span class='ocrx_word' id='word_1_479' title='bbox 3429 4557 3688 4634; x_wconf 78' lang='lat' dir='ltr'>quibus-</span> 
     </span>
     <span class='ocr_line' id='line_1_91' title="bbox 2142 4675 3684 4754; baseline -0.001 -16"><span class='ocrx_word' id='word_1_480' title='bbox 2142 4694 2411 4754; x_wconf 79' lang='lat' dir='ltr'>cumque</span> <span class='ocrx_word' id='word_1_481' title='bbox 2491 4678 2565 4754; x_wconf 77' lang='lat' dir='ltr'>sic</span> <span class='ocrx_word' id='word_1_482' title='bbox 2623 4692 2753 4754; x_wconf 84' lang='lat' dir='ltr'>per</span> <span class='ocrx_word' id='word_1_483' title='bbox 2822 4677 3395 4753; x_wconf 76' lang='lat' dir='ltr'>participationem</span> <span class='ocrx_word' id='word_1_484' title='bbox 3471 4675 3684 4749; x_wconf 79' lang='lat' dir='ltr'>illam,</span> 
     </span>
     <span class='ocr_line' id='line_1_92' title="bbox 2146 4791 3690 4871; baseline -0.001 -17"><span class='ocrx_word' id='word_1_485' title='bbox 2146 4810 2273 4871; x_wconf 89' lang='lat' dir='ltr'>qua</span> <span class='ocrx_word' id='word_1_486' title='bbox 2307 4792 2544 4855; x_wconf 91' lang='lat' dir='ltr'>dicitur</span> <span class='ocrx_word' id='word_1_487' title='bbox 2571 4796 2806 4854; x_wconf 89' lang='lat' dir='ltr'>natura</span> <span class='ocrx_word' id='word_1_488' title='bbox 2856 4810 2986 4854; x_wconf 84' lang='lat' dir='ltr'>esse</span> <span class='ocrx_word' id='word_1_489' title='bbox 3027 4795 3092 4854; x_wconf 91' lang='lat' dir='ltr'>in</span> <span class='ocrx_word' id='word_1_490' title='bbox 3135 4791 3498 4866; x_wconf 87' lang='lat' dir='ltr'>individuo,</span> <span class='ocrx_word' id='word_1_491' title='bbox 3549 4807 3690 4870; x_wconf 83' lang='lat' dir='ltr'>quae</span> 
     </span>
     <span class='ocr_line' id='line_1_93' title="bbox 2145 4906 3690 4988; baseline -0.001 -19"><span class='ocrx_word' id='word_1_492' title='bbox 2145 4912 2246 4969; x_wconf 91' lang='lat' dir='ltr'>est</span> <span class='ocrx_word' id='word_1_493' title='bbox 2282 4909 2689 4986; x_wconf 91' lang='lat' dir='ltr'>participatio</span> <span class='ocrx_word' id='word_1_494' title='bbox 2742 4909 2887 4988; x_wconf 75' lang='lat' dir='ltr'>eJus</span> <span class='ocrx_word' id='word_1_495' title='bbox 2929 4906 3218 4971; x_wconf 81' lang='lat' dir='ltr'>formalis</span> <span class='ocrx_word' id='word_1_496' title='bbox 3249 4925 3371 4986; x_wconf 89' lang='lat' dir='ltr'>per</span> <span class='ocrx_word' id='word_1_497' title='bbox 3414 4907 3690 4970; x_wconf 89' lang='lat' dir='ltr'>modum</span> 
     </span>
     <span class='ocr_line' id='line_1_94' title="bbox 2143 5022 3686 5098; baseline 0.001 -13"><span class='ocrx_word' id='word_1_498' title='bbox 2143 5025 2445 5086; x_wconf 65' lang='lat' dir='ltr'>essentiae</span> <span class='ocrx_word' id='word_1_499' title='bbox 2503 5030 2570 5086; x_wconf 90' lang='lat' dir='ltr'>et</span> <span class='ocrx_word' id='word_1_500' title='bbox 2619 5022 3012 5087; x_wconf 84' lang='lat' dir='ltr'>definitionis</span> <span class='ocrx_word' id='word_1_501' title='bbox 3079 5042 3201 5087; x_wconf 92' lang='lat' dir='ltr'>seu</span> <span class='ocrx_word' id='word_1_502' title='bbox 3273 5025 3545 5098; x_wconf 89' lang='lat' dir='ltr'>definiti,</span> <span class='ocrx_word' id='word_1_503' title='bbox 3606 5041 3686 5087; x_wconf 84' lang='lat' dir='ltr'>ex</span> 
     </span>
     <span class='ocr_line' id='line_1_95' title="bbox 2145 5141 3681 5222; baseline 0.001 -19"><span class='ocrx_word' id='word_1_504' title='bbox 2145 5159 2269 5221; x_wconf 90' lang='lat' dir='ltr'>qua</span> <span class='ocrx_word' id='word_1_505' title='bbox 2325 5145 2704 5205; x_wconf 82' lang='lat' dir='ltr'>causatione</span> <span class='ocrx_word' id='word_1_506' title='bbox 2764 5147 3015 5205; x_wconf 89' lang='lat' dir='ltr'>tantum</span> <span class='ocrx_word' id='word_1_507' title='bbox 3085 5141 3386 5222; x_wconf 90' lang='lat' dir='ltr'>sequitur</span> <span class='ocrx_word' id='word_1_508' title='bbox 3451 5146 3681 5207; x_wconf 90' lang='lat' dir='ltr'>incon·</span> 
     </span>
     <span class='ocr_line' id='line_1_96' title="bbox 2140 5257 3683 5339; baseline -0.003 -16"><span class='ocrx_word' id='word_1_509' title='bbox 2140 5262 2415 5323; x_wconf 84' lang='lat' dir='ltr'>veniens</span> <span class='ocrx_word' id='word_1_510' title='bbox 2504 5260 2796 5335; x_wconf 88' lang='lat' dir='ltr'>allatum,</span> <span class='ocrx_word' id='word_1_511' title='bbox 2868 5276 3110 5339; x_wconf 89' lang='lat' dir='ltr'>nempe</span> <span class='ocrx_word' id='word_1_512' title='bbox 3182 5261 3276 5322; x_wconf 91' lang='lat' dir='ltr'>sic</span> <span class='ocrx_word' id='word_1_513' title='bbox 3350 5257 3683 5321; x_wconf 87' lang='lat' dir='ltr'>causando</span> 
     </span>
     <span class='ocr_line' id='line_1_97' title="bbox 2141 5360 3682 5456; baseline 0 -19"><span class='ocrx_word' id='word_1_514' title='bbox 2141 5385 2444 5438; x_wconf 88' lang='lat' dir='ltr'>naturam</span> <span class='ocrx_word' id='word_1_515' title='bbox 2495 5360 2953 5438; x_wconf 88' lang='lat' dir='ltr'>universaliter</span> <span class='ocrx_word' id='word_1_516' title='bbox 3004 5379 3072 5440; x_wconf 91' lang='lat' dir='ltr'>in</span> <span class='ocrx_word' id='word_1_517' title='bbox 3130 5377 3435 5439; x_wconf 87' lang='lat' dir='ltr'>omnibus</span> <span class='ocrx_word' id='word_1_518' title='bbox 3492 5376 3682 5456; x_wconf 88' lang='lat' dir='ltr'>sequi</span> 
     </span>
     <span class='ocr_line' id='line_1_98' title="bbox 2145 5495 3684 5573; baseline -0.001 -19"><span class='ocrx_word' id='word_1_519' title='bbox 2145 5509 2402 5554; x_wconf 91' lang='lat' dir='ltr'>causam</span> <span class='ocrx_word' id='word_1_520' title='bbox 2464 5495 2960 5573; x_wconf 90' lang='lat' dir='ltr'>participantem</span> <span class='ocrx_word' id='word_1_521' title='bbox 3036 5497 3338 5557; x_wconf 89' lang='lat' dir='ltr'>naturam</span> <span class='ocrx_word' id='word_1_522' title='bbox 3412 5508 3684 5555; x_wconf 88' lang='lat' dir='ltr'>causare</span> 
     </span>
     <span class='ocr_line' id='line_1_99' title="bbox 2141 5610 2456 5694; baseline 0 -22"><span class='ocrx_word' id='word_1_523' title='bbox 2141 5610 2456 5694; x_wconf 89' lang='lat' dir='ltr'>Seipsum.</span> 
     </span>
    </p>
   </div>
  </div>
 </body>
</html>
