4287 6313
591 353 705 421 146

583 516 666 589 in
719 516 1031 592 virtute
1073 517 1441 611 propria,
1497 518 1629 590 sed
1692 516 1772 587 in
1832 514 2141 589 virtute

588 633 950 707 omnium
995 634 1650 727 praecedentium,
1698 632 1910 706 sicut
1958 630 2140 705 ulti-

591 770 719 823 ma
758 752 991 843 gutta
1041 750 1126 823 in
1171 750 1483 824 virtute
1526 749 1888 823 omnium
1942 768 2140 841 prae·

338 930 343 935 .
587 868 1039 941 cedentium
1072 871 1306 940 cavat
1360 865 1702 960 lapidem
1734 869 1807 939 8.
1863 870 2135 955 physic.

265 994 534 1117 {maffia
588 982 740 1056 hoc
800 982 1003 1056 nihil
1079 987 1230 1067 est,
1287 1001 1698 1075 nunquam
1776 981 1990 1054 enim
2059 981 2139 1052 in

309 1122 482 1170 aalma
591 1099 888 1173 talibus
921 1098 1298 1172 ultimum
1333 1098 1821 1191 completive
1853 1099 2141 1170 causat

264 1307 273 1315 ⁸
326 1189 477 1315 {3222
588 1216 962 1290 effectum
997 1216 1075 1287 in
1118 1217 1428 1289 virtute
1480 1214 2131 1308 praecedentium,

260 1312 747 1435 {gtgssffigtssnisi
818 1332 1005 1423 quia
1085 1332 1619 1423 praecedentia
1694 1330 2137 1423 derelique-

315 1434 492 1482 *Μ’
592 1452 781 1523 runt
843 1447 1199 1540 aliquam
1249 1448 1873 1540 dispositionem
1936 1467 2134 1540 prae-

580 1564 801 1638 viam
843 1564 938 1636 ad
991 1564 1219 1637 illum
1274 1565 1713 1638 terminum
1755 1591 1768 1646 ;
1826 1563 1956 1636 hic
2001 1584 2134 1636 au·

581 1688 746 1756 tem
808 1681 1140 1772 syllabae
1209 1682 1778 1773 praecedentes,
1822 1681 2132 1753 nullam

577 1797 1191 1891 dispositionem
1307 1797 1553 1870 talem
1662 1797 2132 1890 relinquunt

578 1918 767 1988 ante
802 1913 1463 2005 ultimam3ergo,
1509 1918 1663 1988 etc.

669 2033 874 2103 Item
926 2031 1007 2102 in
1059 2030 1333 2122 aliquo
1381 2033 1941 2112 sacramento,
1981 2030 2128 2105 sci-

575 2148 767 2221 licet
803 2146 1367 2229 Eucharistiae,
1405 2167 1566 2219 non
1604 2146 1926 2222 videtur
1969 2149 2127 2223 ista

576 2263 1023 2337 causalitas
1067 2283 1246 2336 esse
1297 2262 1733 2356 possibilis,
1815 2268 1895 2338 et
1971 2264 2122 2337 hoc

578 2379 747 2451 sive
796 2378 1234 2470 loquamur
1272 2380 1363 2451 de
1399 2382 1930 2452 sacramento
1967 2379 2123 2472 ple-

571 2516 701 2578 no,
747 2494 1056 2567 scilicet
1126 2495 1649 2567 Eucharistia
1706 2496 1877 2587 jam
1938 2517 2123 2568 con-

573 2615 923 2694 secrata,
980 2612 1102 2684 vel
1138 2611 1230 2683 de
1274 2613 1448 2705 ipsa
1497 2612 2119 2686 consecratione

568 2728 1190 2810 Sacramentali,
1238 2749 1413 2821 quae
1453 2733 1579 2804 est
1627 2729 1760 2801 via
1825 2731 1919 2801 ad
1990 2732 2120 2804 Sa-

565 2852 1103 2921 cramentum.
1147 2848 1356 2919 Nam
1391 2845 1659 2938 primo
1717 2847 1948 2919 modo
2001 2847 2117 2919 lo-

567 2963 898 3055 quendo,
948 2962 1257 3055 species
1310 2961 1452 3035 illa
1521 2960 1754 3054 panis
1796 2982 1953 3033 non
2006 2962 2116 3034 vi-

562 3079 800 3152 detur
866 3098 1043 3150 esse
1118 3098 1364 3151 causa
1459 3078 2113 3153 instrumentalis

417 3271 420 3274 .
564 3194 1037 3285 attingendo
1119 3192 1520 3276 effectum,
1581 3194 1894 3267 scilicet
1952 3194 2112 3266 cxi-

418 3305 426 3370 l
566 3310 953 3384 stentiam
998 3310 1300 3382 realem
1343 3310 1719 3402 corporis
1774 3311 2107 3396 Christi,

260 3444 500 3515 Nimiast
564 3447 819 3519 neque
879 3424 1238 3517 aliquam
1311 3425 1927 3517 dispositionem
2015 3429 2112 3500 ad

217 3523 538 3644 Euqhssssisqa
567 3544 792 3616 illum
844 3542 1247 3615 effectum.
1318 3543 1435 3613 De
1494 3543 2110 3616 consecratione

240 3635 511 3759 ω’,ξοζῖζῖω
564 3659 813 3734 etiam
875 3662 1122 3750 patet,
1179 3658 1366 3749 quia
1419 3658 1559 3730 illa
1619 3659 1869 3731 verba
1929 3679 2108 3752 pro-

258 3760 488 3808 ²¹'³¹²³¹²¹'‘
562 3778 732 3850 lata
799 3796 958 3848 non
1046 3777 1462 3866 attingunt
1536 3776 2107 3850 transubstan-

230 3818 492 3871 slantiatio

348 3888 408 3932 ¹¹²
498 3858 512 3884 ’
564 3892 1020 3971 tiationem,
1060 3910 1233 3981 quae
1274 3893 1399 3963 est
1453 3890 1855 3962 terminus
1891 3889 2107 3981 prin-

248 3961 489 4072 pffiffie,
561 4008 848 4104 cipalis
889 4007 1128 4098 hujus
1188 4006 1858 4088 consecrationis,
1923 4027 2102 4078 cum

559 4127 700 4199 illa
748 4121 1527 4198 transubstantiatio
1558 4143 1719 4193 non
1768 4123 1912 4196 fiat
1942 4123 2101 4195 nisi

554 4243 861 4317 virtute
941 4239 1088 4311 Dei
1157 4238 1497 4321 infinita,
1583 4239 1788 4329 quod
1875 4258 2101 4330 aeque

548 4361 679 4433 vel
731 4356 992 4449 magis
1031 4359 1277 4449 patet,
1352 4374 1588 4448 quam
1645 4354 1736 4426 de
1799 4355 2097 4428 creati-

552 4496 737 4553 one;
777 4494 1029 4566 neque
1070 4471 1406 4561 attingit
1441 4468 1801 4561 aliquam
1837 4470 2097 4562 dispo·

546 4593 925 4665 sitionem
986 4587 1376 4683 praeviam
1428 4587 1522 4659 ad
1585 4585 1809 4658 illam
1871 4590 2096 4659 tran-

543 4706 1340 4791 substantiationem,
1379 4703 1567 4795 quia
1618 4706 1757 4775 aut
1808 4700 1949 4773 illa
1980 4702 2091 4774 di-

538 4822 882 4918 spositio
914 4826 1128 4895 esset
1163 4821 1239 4893 in
1267 4820 1645 4914 pane‚aut
1677 4817 1759 4889 in
1783 4817 2090 4892 Christi

535 4969 909 5042 corpore,
962 4950 1254 5020 neutro
1329 4945 1556 5016 modo
1632 4948 1898 5036 potest
1960 4943 2088 5016 da-

539 5069 631 5140 ri.
679 5070 859 5142 Non
891 5065 1106 5139 enim
1139 5063 1223 5135 in
1265 5081 1636 5154 corpore,
1686 5059 2083 5152 quiajam

529 5206 691 5258 non
749 5187 965 5257 esset
1012 5178 1480 5271 dispositio;
1519 5196 1663 5248 nec
1718 5176 1795 5247 in
1848 5195 2076 5267 pane,

529 5303 740 5395 quia,
786 5320 971 5373 cum
1014 5296 1155 5369 illa
1213 5293 1639 5386 dispositio
1689 5296 1905 5365 esset
1949 5311 2079 5363 ne-

524 5418 924 5494 cessitans
957 5416 1053 5487 ad
1077 5409 2070 5491 transubstantiationem,

522 5537 740 5610 esset
784 5532 862 5603 in
913 5530 1190 5603 eodem
1242 5524 1582 5601 instanti
1624 5544 1808 5597 cum
1855 5530 2071 5597 tran-

411 3025 422 3143 ἶ

1881 332 2019 417 mn.
2056 348 2785 420 1V.an'rEN·r1ARUM

2262 514 2972 601 substantiatione,
3009 517 3087 588 et
3139 519 3330 590 tunc
3364 516 3444 589 in
3484 516 3627 590 illo
3688 514 3806 587 in-

2257 631 2509 705 stanti
2585 638 2800 707 esset
2887 632 3144 727 panis,
3220 632 3406 725 quia
3491 632 3804 725 quando

2255 753 2379 822 est
2444 748 2900 843 dispositiO,
2972 754 3097 825 est
3159 754 3239 825 et
3299 750 3472 845 ejus
3543 748 3804 842 subje-

2255 868 2523 949 ctum3
2599 865 2841 938 simul
2890 885 3092 959 ergo
3143 869 3362 940 esset
3423 865 3653 959 panis
3721 864 3804 936 in

2255 979 2529 1052 eodem
2564 979 2933 1064 instanti,
2972 980 3052 1052 in
3095 1001 3252 1073 quo
3321 983 3444 1053 est
3512 978 3805 1052 illa'di-

2253 1096 2598 1188 spositio
2629 1103 2710 1170 et
2743 1095 3549 1178 transubstantiatio,
3600 1094 3802 1188 quod

2251 1212 2583 1288 includit
2614 1213 3367 1289 contradictionem.
3401 1212 3803 1287 Similiter

2252 1352 2457 1423 pura
2499 1330 2719 1404 fictio
2761 1331 3085 1406 videtur
3124 1352 3329 1412 esse,
3376 1330 3580 1423 quod
3654 1349 3799 1422 per

2251 1446 2412 1520 ista
2441 1448 2691 1520 verba
2734 1476 2748 1518 :
2789 1452 2920 1517 Hoc
2952 1463 3042 1517 est
3072 1453 3245 1517 enim
3287 1472 3525 1539 corpus
3556 1470 3791 1528 meum,

2249 1564 2511 1655 magis
2610 1565 3015 1638 alteretur
3119 1564 3459 1637 realiter
3539 1561 3799 1656 paniS,

2248 1701 2489 1771 quam
2522 1702 2665 1773 per
2697 1682 2861 1754 alia
2892 1681 3143 1753 verba
3191 1680 3541 1773 prolata,
3589 1678 3801 1753 scili·

2246 1804 2415 1874 cet:
2463 1803 2583 1866 iste
2608 1803 2811 1888 panis
2857 1812 2950 1867 est
3008 1800 3219 1884 albus,
3266 1800 3344 1871 et
3386 1797 3797 1889 hujusmo-

2242 1915 2344 2003 di,
2417 1935 2600 1988 cum
2662 1936 2912 1989 sonus
2962 1936 3123 1989 non
3191 1914 3483 1988 habeat
3542 1914 3797 1986 virtu-

2246 2035 2407 2104 tem
2459 2032 2817 2124 aliquam
2895 2033 2990 2104 ad
3049 2030 3543 2104 causandum
3602 2030 3797 2104 alte-

2245 2149 2651 2222 rationem
2710 2148 3013 2221 realem
3067 2146 3148 2221 in
3184 2167 3412 2241 pane.

2327 2264 2618 2337 Posset
2675 2261 2923 2336 etiam
3035 2263 3274 2354 argui
3344 2267 3430 2336 ut
3527 2262 3781 2355 prius,
3944 2268 3996 2317 6·

2240 2380 2427 2470 quia
2532 2379 2673 2451 illa
2792 2380 3039 2451 verba
3140 2379 3789 2453 sacramentalia

2237 2494 2530 2571 habent
2571 2517 2749 2569 esse
2828 2497 3355 2589 intempore,
3427 2514 3629 2587 ergo
3704 2499 3786 2569 et

2235 2612 2639 2686 actionem
2666 2633 2893 2685 suam
2922 2612 3259 2705 praecise
3285 2613 3363 2686 in
3390 2615 3782 2705 tempore.

2233 2730 2386 2802 Illa
2472 2733 2745 2802 autem
2804 2727 3234 2821 dispositio
3313 2729 3409 2801 ad
3475 2727 3788 2802 Eucha-

2236 2847 2589 2931 ristiam‚
2644 2846 2710 2918 si
2788 2847 3174 2938 fingatur,
3265 2867 3425 2919 non
3517 2850 3785 2940 potest

2233 2963 2421 3056 poni
2466 2964 2794 3036 causari
2847 2964 2927 3036 in
3001 2967 3395 3055 tempore,
3441 2967 3784 3056 propter

2232 3080 2540 3153 similes
2622 3080 3173 3173 probationeS,
3257 3100 3429 3172 quae
3529 3099 3780 3174 supra

2228 3202 2469 3273 tactae
2513 3201 2699 3271 sunt
2743 3196 2823 3269 in
2861 3199 3205 3269 secundo
3259 3200 3775 3289 argumento,

2232 3317 2322 3386 In
2389 3313 2815 3407 proposito
2877 3314 3126 3387 etiam
3167 3319 3292 3386 cst
3327 3313 3542 3388 ratio
3605 3333 3780 3404 spe-

2227 3430 2485 3513 cialis,
2559 3430 2747 3522 quia
2818 3431 3068 3502 verba
3127 3428 3804 3518 consecrationis,

2225 3547 2771 3621 Eucharistiae
2848 3568 3009 3620 non
3070 3552 3413 3639 possunt
3480 3546 3777 3618 habere

2222 3665 2627 3739 actionem
2674 3666 3044 3756 respectu
3088 3663 3777 3738 transubstantia-

2221 3781 2472 3856 tionis
2517 3801 2654 3852 seu
2689 3779 3254 3872 dispositionis
3287 3779 3773 3853 necessariae

2219 3899 2316 3972 ad
2346 3895 3343 3980 transubstantiationem,
3381 3896 3568 3988 quia
3611 3917 3770 3968 non

2222 4014 2450 4107 prius
2524 4017 2777 4104 agunt
2819 4012 3040 4086 circa
3117 4032 3476 4105 passum,
3526 4031 3765 4104 quam

2217 4132 2559 4222 tangant
2622 4130 2887 4221 ipsum
2950 4130 3383 4201 secundum
3452 4151 3619 4213 eos,
3683 4135 3764 4204 et

2218 4247 2649 4320 secundum
2677 4244 3265 4337 Philosophum
3295 4248 3361 4318 7.
3405 4249 3756 4334 Plzysicor.
3814 4254 3962 4305 Text.
3995 4260 4083 4310 ει.

2213 4364 2303 4436 de
2340 4363 2754 4437 simultate
2787 4361 3103 4453 agentis
3135 4365 3214 4434 et
3248 4361 3492 4452 passi.
3531 4363 3760 4435 Nunc

2213 4484 2483 4552 autem
2518 4478 2599 4550 in
2634 4477 2975 4551 instanti
3007 4477 3435 4569 completae
3497 4477 3758 4570 prola-

2210 4595 2459 4669 tionis
2499 4593 2852 4667 'nondum
2887 4594 3195 4686 species
3224 4594 3553 4666 illorum
3583 4615 3758 4667 ver·

2207 4711 2496 4784 borum
2600 4716 2949 4801 tangunt
3042 4710 3393 4803 speciem
3491 4710 3749 4803 panis,

2207 4827 2393 4918 quia
2457 4824 3034 4917 multiplicatio
3109 4825 3288 4897 soni
3340 4825 3420 4896 et
3490 4844 3755 4897 sensa-

2202 4942 2317 5016 tio
2390 4962 2551 5014 non
2581 4941 2672 5014 fit
2703 4939 2862 5012 nisi
2929 4940 3441 5032 intempore,
3481 4960 3751 5013 secun-

2198 5059 2384 5131 dum
2430 5056 3014 5149 Philosophum
3057 5060 3133 5124 in
3171 5058 3253 5124 de
3281 5079 3475 5124 sensu
3509 5069 3570 5123 et
3597 5080 3749 5123 sen-

2194 5188 2361 5256 sate,
2405 5175 2820 5242 dubitatione
2864 5174 3280 5260 penultima:
3339 5188 3539 5261 ergo
3602 5190 3746 5262 per

2194 5293 2514 5381 tempus
2549 5293 2733 5381 post
2764 5290 3077 5361 instans
3112 5287 3490 5362 ultimum
3532 5309 3743 5360 com·

2191 5407 2429 5500 pletae
2504 5405 2989 5499 prolationis
3019 5404 3483 5488 verborum,
3551 5425 3744 5477 non-

2184 5524 2372 5595 dum
2415 5521 3190 5597 transubstantiatio
3284 5520 3504 5595 facta
3580 5527 3730 5610 est,
