4287 6313
163 2189 341 2240 Gratia»

134 2252 251 2302 datio
301 2269 379 2304 au

134 2316 382 2379 principa-

124 2438 131 2443 ·
208 2377 299 2426 lius

120 2439 406 2504 mtenditur,

179 2518 326 2566 quam

166 2564 342 2628 peccati

132 2628 381 2691 expulsio!

226 4079 298 4129 ¹0.

106 5368 148 5417 5.
175 5376 223 5420 et
254 5372 327 5421 u.
359 5376 413 5421 et

113 5434 411 5483 Numan.

135 5495 392 5546 Sum-incia

1612 401 1805 467 Dls‘r.
1852 399 1899 463 1.
1934 399 2296 480 QUAESTIO
2331 401 2429 465 Vl.

3517 396 3625 460 221

433 561 777 635 medium
848 561 928 634 in
981 562 1245 656 specie
1313 561 1692 645 humana,
1758 561 1974 636 inter
2079 563 2413 655 alepra,
2450 566 2531 636 et
2576 561 2763 635 aliis
2822 552 3313 653 hujusmodi.
3364 559 3623 632 Erant

428 678 685 752 filium
741 681 972 773 regni
1022 684 1100 754 et
1151 680 1410 755 filium
1465 680 1969 774 perditionis,

431 795 741 870 scilicet
812 797 1057 870 homo
1123 798 1202 868 in
1280 798 1507 890 puris
1584 795 1975 871 naturali-

425 913 596 995 bus»,
678 916 954 986 tamen
1035 914 1472 987 secundum
1532 914 1792 1006 legem
1857 933 1975 985 sa·

430 1028 755 1120 pientiae
807 1028 1122 1112 divinae,
1163 1034 1347 1121 post
1395 1030 1718 1123 lapsum
1809 1029 1978 1101 nul-

429 1144 601 1217 lum
642 1148 765 1217 est
815 1145 1159 1219 medium
1206 1146 1420 1220 inter
1451 1148 1806 1239 gratum,
1847 1146 1981 1240 qui

431 1266 556 1336 est
594 1260 812 1334 filius
856 1262 1112 1354 regni,
1159 1265 1239 1336 et
1264 1268 1801 1355 peccatorem,
1849 1263 1982 1356 qui

430 1385 557 1453 est
606 1379 821 1451 filius
863 1378 1249 1453 carceris.
1299 1381 1464 1452 Nec
1534 1383 1803 1472 potest
1864 1399 1986 1451 es-

432 1516 518 1568 se
565 1494 965 1587 loquendo
1007 1495 1098 1568 de
1163 1495 1527 1588 potentia
1580 1495 1980 1575 ordinata.

432 1610 507 1684 id
575 1615 726 1701 est,
764 1611 1172 1685 conformi
1223 1611 1536 1703 legibus
1589 1631 1634 1683 a
1679 1611 1989 1704 sapien-

429 1727 549 1801 tia
641 1734 721 1803 et
805 1729 1233 1803 voluntate
1344 1727 1616 1800 divina
1719 1728 1990 1801 deter-

442 1845 802 1928 minatis,
876 1850 956 1920 et
1027 1846 1200 1918 ideo
1270 1846 1583 1917 nullum
1660 1846 1984 1929 liberat,

434 1984 581 2037 nec
616 1962 729 2037 sic
764 1962 1120 2036 liberare
1152 1967 1424 2057 potest
1455 1984 1501 2035 a
1535 1963 1794 2057 culpa,
1831 1965 1991 2039 nisi

435 2080 566 2153 cui
608 2079 745 2154 dat
785 2080 1171 2171 gratiam.

527 2197 738 2269 Addo
835 2196 1084 2270 etiam
1179 2199 1471 2270 contra
1561 2194 1988 2270 secundam

436 2312 933 2405 opinionem,
1000 2313 1205 2406 quod
1262 2312 1832 2405 principaliter
1886 2310 1992 2386 in-

436 2429 798 2504 tenditur
849 2429 1125 2521 gratia
1180 2429 1260 2501 in
1312 2429 1986 2514 Circumcisione,

440 2548 647 2641 quod
688 2549 966 2642 probo,
1023 2548 1214 2641 quia
1265 2568 1512 2639 agens
1556 2548 1991 2623 secundum

440 2668 755 2737 rectam
799 2665 1229 2746 rationem,
1290 2664 1830 2758 principalius
1884 2665 1992 2736 in-

434 2782 699 2856 tendit
759 2780 1373 2875 perfectionem,
1422 2801 1661 2874 quam
1721 2801 1994 2854 caren-

432 2896 641 2970 tiam
672 2896 1058 2979 defectus,
1099 2896 1268 2969 sive
1312 2895 1988 2990 imperfectioniS,

436 3010 633 3103 quia
672 3031 831 3083 non
868 3011 1208 3085 intendit
1243 3011 1469 3084 illam
1504 3012 1988 3094 carentiam,

430 3128 602 3202 nisi
674 3132 1014 3223 propter
1087 3129 1701 3224 perfectionem.
1772 3133 1989 3205 Deus

431 3267 641 3339 ergo
705 3247 785 3319 in
857 3247 1355 3323 instituendo
1419 3248 1992 3324 Circumcisio-

433 3389 625 3442 nem
709 3371 927 3457 (cum
1010 3370 1119 3445 sit
1206 3391 1455 3463 agens
1553 3372 1992 3445 secundum

440 3490 755 3560 rectam
883 3485 1357 3576 rationem)
1457 3487 1994 3580 principalius

438 3602 785 3676 intendit
850 3602 1441 3695 perfectionem
1521 3604 1989 3697 positivam,

437 3722 637 3810 puta
740 3717 1097 3810 gratiam
1200 3739 1441 3811 quam
1531 3719 1988 3793 carentiam

432 3830 1114 3926 imperfectioniS,
1233 3834 1308 3907 id
1419 3838 1570 3918 est,
1682 3835 1995 3929 peccati

440 3950 910 4042 originalis,

533 4067 640 4161 (j)
680 4068 986 4150 Tertio,
1045 4072 1389 4162 propter
1437 4070 2000 4144 confirmatio-

440 4203 630 4256 nem
674 4183 962 4276 primae
1022 4184 1455 4278 opinionis,
1509 4189 1599 4260 et
1639 4185 1999 4259 auctori·

443 4302 662 4373 tates
714 4303 1232 4382 Sanctorum,
1276 4300 1604 4373 declaro
1642 4301 2001 4392 qualiter

444 4415 726 4489 Sancti
760 4402 1236 4505 ⁴intelligunt
1291 4417 1825 4490 Sacramenta
1874 4435 1999 4488 ve·

386 4604 404 4621 ,
444 4531 653 4605 teris
685 4530 892 4622 legis
933 4550 1094 4602 non
1128 4530 1573 4604 contulisse
1611 4530 1994 4623 gratiam.

442 4652 957 4716 Sacramentum
1037 4648 1278 4729 enim,
1335 4650 1468 4738 (ut
1516 4647 1821 4721 dictum
1874 4650 2001 4721 est

442 4757 735 4856 prius,)
774 4766 1042 4856 potest
1094 4761 1356 4855 accipi
1418 4762 1872 4855 improprie
1921 4766 2001 4837 et

441 4880 811 4970 proprie;
854 4881 935 4952 et
972 4876 1286 4968 quidem
1332 4876 1413 4948 in
1471 4876 1613 4948 illa
1661 4875 1840 4968 lege
1888 4874 2002 4947 fu-

436 4996 685 5067 erunt
754 4992 1014 5065 multa
1079 4992 1296 5067 dicta
1363 4991 1817 5085 improprie
1870 4994 2003 5066 Sa-

437 5112 895 5192 cramenta,
943 5108 1255 5181 scilicet
1319 5107 1846 5201 purgationes
1905 5109 2004 5180 ab

440 5226 991 5302 immunditiis
1023 5224 1482 5300 contractis
1567 5224 2001 5298 secundum

442 5343 736 5434 legem,
768 5346 853 5415 ut
884 5347 1106 5436 patet
1141 5343 1222 5414 in
1259 5342 1653 5424 Levitico,
1690 5343 1781 5414 de
1820 5363 2005 5436 pur-

436 5458 781 5551 gatione
832 5477 880 5530 a
925 5461 1146 5531 tactu
1232 5457 1674 5540 morticini,
1724 5478 1870 5551 per
1926 5479 2003 5532 a·

442 5594 692 5670 quam
714 5573 1236 5668 expiationiS,
1272 5579 1356 5650 et
1386 5574 1477 5647 de
1511 5574 2003 5667 purgatione

3681 583 3697 626 ψ.
3725 547 3929 624 vetaris·
3982 593 3986 599 .

3682 628 3961 681 improprie

2085 680 2333 754 etiam
2406 680 2512 752 ibi
2571 681 3102 755 Sacramenta
3179 674 3632 770 improprie
3664 680 3973 730 Sacramen-

2085 797 2322 881 dicta,
2415 798 2577 870 alia
2653 797 2752 870 ab
2820 797 3025 881 istis,
3114 800 3390 870 tamen
3452 795 3630 888 plus

2088 915 2551 990 accedentia
2593 917 2690 989 ad
2724 915 3333 1010 perfectionem,
3368 913 3633 1007 cujus-

2092 1031 2304 1103 modi
2357 1037 2595 1105 erant
2639 1031 3091 1105 oblationes
3127 1024 3628 1110 hostiaru‘m;

2089 1144 2261 1217 haec
2318 1146 2534 1218 enim
2597 1145 3109 1239 pertinebant
3161 1144 3256 1216 ad
3324 1144 3635 1217 cultum

2093 1262 2361 1336 latriae
2415 1283 2562 1356 pro
2606 1268 2998 1356 tempore,
3064 1261 3144 1334 in
3205 1282 3359 1353 quo
3419 1263 3635 1334 Deus

2091 1378 2354 1453 voluit
2398 1378 2514 1452 sic
2556 1379 2712 1453 coli
2751 1404 2766 1461 ;
2840 1379 3024 1451 haec'
3062 1383 3142 1452 et
3214 1377 3382 1460 illa,
3425 1377 3636 1450 scili-

2097 1501 2225 1570 cet
2304 1495 2833 1589 purgationes
2887 1501 2967 1570 et
3046 1494 3458 1569 sacrificia
3530 1494 3637 1568 si-

2096 1635 2193 1685 ve
2230 1613 2705 1698 oblationeS,
2741 1613 3216 1686 dicebantur
3254 1631 3638 1685 caeremo-

2098 1729 2252 1803 niae
2338 1733 2417 1803 et
2521 1730 2974 1823 improprie
3072 1731 3629 1802 Sacramenta.

2189 1849 2291 1921 Et
2357 1849 2448 1920 de
2514 1847 2698 1920 istis
2768 1846 3143 1930 concedo,
3217 1845 3421 1938 quod
3479 1865 3639 1918 non

2100 1966 2545 2040 causabant
2585 1965 2944 2056 gratiam
2988 1968 3371 2056 tanquam
3408 1964 3643 2055 signa

2097 2080 2460 2156 efficacia
2494 2087 2867 2174 respectu
2914 2081 3233 2173 gratiae,
3268 2102 3365 2155 eo
3410 2081 3641 2155 modo

2102 2221 2258 2292 quo
2319 2198 2784 2292 expositum
2846 2201 2968 2271 est
3032 2198 3112 2270 in
3181 2197 3645 2273 definitione

2104 2316 2637 2400 Sacramenti,
2742 2318 2876 2390 sed
2963 2322 3235 2390 tamen
3318 2316 3398 2389 in
3484 2317 3646 2390 illis

2104 2432 2681 2507 conferebatur
2765 2434 3037 2525 gratia
3088 2454 3232 2526 per
3327 2433 3648 2506 modum

2107 2551 2405 2633 meriti,
2450 2549 2643 2624 licet
2687 2549 2938 2641 aliqui
2992 2569 3295 2641 negare
3338 2550 3648 2623 videan-

2104 2671 2268 2751 tur,
2335 2668 2540 2761 quod
2601 2666 2679 2738 in
2755 2665 3054 2740 talibus
3130 2686 3229 2738 ex
3295 2665 3649 2740 charita·

2106 2789 2184 2858 te
2241 2783 2480 2858 factis
2514 2783 3036 2857 conferretur
3092 2783 3389 2875 gratia.
3475 2784 3646 2856 Hoc

2103 2899 2317 2972 enim
2397 2900 2719 2973 videtur
2786 2900 3030 2973 nimis
3110 2902 3426 2983 durum,
3501 2899 3647 2974 sci-

2103 3016 2296 3091 licet
2384 3017 2589 3110 quod
2678 3016 2973 3109 aliquis
3060 3038 3159 3090 ex
3244 3016 3650 3091 charitate

2101 3139 2182 3210 et
2227 3133 2678 3209 obedientia
2721 3135 2829 3210 sit
2871 3155 3207 3209 servans
3248 3133 3400 3209 Dei
3453 3154 3653 3227 prae-

2104 3254 2456 3344 ceptum,
2540 3256 2619 3325 et
2696 3270 2857 3322 non
2945 3254 3386 3324 mereatur.
3478 3250 3652 3323 Hoc

2100 3368 2357 3442 etiam
2413 3367 2736 3442 videtur
2778 3368 3472 3442 irrationabiliter
3503 3367 3658 3440 dic-

2108 3489 2317 3563 tum,
2422 3485 2631 3577 quod
2719 3487 2933 3558 Deus
3019 3484 3263 3558 alicui
3346 3484 3653 3557 dederit

3774 744 3850 789 ta.

2108 3609 2630 3695 praeceptum,
2723 3602 3004 3675 nolens
3086 3603 3655 3675 observantem
3727 3699 3734 3708 .

2110 3724 2609 3812 praeceptum
2657 3719 2981 3800 mereri,
3038 3724 3657 3811 quantumcum-

2109 3857 2260 3928 que
2291 3857 2390 3908 ex
2421 3835 2740 3909 charite
2782 3841 2862 3909 et
2899 3834 3355 3909 obedientia
3391 3835 3658 3906 obser-

2106 3955 2377 4035 varet;
2433 3973 2643 4025 nunc
2696 3956 2969 4025 autem
3016 3953 3108 4024 de
3155 3951 3353 4025 'istis
3404 3971 3654 4025 caere-
3731 4035 3732 4038 Ν

2112 4067 2433 4154 moniiS‚
2497 4071 2669 4141 tam
2719 4062 3340 4161 purgationibus
3415 4087 3654 4159 quam

2112 4184 2679 4265 oblationibus,
2729 4177 3139 4277 praecepta
3185 4184 3372 4256 data
3419 4192 3656 4259 erant

2112 4298 2194 4369 in
2237 4298 2377 4371 illa
2430 4299 2630 4389 lege.
2689 4300 2920 4372 Patet
2973 4299 3052 4371 in
3098 4298 3376 4373 multis
3419 4298 3649 4381 locis,

2106 4418 2185 4487 et
2267 4410 2742 4506 quandoque
2815 4415 3138 4488 videtur
3221 4435 3320 4486 ex
3390 4417 3645 4498 textu,

2112 4532 2320 4624 quod
2372 4537 2558 4606 sunt
2598 4538 3009 4625 praecepta
3056 4532 3523 4605 necessaria
3555 4533 3650 4605 ad

2114 4649 2488 4732 Salutem,
2537 4654 2762 4738 puta:
2804 4654 2936 4727 Qui
2959 4639 3368 4739 praeterierit
3406 4675 3474 4719 se
3524 4654 3654 4719 cus·
3686 4669 3899 4722 Numer.
3931 4672 4008 4723 ¹5.

3689 4739 3741 4782 et
3774 4733 3850 4786 19.
3876 4734 4008 4785 vide

2113 4768 2289 4834 lrari
2340 4767 2427 4833 de
2472 4789 2646 4854 aqua
2699 4768 3052 4854 praedicta,
3119 4769 3365 4855 peribit
3424 4769 3658 4835 anima
3691 4796 3848 4861 gloss.
3898 4795 4000 4849 ibi.

2113 4884 2237 4949 illa
2279 4882 2362 4948 de
2395 4883 2642 4968 populo
2688 4903 2845 4963 su03
2903 4899 3078 4972 quae
3125 4881 3657 4955 comminatio

2113 5006 2522 5083 nunquam
2621 4993 2977 5084 ponitur,
3059 4994 3219 5067 nisi
3310 4993 3406 5068 ad
3463 4996 3663 5069 desi-

2110 5108 2511 5200 gnandam
2576 5107 3323 5200 transgressionem
3358 5110 3666 5204 peccati

2119 5223 2535 5310 mortalis;
2582 5244 2781 5317 ergo
2824 5226 2868 5297 J
2879 5225 3080 5299 udaei
3111 5246 3212 5299 ex
3253 5227 3663 5303 charitate

2120 5341 2652 5417 observantes
2737 5339 3270 5420 Sacramenta
3354 5346 3662 5439 impro-

2115 5460 2293 5551 prie
2323 5460 2563 5541 dicta,
2590 5466 3068 5536 meruerunt
3108 5462 3495 5553 gratiam,
3532 5460 3657 5534 vel

2117 5581 2648 5667 augmentum
2695 5576 2895 5671 ejus,
2960 5578 3029 5652 si
3075 5597 3257 5653 eam
3298 5578 3473 5672 jam
3521 5577 3658 5651 ha‹

3694 5273 3994 5326 Sacramen-

3707 5397 3780 5448 im
3815 5344 3989 5470 rtgpria

3801 5477 3864 5524 ὃς
3869 5477 3916 5531 ¹⁸,

3756 5528 3947 5572 veteris

3753 5585 3949 5640 dabant
