4287 6313
1750 412 1946 478 msr.
1989 416 2063 479 ιι.
2105 416 2467 494 QUAEsno
2512 416 2559 479 1.

550 583 620 643 et
661 582 894 652 morte,
956 579 1023 641 in
1068 579 1306 657 quibus
1350 578 1767 657 principalius
1816 540 2095 640 etcom-

550 697 730 773 plete
762 695 1064 759 meritum
1093 694 1327 757 Christi
1361 695 1674 768 consistit,
1711 695 1822 774 qui
1864 710 2098 757 recon-

317 925 434 976 Alia

218 989 532 1101 intettigreta-

209 1711 297 1764 Aa
307 1710 539 1762 tertium.

296 1774 478 1826 Gratia

256 1838 517 1904 quomodo

295 1902 462 1963 gratis

305 1962 449 2016 data.

236 2696 541 2763 Explicatur

265 2760 507 2890 opeffiebus

266 2888 506 3002 salgtdem.

219 3273 269 3324 D
282 3310 297 3323 .
348 3271 517 3341 Thom
530 3305 542 3318 .

237 3338 501 3401 Augusun
511 3368 525 3382 .

272 4221 508 4276 Intendit

313 4284 479 4336 etiam

311 4345 489 4413 quoad
510 4406 519 4414 ·

222 4413 468 4463 effectum
507 4422 562 4455 m

221 4472 556 4527 executione.

557 812 793 874 ciliavit
822 828 945 873 nos
988 814 1054 875 in
1098 811 1424 891 sanguine
1453 827 1599 874 suo,

632 929 771 992 Alio
820 928 1017 990 modo
1061 928 1340 1008 intelligi
1370 934 1588 1006 potest
1640 927 1816 990 dicta
1862 926 2100 990 solutio

554 1064 688 1111 non
733 1046 816 1110 de
876 1048 1120 1111 effectu
1162 1047 1390 1128 gratiae
1436 1046 1929 1120 sanctificantiS,
1984 1045 2105 1108 sed

558 1163 641 1225 de
684 1164 845 1236 aliiS,
893 1169 966 1225 ut
1022 1167 1125 1225 est
1180 1164 1429 1241 apertio
1483 1163 1728 1243 januae,
1797 1168 2107 1241 tanquam

557 1279 894 1357 dispositio
926 1278 1156 1341 ultima
1205 1278 1292 1341 ad
1339 1279 1644 1359 gloriam,
1694 1278 1776 1340 de
1823 1294 1953 1357 quo
1988 1295 2105 1339 su-

560 1410 713 1472 pra;
748 1393 850 1454 hic
890 1398 1114 1456 autem
1160 1394 1436 1456 effectus
1487 1411 1621 1455 non
1671 1392 2106 1454 conveniebat

559 1511 917 1589 Baptismo,
950 1511 1073 1574 nisi
1111 1515 1261 1589 post
1308 1511 1688 1589 passionem
1727 1511 2106 1573 exhibitam.

643 1624 745 1687 Ad
807 1626 1069 1689 tertium
1129 1625 1507 1704 respondet,
1577 1627 1866 1702 qratiam
1921 1624 2111 1685 nobis

571 1740 847 1805 conferri
903 1742 1107 1821 gratis
1161 1742 1530 1819 respective
1575 1740 1660 1803 ad
1718 1741 1951 1802 merita
2000 1756 2111 1800 no·

567 1866 718 1931 stra,
755 1864 821 1919 et
860 1858 1151 1937 loquitur
1183 1856 1266 1919 de
1297 1857 1504 1937 gratia
1547 1859 1755 1932 prima
1789 1864 1854 1918 et
1878 1854 2113 1936 justifi-

567 1978 781 2045 cante,
814 1989 948 2035 non
995 1976 1216 2035 tamen
1244 1972 1613 2049 respective
1643 1969 1730 2032 ad
1773 1972 2007 2034 merita
2050 1974 2116 2031 et

564 2093 944 2168 passionem
974 2088 1228 2159 Christi,
1263 2088 1374 2167 qui
1405 2103 1552 2150 eam
1604 2086 1797 2151 nobis
1847 2085 2113 2160 meruit,

566 2212 631 2268 et
668 2204 737 2265 in
794 2204 992 2282 priori
1049 2220 1254 2266 sensu
1312 2202 1700 2283 intelligitur
1761 2203 2117 2281 Apostolus

565 2325 654 2385 ad
699 2324 1022 2384 Romanos
1050 2323 1109 2384 9.
1146 2320 1345 2382 Addit
1386 2318 1554 2380 infra
1613 2319 1868 2381 nullum
1917 2314 2119 2379 fuisse

564 2438 634 2498 in
676 2438 988 2514 operibus
1020 2438 1138 2499 Dei
1169 2435 1443 2515 aliquod
1475 2452 1668 2497 merae
1699 2436 1925 2515 gratiae
1952 2448 2119 2510 prae-

573 2556 671 2613 ter
711 2553 920 2613 solam
962 2550 1509 2614 incarnationem.

651 2670 962 2745 Loquitur
1002 2666 1087 2730 de
1143 2667 1450 2744 operibus
1506 2664 2120 2742 supernaturalibus

576 2782 1173 2862 praedestinationis
1204 2787 1271 2845 et
1313 2782 1695 2856 vocationis,
1744 2785 1812 2842 et
1852 2780 2122 2859 reliquis

578 2898 1082 2977 disponentibus
1126 2897 1207 2960 ad
1272 2900 1494 2972 vitam,
1563 2911 1697 2958 non
1758 2899 1980 2956 autem
2040 2893 2122 2955 de

574 3016 1003 3089 naturalibuS,
1064 3013 1301 3093 quibus
1381 3028 1621 3075 nomen
1681 3014 1910 3089 qratiae
1990 3026 2125 3072 non

575 3128 1133 3203 accommodatur,
1182 3127 1448 3208 quando
1486 3143 1618 3190 non
1652 3124 1998 3190 conferunt
2039 3122 2125 3186 ad

575 3250 881 3322 salutem,
932 3251 1004 3308 ut
1035 3251 1216 3309 recte
1254 3245 1328 3308 D.
1373 3246 1657 3307 Thomas
1691 3246 1742 3305 l.
1791 3246 1852 3307 2.
1901 3249 2119 3321 quaesc.

583 3371 715 3430 lll.
752 3373 876 3427 ari.
922 3367 984 3429 9.
1018 3371 1088 3426 ut
1132 3367 1316 3441 patet
1346 3379 1427 3425 ex
1469 3362 1835 3441 Augustino
1883 3355 1993 3421 lib.
2051 3360 2127 3420 de

567 3485 864 3564 praedest.
928 3486 1147 3544 Sanct.
1209 3497 1347 3555 cap.
1390 3480 1451 3540 5.
1506 3479 1683 3555 epist.
1736 3478 1837 3540 95.
1885 3481 1943 3537 et
1992 3477 2125 3540 105.

576 3601 944 3679 incongrue
1020 3597 1197 3658 enun
1250 3597 1476 3672 qratia
1555 3592 1882 3670 dicuntur,
1958 3593 2128 3673 stylo

579 3717 1082 3794 scripturarum,
1119 3712 1273 3774 licet
1314 3713 1516 3792 gratis
1575 3708 1838 3785 dentur,
1886 3708 1952 3771 id
2002 3713 2126 3785 est,

579 3836 721 3897 sine
752 3831 999 3894 meritis
1029 3832 1292 3902 nostriS,
1345 3831 1411 3889 et
1455 3828 1645 3888 etiam
1677 3830 1820 3890 sine
1855 3824 2132 3907 disposi-

585 3954 762 4014 tione
808 3946 1086 4010 naturali
1117 3944 1385 4023 praevia,
1417 3946 1492 4004 ut
1533 3947 1716 4021 patet
1748 3960 1833 4004 ex
1862 3942 2132 4019 epistola

584 4068 684 4130 95.
719 4068 938 4129 citata.

670 4199 974 4278 Loquitur
1019 4197 1219 4257 etiam
1251 4194 1335 4256 de
1380 4191 1693 4272 operibus
1722 4192 1788 4253 in
1834 4190 2133 4252 executi-

590 4333 716 4381 one
795 4321 861 4378 et
933 4314 1196 4382 effectu,
1270 4325 1401 4371 non
1462 4315 1680 4372 autem
1766 4305 2131 4369 secundum

590 4446 1078 4515 quemcumque
1122 4434 1340 4491 actum
1385 4429 1717 4487 internum
1748 4424 1973 4486 divinae
2016 4441 2133 4485 vo-

585 4550 875 4619 luntatis,
933 4553 1251 4625 quantum
1307 4542 1388 4605 ad
1448 4542 1907 4614 intentionem,
1985 4539 2137 4616 quia

583 4681 702 4743 per
743 4665 956 4742 ipsum
1004 4660 1234 4722 electio
1294 4656 1379 4719 ad
1448 4656 1727 4737 gloriam
1792 4669 1924 4716 nou
1984 4670 2139 4732 sup-

580 4782 765 4861 ponit
808 4778 1062 4850 merita‚
1110 4780 1339 4852 estque
1371 4773 1636 4834 omnino
1679 4772 1966 4851 gratuita
2013 4771 2141 4834 boc

584 4897 845 4969 mod03
909 4892 1045 4973 agit
1090 4907 1248 4970 ergo
1310 4889 1392 4951 de
1456 4891 1613 4968 ipsis
1679 4888 1991 4966 operibus
2056 4887 2141 4950 ad

588 5021 790 5087 extra,
828 5017 895 5075 et
936 5009 1277 5088 supposito
1316 5007 1536 5084 lapsu.
1594 5004 1928 5084 Quidquid
1975 5021 2137 5085 ergo

586 5129 741 5191 facit
783 5126 867 5189 ad
930 5126 1236 5197 salutem,
1301 5121 1525 5183 datum
1575 5125 1675 5181 est
1730 5119 1923 5180 nobis
1975 5135 2136 5197 pro-

590 5251 738 5326 pter
791 5244 1115 5306 Christum
1181 5240 1464 5318 eJusque
1509 5238 1742 5299 merita
1812 5242 1877 5299 et
1933 5238 2140 5313 passi·

590 5381 812 5435 onem,
847 5366 920 5423 ut
967 5359 1293 5436 Scriptura
1331 5362 1397 5417 et
1440 5356 1665 5416 Patres
1700 5352 1943 5415 docent
1993 5369 2147 5413 con·

596 5485 693 5542 tra
752 5475 1164 5557 Pelagianos.
1256 5470 1449 5549 Quod
1519 5473 1571 5533 si
1657 5467 1936 5545 amplius
2020 5467 2149 5529 boc

599 5594 988 5678 principium
1070 5591 1265 5655 latius
1355 5582 1776 5668 interpretari
1834 5582 2145 5663 voluerIS,

675 5679 692 5708 ς
1974 5697 1980 5706 .

3659 423 3771 483 251

2213 580 2558 658 supposita
2601 584 2932 645 sententia
2977 582 3273 646 Doctoris
3317 585 3387 644 in
3417 584 3477 645 3.
3525 585 3668 645 disi.
3703 585 3763 644 7.
3847 606 4087 659 Exaensio

2217 705 2434 775 quaesc.
2470 701 2529 761 3.
2560 716 2805 778 nempe
2849 701 3332 763 incarnandum
3374 700 3577 770 filium
3623 702 3766 784 Dei,
3838 669 4094 800 priffissffi

2217 813 2474 875 etiamsi
2529 827 2661 876 non
2718 824 3066 893 peccasset
3106 817 3341 889 Adam,
3412 835 3613 897 quern
3657 836 3765 881 se·

2218 927 2438 1005 quitur
2485 929 2725 991 Suarez
2756 933 2821 992 in
2850 932 2910 993 3.
2936 941 3115 1008 pari.
3166 940 3318 995 tom.
3384 938 3436 997 1.
3471 936 3617 997 dist.
3665 937 3769 999 42.

2218 1050 2274 1103 ec
2296 1042 2657 1120 proleqom.
2710 1046 2769 1106 3.
2832 1049 2909 1107 de
2949 1049 3197 1123 qratia,
3230 1064 3375 1124 cap.
3404 1050 3464 1109 2.
3512 1049 3580 1108 in
3617 1049 3768 1123 fine,

2222 1158 2571 1221 dicendum
2607 1165 2729 1238 est,
2762 1163 2978 1223 omnia
3023 1162 3220 1238 dona,
3253 1163 3390 1226 sive
3427 1166 3769 1239 naturalia,

2221 1275 2357 1337 sive
2401 1279 2947 1357 supernaturalia,
2994 1276 3196 1343 fuisse
3240 1297 3323 1343 ex
3372 1281 3622 1344 Christo
3671 1300 3773 1343 ca-

2221 1392 2380 1469 pite,
2432 1394 2583 1471 quia
2613 1394 2698 1455 ad
2730 1394 2975 1458 Coloss.
3031 1402 3086 1462 l.
3145 1402 3278 1475 lpse
3327 1404 3413 1460 esi
3452 1400 3773 1477 primoye-
3882 1407 4066 1457 Omnia

2221 1511 2398 1572 nitus
2467 1514 2673 1573 omnis
2727 1520 3066 1586 creaturae,
3140 1518 3445 1590 quoniam
3503 1522 3568 1579 in
3638 1519 3774 1593 ipso
3856 1469 4077 1584 &33²2th

2226 1628 2481 1688 condita
2510 1633 2654 1689 suni
2689 1631 2989 1690 universa
3039 1632 3106 1690 in
3154 1631 3309 1692 coelo
3354 1636 3410 1692 et
3459 1634 3526 1693 in
3569 1639 3772 1706 terra,

2222 1743 2499 1805 visibilia
2531 1750 2585 1805 ec
2630 1746 3007 1817 invisibilia,
3039 1750 3171 1809 sive
3211 1749 3452 1821 throni,
3484 1752 3618 1812 sive
3660 1753 3779 1812 do-

2225 1860 2632 1934 minationes,
2683 1862 2816 1923 sive
2835 1864 3263 1940 principatus,
3314 1870 3444 1928 sive
3494 1871 3782 1944 potesla-

2227 1983 2339 2048 lcs,
2397 1977 2617 2038 omnia
2668 1995 2787 2053 per
2844 1983 3084 2054 ipsum,
3145 1985 3201 2041 et
3259 1983 3326 2042 in
3369 1985 3506 2057 ipso
3562 1991 3784 2045 creata

2226 2097 2391 2165 sunt,
2440 2093 2660 2169 etipse
2702 2100 2848 2155 ante
2880 2110 3124 2169 omnes,
3170 2102 3227 2157 ei
3259 2099 3481 2159 omnia
3526 2100 3594 2159 in
3639 2101 3777 2175 ipso

2230 2215 2536 2285 constant,
2573 2218 2695 2274 etc.
2730 2213 2914 2274 Ratio
2950 2217 3074 2286 est,
3128 2215 3278 2293 quia
3333 2219 3652 2279 naturalia
3702 2217 3789 2280 ad

2231 2329 2756 2406 supernaturalia
2811 2330 3241 2406 reducuntur,
3306 2340 3584 2413 utraque
3629 2352 3786 2412 pro-

2231 2449 2380 2523 pter
2428 2445 2952 2522 praedestinatos,
3013 2448 3453 2523 praedestinati
3522 2458 3791 2529 propter

2234 2562 2581 2636 Christum,
2618 2564 2907 2626 Christus
2952 2571 3179 2628 autem
3230 2575 3503 2646 propter
3547 2570 3781 2645 Deum,

2241 2682 2293 2740 l.
2341 2679 2426 2740 ad
2470 2678 2758 2742 Corinth.
2794 2683 2851 2743 3.
2906 2686 3136 2744 Omnia
3168 2685 3335 2746 enim
3363 2690 3574 2746 vestra
3616 2692 3785 2759 sunt,

2235 2797 2366 2856 sive
2410 2794 2675 2867 Paulus,
2718 2799 2848 2856 sive
2884 2797 3134 2872 Apollo,
3179 2800 3309 2860 sive
3358 2800 3627 2875 cephas,
3658 2803 3790 2863 sive

2237 2910 2394 2981 vita,
2439 2911 2574 2969 sive
2617 2924 2816 2984 mors,
2860 2913 2990 2971 sive
3037 2915 3409 2988 praesentia,
3443 2915 3574 2977 sive
3599 2917 3784 2992 futu-

2238 3041 2344 3101 ra,
2392 3027 2613 3087 omnia
2638 3030 2852 3088 vestra
2885 3033 3053 3100 sunt,
3104 3045 3212 3091 vos
3260 3036 3477 3091 autem
3530 3032 3786 3108 Christi,

2246 3142 2532 3206 Christus
2600 3147 2816 3203 autem
2879 3148 3020 3218 Dei,
3078 3149 3204 3208 etc.
3274 3145 3562 3209 Christus
3628 3166 3788 3230 ergo

2242 3257 2470 3320 habuit
2510 3256 2826 3319 influxum
2870 3259 3099 3336 capitis
3149 3261 3520 3324 secundum
3571 3266 3791 3329 omnia

2245 3371 2417 3434 dona
2463 3387 2802 3446 concessa,
2851 3374 3129 3453 ejusque
3181 3376 3420 3439 intuitu
3475 3396 3793 3443 concessa

2244 3495 2418 3563 sunt,
2484 3493 2550 3549 et
2607 3489 2693 3550 ita
2757 3505 2890 3550 non
2945 3491 3149 3569 gratis
3222 3491 3395 3564 data,
3468 3495 3794 3559 sumendo

2243 3605 2535 3681 qratiam
2564 3604 2715 3677 late,
2746 3608 2818 3664 ut
2866 3605 3154 3669 excludit
3205 3624 3474 3671 omnem
3528 3626 3794 3673 causam

2247 3725 2426 3780 extra
2459 3720 2694 3796 Deum,
2729 3725 2799 3781 ut
2827 3721 3061 3798 saepius
3108 3726 3408 3797 sumitur,
3464 3735 3794 3805 quatenus

2246 3836 2599 3914 opponitur
2656 3852 2789 3897 non
2852 3837 3066 3898 solum
3128 3837 3349 3902 debito
3413 3841 3685 3921 justitiae
3728 3848 3796 3905 et

2245 3952 2437 4032 legiS,
2482 3951 2604 4014 sed
2649 3967 2866 4022 causae
2915 3960 2982 4016 et
3013 3957 3209 4018 etiam
3253 3962 3522 4020 naturae.

2327 4068 2403 4128 Et
2442 4067 2526 4128 ita
2556 4067 2727 4130 sicut
2769 4068 3053 4131 Christus
3081 4067 3203 4132 fuit
3230 4072 3559 4135 institutus
3592 4079 3788 4153 caput
3938 4108 4019 4161 17.

2246 4185 2724 4259 universorum,
2783 4186 2936 4248 licet
2991 4190 3131 4266 ipse
3174 4189 3375 4267 gratis
3427 4190 3616 4253 datus
3665 4197 3787 4269 est,
3899 4172 4064 4284 3¹2¹?ssss

2249 4300 2497 4379 reliqua
2533 4306 2751 4363 tamen
2794 4302 2860 4364 in
2891 4305 3031 4379 ipso
3079 4309 3386 4382 tanquam
3434 4307 3649 4382 capite
3683 4305 3790 4368 de·
3868 4296 4120 4409 {22¹3ssss

2250 4416 2600 4488 bebantur,
2648 4422 2716 4478 et
2771 4416 3230 4496 dependenter
3284 4422 3365 4483 ab
3413 4438 3491 4483 eo
3558 4423 3794 4485 collata
3869 4423 4074 4539 Christo

2251 4539 2417 4594 sunt.
2455 4532 2796 4594 Debentur
2838 4550 2998 4612 ergo
3028 4534 3095 4595 in
3138 4534 3276 4611 ipso
3327 4535 3548 4599 debito
3582 4536 3796 4599 fideli·
3828 4518 4128 4614 Explicatur

2257 4650 2404 4710 tatis
2435 4652 2500 4708 et
2529 4648 2727 4725 pacti,
2775 4646 2954 4725 quod
2984 4649 3197 4710 solum
3247 4648 3418 4712 cadit
3468 4653 3535 4713 in
3579 4653 3792 4714 Deum
3873 4611 4098 4725 defflfflm

2253 4765 2619 4841 respective
2667 4761 2751 4824 ad
2801 4767 3186 4826 creaturam.
3221 4766 3323 4830 Sic
3356 4752 3639 4829 debetur
3679 4770 3787 4830 Ec·
3853 4736 4116 4867 exssssgfis.

2258 4882 2468 4943 clesiae
2524 4878 2792 4941 directio
2840 4878 3171 4941 mediante
3231 4882 3481 4944 Vicario
3542 4883 3796 4961 Christi,

2259 5002 2324 5060 et
2367 4997 2580 5069 PctrO,
2612 4999 2710 5058 cui
2741 4994 2912 5058 facta
2946 5001 3047 5059 est
3094 4998 3438 5075 promissio
3466 5019 3481 5076 ;
3514 5001 3608 5063 sic
3656 5020 3803 5064 me-

2257 5114 2377 5175 rito
2423 5117 2643 5173 nostro
2692 5110 2970 5173 debetur
3012 5113 3384 5190 praemium,
3445 5114 3539 5177 sic
3596 5118 3804 5181 medi-

2259 5229 2521 5291 antibus
2580 5229 3020 5292 Sacramentis
3100 5229 3384 5294 debetur
3438 5234 3648 5316 gratia
3722 5253 3806 5298 ex

2261 5346 2693 5426 promissione
2740 5348 2882 5420 Dei,
2917 5348 3169 5410 etiamsi
3214 5350 3533 5414 institutio
3574 5370 3806 5416 eorum

2261 5479 2393 5527 non
2422 5463 2609 5527 fieret
2637 5464 2876 5526 intuitu
2904 5465 3287 5530 meritorum
3326 5468 3580 5529 Christi.
3615 5468 3805 5544 Quod

2260 5583 2318 5675 si
2360 5581 2427 5643 in
2486 5597 2566 5645 eo
2610 5587 2788 5648 statu
2829 5583 3036 5668 gratia
3100 5589 3165 5648 et
3224 5584 3506 5648 influxus
3577 5586 3805 5666 capitis
