4287 6313
395 3653 418 3705 1

563 377 683 441 238

588 620 595 629 ,
675 543 768 615 In
803 542 1069 637 prima
1097 540 1617 618 distinctione
1665 540 1831 635 egit
1874 539 2127 633 Magi·

589 661 764 731 ster
792 662 883 734 de
917 663 1445 735 Sacramento
1485 660 1690 752 legis
1743 659 2132 732 Mosaicae

586 781 664 850 et
724 777 928 869 legis
1007 781 1365 860 naturae3
1422 777 1501 849 in
1560 777 1709 851 hac
1789 778 2133 851 secunda

587 893 1107 967 distinctione
1171 892 1456 984 incipit
1516 913 1762 985 agere
1836 893 1926 965 de
2001 897 2133 967 Sa-

595 1010 1038 1082 cramentis
1078 1028 1307 1083 novae
1364 1010 1594 1103 legis.
1676 1010 1867 1083 Haec
1940 1030 2131 1103 pars

582 1125 970 1198 dividitur
1035 1127 1111 1198 in
1185 1128 1378 1200 duas
1442 1133 1742 1220 partes.
1854 1127 2131 1199 Primo

585 1261 930 1335 namque
961 1242 1454 1317 determinat
1500 1244 1590 1315 de
1630 1244 1748 1315 eis
1808 1244 2134 1338 conjun-

588 1359 810 1439 ctim,
860 1360 1202 1432 secundo
1266 1361 1357 1432 de
1418 1358 1760 1452 singulis
1813 1380 2135 1452 separa-

585 1474 734 1548 tim
800 1475 905 1548 ibi
945 1501 959 1542 ε
1013 1480 1203 1545 Nunc
1244 1500 1398 1545 vero
1447 1479 1528 1544 de
1566 1480 1920 1566 Baptismi.
1969 1476 2134 1548 Pri-

593 1612 725 1664 ma
781 1592 1017 1666 habet
1066 1593 1263 1665 duas
1325 1597 1627 1686 partes,
1704 1593 2136 1667 secundum

597 1710 800 1803 quod
867 1708 1137 1803 primo
1213 1709 1728 1793 determinat,
1803 1729 1978 1800 quae
2056 1713 2136 1783 et

593 1827 785 1916 quot
829 1823 992 1899 sint
1036 1828 1564 1897 Sacramenta
1604 1824 2074 1917 novaelegis
2116 1849 2130 1905 ;

592 1940 939 2014 secundo
993 1940 1085 2013 de
1135 1944 1507 2033 tempore
1556 1938 2130 2022 institutionis,

589 2062 667 2132 et
745 2055 1112 2132 efficacia
1182 2061 1679 2145 eorumdem,
1765 2058 1874 2133 ibi
1959 2083 1973 2128 :
2060 2062 2141 2127 Si

588 2197 745 2243 vero
799 2179 1145 2264 quaeritur.

1039 2447 1502 2531 QUAESTIO
1611 2449 1670 2521 I.

598 2731 834 2798 Utrum
881 2731 1319 2798 Sacramenta
1379 2752 1568 2798 novae
1638 2733 1801 2819 leqis
1855 2732 2142 2800 habeant

728 2849 1102 2933 efficaciam
1145 2870 1189 2913 a
1258 2848 1516 2914 Christi
1578 2849 1888 2935 passione
1932 2849 1965 2915 ?

590 3099 767 3158 Alens.
798 3099 853 3155 4.
878 3114 939 3168 p.
970 3114 1021 3167 q.
1054 3097 1109 3152 9.
1150 3114 1224 3154 m.
1287 3100 1341 3154 7.
1395 3101 1458 3154 D.
1487 3101 1693 3158 Bonav.
1742 3096 1861 3170 hic,
1912 3103 2052 3162 dub.
2083 3104 2137 3159 2.

663 3177 711 3226 et
741 3177 855 3228 art.
898 3170 948 3228 1.
980 3189 1034 3241 q.
1070 3170 1117 3226 1.
1148 3175 1213 3231 D.
1274 3174 1461 3230 Thom.
1496 3171 1549 3226 3.
1607 3190 1662 3241 p.
1712 3190 1763 3242 q.
1804 3176 1896 3231 62.
1936 3180 2050 3229 art.
2082 3174 2138 3231 5.

665 3247 712 3296 ct
742 3259 794 3312 q.
824 3242 917 3298 64.
960 3248 1076 3301 art.
1122 3250 1179 3302 2.
1224 3243 1276 3301 3.
1334 3247 1498 3317 Vasq.
1553 3248 1633 3300 ibi
1688 3248 1743 3302 d.
1809 3246 1933 3303 135.
1993 3245 2143 3317 Vega

668 3317 763 3371 lib.
802 3317 859 3371 7.
892 3317 958 3372 in
994 3319 1220 3373 Trident
1248 3334 1296 3373 c.
1323 3317 1413 3374 18.

685 3572 923 3649 Circa
1027 3573 1229 3646 hanc
1328 3575 1429 3664 (a)
1539 3574 2143 3650 distinctionem

250 3691 567 3783 Mag.A.13.
600 3709 877 3781 quaero
922 3714 938 3759 :
991 3688 1289 3762 Utrum
1351 3691 1881 3765 Sacramenta
1912 3712 2142 3765 novae

249 3778 470 3908 AOEss„
510 3839 562 3894 1,
598 3803 800 3896 legis
846 3803 1186 3877 habeant
1246 3804 1696 3879 efficaciam
1747 3826 1794 3878 a
1837 3806 2145 3881 Christi

293 4064 441 4115 Text.
477 4063 527 4113 2.

277 4128 426 4179 Text.
464 4126 546 4177 37.

251 4771 476 4835 Argum.
513 4764 546 4816 2

340 4829 501 4883 Alias.

250 4892 577 4960 praecredita.

598 3920 979 4013 passione
1039 3927 1075 3992 ⁴?
1138 3925 1239 3995 Et
1313 3922 1636 3997 videtur
1694 3924 1898 4016 quod
1955 3944 2141 4008 non,

603 4038 792 4130 quia
827 4042 893 4113 5.
966 4041 1252 4127 Melaph.
1298 4052 1358 4107 et
1401 4042 1469 4111 2.
1525 4042 1975 4130 Physicorum
2034 4041 2147 4114 di-

602 4153 843 4236 citur,
894 4154 1098 4248 quod
1144 4157 1362 4224 Causa
1412 4160 1485 4224 in
1549 4170 1698 4224 acca
1761 4171 1821 4225 el
1880 4159 2151 4243 effectus

600 4274 676 4338 in
714 4283 866 4339 acta
903 4274 1104 4338 simul
1166 4284 1340 4353 sunl,
1418 4285 1479 4340 ec
1542 4295 1678 4340 non
1740 4284 1945 4353 sunt‚·
2013 4272 2146 4343 sed

598 4385 874 4477 passio
910 4384 1217 4460 Christi
1266 4406 1428 4459 non
1467 4391 1591 4461 est
1635 4387 1715 4458 in
1748 4392 1931 4462 actu
1971 4413 1986 4469 ;
2029 4408 2154 4461 er-

603 4519 706 4592 go
783 4521 926 4575 ncc
1004 4501 1345 4575 effectus
1427 4503 1720 4597 aliquis
1785 4503 1866 4576 in
1918 4506 2149 4585 actu;

601 4636 831 4708 ergo,
886 4621 1037 4691 etc.

557 4801 572 4818 ,
700 4738 930 4818 Item.
969 4741 1110 4810 aut
1142 4736 1240 4808 ab
1272 4736 1437 4819 illa,
1474 4740 1862 4831 tanquam
1894 4740 1916 4763 ·
1952 4757 2156 4830 prae-

608 4850 786 4924 visa
826 4850 1126 4936 futura,
1209 4857 1350 4926 aut
1409 4856 1496 4924 ut
1548 4851 1949 4934 exhibita;
1994 4874 2155 4926 non

611 4969 880 5062 primo
942 4970 1201 5050 modo,
1243 4968 1429 5060 quia
1464 4973 1651 5041 tunc
1700 4970 2156 5062 potuissent

612 5090 1142 5163 Sacramenta
1171 5086 1476 5161 veteris
1523 5085 1727 5178 legis
1778 5085 2159 5160 habuisse
2267 5128 2278 5140 ‚

607 5205 1057 5280 efficaciam
1108 5225 1255 5298 per
1285 5224 1487 5288 eam,
1544 5208 1912 5297 tempore
1943 5203 2158 5276 enim

607 5324 828 5398 illius
891 5321 1267 5414 legis‘illa
1305 5320 1578 5415 passio
1612 5321 1763 5396 fuit
1797 5322 2155 5415 praevisa

1747 373 1896 441 ms.
1944 376 2044 467 iv,
2092 373 2689 445 samartanum

2245 544 2444 624 ctos,
2553 541 2697 615 illa
2800 543 3121 616 tantum
3200 541 3788 634 promittebant

2244 658 2626 751 gratiam.
2698 660 2880 732 Non
2967 663 3055 734 ut
3133 659 3519 747 exhibita,
3609 662 3799 755 quia

2242 777 2436 848 tunc
2539 775 3010 869 Baptismus
3093 779 3173 850 et
3273 775 3797 851 Eucharistia

2245 910 2404 962 non
2463 889 2857 967 haberent
2896 891 3342 967 efficaciam
3385 914 3532 987 per
3561 914 3741 966 eam
3779 920 3793 975 ;

2245 1010 2480 1080 erant
2541 1007 2755 1081 enim
2835 1008 3218 1085 instituta
3295 1016 3482 1087 ante
3538 1011 3797 1108 passi-

2248 1145 2483 1197 onem
2542 1110 2874 1208 Christi‚
2922 1130 3011 1201 ut
3068 1126 3371 1222 patebit
3426 1128 3791 1205 inferius.

2339 1243 2568 1325 Item,
2604 1245 2747 1316 aut
2787 1242 2885 1314 ab
2925 1243 3067 1315 illa
3108 1247 3493 1338 tanquam
3538 1266 3585 1319 a
3615 1269 3792 1322 cau·
3821 1264 4045 1329 Argum,
4077 1261 4135 1314 3,

2251 1375 2340 1427 sa
2409 1355 2869 1450 principali,
2914 1362 3055 1432 aut
3112 1361 3500 1453 tanquam
3551 1363 3793 1437 meri-
3874 1368 3879 1372 ”

2249 1472 2493 1545 toria.
2583 1476 2763 1546 Non
2868 1474 3135 1568 primo
3248 1477 3505 1558 modo,

2249 1589 2454 1661 nihil
2497 1592 2770 1683 potest
2810 1612 2988 1665 esse
3037 1613 3286 1666 causa
3319 1596 3794 1691 principalis

2252 1705 2785 1794 sacramenti,
2824 1706 2982 1779 nisi
3035 1709 3236 1801 quod
3281 1712 3551 1802 potest
3616 1733 3796 1786 esse

2250 1841 2498 1894 causa
2550 1822 3025 1917 principalis
3084 1825 3427 1900 effectus
3489 1828 3798 1921 signifi-

2249 1939 2411 2013 cati
2476 1959 2622 2031 per
2680 1943 3339 2027 Sacramentum;
3430 1946 3560 2018 sed
3646 1945 3797 2019 hoc

2248 2073 2406 2126 non
2459 2059 2730 2147 potest
2788 2077 2989 2139 esse,
3053 2058 3213 2131 nisi
3285 2061 3507 2134 solus
3582 2063 3797 2136 Deus

2251 2168 2738 2246 immediate.
2829 2174 3010 2247 Non
3095 2177 3440 2250 secundo
3534 2180 3793 2260 modo,

2252 2287 2442 2377 quia
2474 2291 2847 2379 respectu
2885 2289 3177 2381 gratiae
3209 2291 3432 2365 nulla
3463 2297 3588 2368 est
3620 2316 3797 2367 cau-

2252 2414 2342 2466 sa
2400 2396 2871 2477 meritoria;
2919 2397 2986 2470 si
3037 2398 3252 2472 enim
3284 2404 3410 2475 est
3469 2425 3554 2469 ex
3599 2407 3797 2472 meri-

2254 2513 2359 2592 tis,
2412 2512 2562 2600 jam
2591 2535 2726 2580 non
2782 2536 2867 2580 ex
2901 2519 3149 2602 qratia,
3191 2517 3425 2589 Rom.
3458 2519 3526 2590 9.

3608 1479 3795 1573 quia
3839 1514 3874 1561 ,-

2259 2662 2264 2669 ·
2343 2625 2573 2708 Item‚
2629 2628 2698 2700 si
2732 2628 2830 2701 ab
2869 2628 3145 2721 aliqua
3185 2632 3588 2725 passione.
3644 2632 3797 2709 hoc
3826 2639 4047 2702 Areum·
4082 2636 4143 2689 4-

2255 2743 2607 2816 maxime
2637 2742 2928 2821 fuisset
2970 2767 3016 2819 a
3057 2747 3383 2821 laterali
3436 2752 3795 2836 vulnere,

2255 2876 2403 2950 per
2460 2857 2654 2933 illud
2750 2862 3183 2954 Augustini
3254 2868 3361 2939 15.
3441 2869 3523 2935 de
3592 2871 3794 2937 Civic.

2253 2987 2309 3032 c.
2366 2967 2477 3038 26.
2552 2967 2683 3039 ubi
2736 2968 3101 3061 loquitur
3166 2972 3258 3044 de
3338 2991 3535 3046 arca
3599 2977 3794 3057 Noe,

2253 3078 2523 3154 dicens
2585 3086 2790 3175 quod
2859 3089 3116 3155 Ostium
3180 3092 3256 3158 in
3323 3093 3529 3159 latere
3601 3115 3797 3175 arcoe,

2250 3206 2550 3291 profecto
2588 3205 2766 3272 illud
2813 3218 2906 3273 est
2976 3211 3241 3290 υιιίηιιε,
3313 3212 3576 3297 qnando
3635 3213 3808 3280 lacus

2258 3299 2598 3405 Crucifixi
2665 3327 3090 3411 perforatum
3164 3340 3259 3395 est
3351 3330 3602 3401 lancea.
3678 3331 3809 3397 Hoc

2257 3438 2501 3525 quippe
2530 3439 2621 3504 ad
2658 3440 2854 3506 illum
2910 3443 3248 3510 venientes
3299 3446 3796 3539 inqrediuncar,

2257 3539 2415 3639 quia
2473 3555 2633 3621 inde
2701 3556 3140 3625 Sacramenta
3201 3573 3586 3646 manarant,
3652 3565 3799 3649 qui-

2258 3670 2373 3736 bas
2400 3672 2736 3738 credentes
2765 3675 3150 3742 initiantur.
3184 3676 3328 3748 Sed
3350 3676 3449 3748 ab
3483 3678 3624 3752 illo
3647 3680 3813 3752 vul·

2258 3803 2453 3856 nere
2530 3805 2690 3856 non
2783 3790 3046 3878 potest
3123 3789 3449 3883 aliquod
3519 3797 3798 3869 Sacra-

2263 3903 2621 3973 mentum
2690 3899 2989 3976 habere
3046 3904 3542 3990 efficaciam:
3579 3930 3806 4003 ergo,

2260 4019 2412 4088 616.
2488 4017 2871 4091 Probatio
2923 4021 3292 4105 minoris,
3367 4026 3552 4119 quia
3613 4026 3805 4101 illud

2262 4132 2554 4204 vulnus
2614 4133 2764 4209 fuit
2838 4137 3230 4212 inflictum
3277 4142 3808 4236 corporijam

2265 4254 2618 4336 mortuo,
2651 4255 2740 4326 ut
2784 4258 3004 4346 patet
3036 4257 3267 4330 Joan.
3313 4260 3421 4331 19.
3459 4263 3562 4328 Ad
3590 4264 3806 4330 lesum

2263 4379 2478 4432 antem
2522 4390 2669 4436 cnm
2745 4374 3096 4453 venissent,
3167 4387 3227 4442 et
3285 4377 3606 4445 vidissent
3659 4383 3810 4467 jam

2264 4496 2619 4565 mortuum,
2699 4488 2851 4558 etc.
2937 4488 3067 4560 sed
3136 4510 3432 4582 corpus
3502 4492 3810 4568 Christi

2268 4602 2452 4689 post
2486 4607 2837 4676 mortem
2888 4625 3049 4677 non
3105 4612 3287 4681 erat
3345 4628 3595 4682 causa
3646 4632 3806 4684 me-

2269 4714 2567 4789 ritoria
2600 4717 2948 4815 alicujus
2990 4725 3306 4815 gratiae.

2358 4835 2687 4917 Contra,
2746 4838 3315 4933 multipliciter
3366 4845 3444 4916 in
3494 4843 3838 4932 littera,'

2267 4951 2350 5028 et
2381 4950 2881 5042 Augustinus
2913 4959 2994 5024 de
3036 4961 3342 5041 Civitate,
3382 4962 3517 5035 ubi
3554 4962 3806 5055 priuS.

2716 5156 3350 5229 COMMENTARIUS

2363 5330 2448 5420 (a)
2495 5335 2693 5402 Circa
2728 5338 2900 5405 hanc
2938 5342 3463 5432 distinctionem,
3499 5363 3622 5418 etc.
3661 5355 3812 5419 Haec

601 5443 679 5516 et
739 5438 1244 5533 praecredita.
1283 5439 1430 5514 Sed
1480 5459 1982 5532 consequens
2029 5444 2163 5514 ost
2273 5445 2603 5516 distinctio
2655 5451 2722 5537 in
2771 5454 2933 5523 duas
2992 5472 3205 5545 partes
3260 5464 3654 5553 principales
3712 5468 3811 5535 di-

600 5557 1198 5640 inconveniens‚
1257 5556 1445 5653 quia
1488 5557 1921 5631 secundum
1956 5561 2003 5633 S
2028 5578 2161 5630 an·

2267 5563 2539 5650 viditur,
2594 5589 2866 5658 quarum
2907 5575 3118 5662 prima
3168 5579 3306 5669 agit
3353 5581 3434 5650 de
3497 5583 3811 5655 instituti-

3920 4872 4076 4945 Ratio

3886 4941 4108 5003 opponi..

3903 5424 4104 5538 Di3i⁹sio

3866 5550 4169 5622 distinctio-

3985 5627 4086 5664 nu·
