4287 6313
1756 427 2490 504 DisT.1v.QUAEs'1'lo
2539 428 2608 494 li.

560 573 642 644 et
684 571 857 645 ideo
921 575 1028 648 ibi
1098 576 1390 654 habent
1433 584 1666 665 solvi,
1717 586 1932 660 sicut
1991 586 2099 658 ibi

558 685 795 763 habet
845 691 1245 767 declarari
1314 706 1651 790 propter
1716 703 1899 793 quid
1964 724 2101 795 po-

557 805 811 877 nenda
851 814 976 881 est
1037 810 1253 884 fides.
1297 815 1439 887 Vel
1502 818 1709 888 enim
1768 819 2102 910 ponitui

557 918 854 994 habore
914 926 1269 1018 aliquam
1342 933 1909 1007 causalitatem
1981 957 2102 1008 re-

560 1048 833 1131 spectu
905 1050 1161 1128 actus,
1235 1055 1313 1123 ct
1382 1056 1574 1125 tunc
1642 1059 1871 1128 actus
1943 1077 2103 1127 non

562 1164 834 1250 posset
910 1183 1087 1235 esse
1166 1166 1377 1247 talis,
1436 1169 1607 1241 sine
1673 1192 1766 1242 ea
1838 1173 2101 1263 qualis

468 1269 478 1280 “
556 1274 893 1368 est‚ipsa
926 1278 1227 1369 posita;
1263 1282 1386 1353 vel
1419 1284 1754 1366 nullam,
1790 1292 1870 1360 et
1910 1292 2102 1362 tunc

560 1391 1080 1466 manifestum
1122 1402 1271 1480 est,
1311 1400 1513 1490 quod
1556 1422 1653 1472 ex
1705 1408 1891 1476 actu
1943 1424 2103 1476 non

560 1518 831 1603 potest
876 1517 1255 1608 perpendi
1296 1519 1487 1592 fides
1541 1522 1829 1595 inesse.

340 1633 388 1683 ⁴·
649 1629 794 1702 Sed
861 1631 1014 1703 etsi
1092 1633 1449 1726 aliquam
1530 1639 2100 1714 causalitatem

558 1743 871 1826 habeat,
919 1747 1172 1822 adhuc
1226 1748 1374 1822 lioc
1423 1757 1690 1843 potest
1747 1775 1925 1827 esse
1973 1757 2103 1827 du-

557 1861 882 1953 pliciter
949 1865 1144 1958 :vel
1236 1867 1666 1959 praecisam
1757 1871 2096 1953 scilicet,

556 1980 756 2069 quod
817 1980 1017 2053 nulli
1078 1983 1219 2055 alii
1276 1984 1531 2076 possit
1593 1993 2095 2081 competerc;

549 2094 678 2166 vel
737 2116 892 2168 non
971 2100 1425 2190 praecisam,
1494 2107 1691 2194 puta
1769 2103 1836 2174 si
1907 2105 2098 2177 talis

552 2213 1000 2285 causalitas
1062 2216 1324 2308 possit
1377 2224 1843 2311 competere
1920 2221 2099 2295 fidei

553 2328 1002 2419 acquisitae.
1062 2334 1163 2405 Et
1207 2332 1270 2403 si
1330 2335 1683 2432 primum
1750 2336 2098 2410 istorum

556 2451 1025 2536 poneretur,
1087 2459 1363 2540 posset
1406 2451 1619 2524 forte
1685 2454 2099 2528 certitudi-

550 2562 849 2636 naliter
917 2565 1105 2636 fides
1168 2568 1546 2658 cognosci
1616 2570 1899 2653 inesse,
1960 2593 2100 2664 per

549 2677 698 2752 hoc
761 2683 966 2773 quod
1023 2684 1318 2775 aliquis
1387 2693 1926 2775 cognosceret
1978 2696 2099 2764 ta-

552 2796 706 2868 lem
750 2799 1291 2873 conditionem
1344 2823 1489 2874 suo
1547 2805 1766 2877 actui
1802 2805 2094 2890 inesse,

552 2935 725 3005 quae
805 2935 962 2986 non
1035 2925 1306 3009 posset
1378 2920 1641 2993 inesse
1714 2922 1886 2996 sine
1951 2924 2099 2997 fide

554 3031 842 3103 infusa.

641 3149 721 3223 Si
783 3152 1216 3225 secundum
1280 3156 1658 3246 ponatur,
1704 3158 2094 3251 simplici-

236 3303 472 3354 vffmffl,
554 3269 684 3339 ter
777 3288 936 3339 non
1034 3273 1302 3359 potest
1379 3275 1765 3362 cognosci
1866 3276 2099 3350 fidem

274 3364 464 3414 ³⁰s⁰³²¹⁸
559 3383 904 3456 infusam
966 3383 1229 3457 inesse
1279 3407 1375 3457 ex
1418 3390 1629 3469 actu,
1686 3410 1940 3482 neque
1998 3415 2097 3466 ex

256 3554 443 3601 sanem
556 3499 829 3591 aliqua
869 3500 1326 3574 conditione
1388 3503 1643 3595 ipsius
1705 3509 1960 3588 actus,
2015 3515 2096 3584 et

247 3628 461 3735 mqffw
558 3621 745 3689 tunc
815 3620 1030 3689 esset
1116 3617 1557 3703 dicendum,
1638 3624 1843 3712 quod
1909 3623 2092 3695 licet

244 3714 461 3865 1322&
548 3733 750 3805 nihil
794 3732 899 3807 sit
959 3734 1038 3806 in
1080 3739 1290 3816 actu,
1354 3756 1497 3808 nec
1541 3738 1955 3830 pertinens
1999 3742 2093 3814 ad

546 3855 846 3931 actum,
884 3852 1151 3942 inquo
1194 3852 1750 3944 distinguatur
1791 3856 2089 3931 habens

543 3965 772 4038 fidem
834 3986 881 4038 a
941 3988 1102 4040 non
1162 3967 1527 4052 habente,
1600 3992 1692 4044 ac
1753 3993 1899 4065 per
1938 3974 2086 4048 hoc

541 4102 699 4154 non
748 4088 1022 4175 posset
1071 4105 1248 4156 esse
1307 4090 1588 4158 notum
1653 4090 2083 4161 secundum

541 4200 944 4273 rationem
995 4202 1479 4282 naturalem,
1517 4204 1747 4275 fidem
1792 4205 2079 4288 inesse,

542 4318 811 4387 tamen
872 4312 1019 4386 hoc
1086 4319 1211 4388 est
1290 4316 1722 4399 creditum;
1802 4323 1882 4392 et
1967 4320 2082 4394 sic

544 4434 817 4522 posset
849 4430 999 4502 dici
1035 4431 1557 4521 generalitor,
1617 4436 1817 4526 quod
1862 4437 2086 4509 nulla

541 4545 806 4615 virtus
869 4548 1523 4637 supernaturalis
1580 4552 1849 4641 potest
1908 4574 2083 4644 pro-

544 4660 718 4733 bari
751 4661 1039 4742 inesse,
1096 4683 1350 4754 neque
1399 4686 1497 4736 ex
1549 4672 1734 4738 actu
1781 4667 2079 4761 aliquo,

544 4799 797 4870 neque
855 4799 955 4850 ex
1023 4779 1297 4872 aliqua
1397 4784 1857 4857 conditione
1942 4788 2087 4860 ali-

539 4897 772 4987 cujus
876 4900 1157 4979 actus3
1232 4900 1364 4971 sed
1457 4921 1601 4973 nec
1698 4898 1914 4975 forte
2005 4905 2085 4977 in

537 5013 981 5086 universali
1033 5018 1302 5106 potest
1356 5019 1687 5110 probari
1760 5040 1903 5112 per
1966 5042 2087 5093 ra-

538 5131 840 5203 tionem
887 5132 1373 5216 naturalem,
1431 5135 1783 5226 aliquam
1836 5138 2089 5210 virtu-

538 5252 699 5320 tem
790 5251 1501 5341 supernaturalem
1585 5253 1872 5327 inesse.
1969 5258 2084 5329 De

537 5365 718 5439 istis
787 5366 1135 5458 amplius
1205 5373 1277 5436 in
1327 5372 1402 5441 3.
1477 5374 1590 5437 lib.
1664 5375 1737 5439 in
1802 5379 2086 5442 materia

534 5485 617 5551 de
654 5486 1034 5563 virtutibus,
1090 5485 1389 5558 dictum
1432 5491 1581 5559 est.

627 5601 743 5689 Ad
787 5604 1219 5677 secundum
1262 5607 1360 5697 (c)
1415 5606 1862 5699 principale
1901 5607 2088 5682 dici-

216 3426 355 3487 dam,
399 3428 493 3476 tide

187 3494 392 3539 tantum
424 3490 501 3539 vel

3628 413 3776 491 391‘·

3869 1105 4036 1176 gratia

3840 1179 3936 1216 nisi
3967 1181 4056 1228 per

2214 590 2377 669 tur,
2462 591 2664 680 quod
2744 591 3135 683 parvulus
3231 589 3961 681 conjungiturAda.
3988 621 4111 676 arg.

2214 707 2382 778 Deo
2431 727 2574 797 pei
2616 708 2843 779 fidem
2887 714 3343 799 parentum.
3786 669 3948 799 ξηιιῗιχ
3967 667 4116 782 εἰῗιηί.

2305 827 2634 902 Contra,
2679 844 2881 916 pone
2919 829 3296 915 patentes
3330 823 3764 896 haereticos
3790 792 4113 904 ¹¹‘z‘ssi1fffip‘

2218 939 2339 1010 vel
2399 939 2780 1021 infideles,
2842 939 3145 1013 dicitur
3234 942 3488 1014 adhuc
3554 941 3760 1032 quod
3785 915 4110 1052 ἐξώξᾛᾛ

2220 1076 2362 1146 per
2415 1056 2644 1127 fidem
2719 1059 3122 1131 Ecclesiae.
3182 1062 3513 1138 Contra,
3583 1062 3768 1129 esto
3786 1040 4114 1091 Nun'dffl‘

2220 1174 2425 1262 quod
2478 1173 2554 1245 in
2613 1175 2978 1248 Ecclesia
3042 1175 3448 1249 militante
3486 1175 3759 1246 nullus
3816 1229 4103 1280 Christum·

2216 1294 2432 1363 esset
2489 1290 2767 1374 fidelia,
2814 1296 3086 1365 tamen
3147 1290 3598 1365 intenderet
3651 1289 3762 1362 fa-

2218 1426 2426 1488 cere,
2475 1409 2681 1499 quod
2744 1408 3122 1482 Christus
3182 1408 3399 1489 fecit,
3474 1428 3766 1499 parvu-

2219 1525 2342 1598 lus
2420 1524 2674 1596 adhuc
2745 1547 2935 1597 vere
3012 1525 3598 1617 baptizaretur,
3685 1527 3763 1596 et

2220 1647 2623 1740 reciperet
2675 1647 3058 1737 gratiam.

2304 1763 2501 1836 Dico
2542 1784 2742 1854 ergo
2776 1764 2870 1836 ad
2912 1768 3509 1855 argumentum,
3557 1765 3764 1857 quod

2215 1881 2305 1953 de
2357 1877 2572 1952 facto
2639 1881 2839 1953 nulli
2906 1882 3149 1953 datur
3224 1881 3522 1973 gratia,
3599 1881 3762 1954 nisi

2217 2017 2362 2089 per
2412 1996 2768 2089 aliquam
2828 2018 3155 2070 causam
3216 1997 3758 2080 meritoriam,

2217 2135 2390 2205 quae
2453 2119 2817 2189 meretur
2865 2115 3522 2207 conjunctionem
3583 2116 3760 2206 ejus

2217 2225 2566 2323 primam
2629 2253 2809 2305 cum
2850 2235 3046 2314 Deo,
3135 2234 3211 2304 et
3282 2232 3451 2305 haec
3518 2253 3767 2305 causa

2216 2348 2645 2420 meritoria
2684 2352 2807 2420 est
2843 2348 3256 2431 Christus3
3295 2349 3424 2420 sed
3462 2354 3766 2441 praeter

2214 2464 2457 2536 istam
2501 2485 2657 2536 non
2705 2469 3030 2557 oportet
3086 2466 3278 2537 dare
3335 2465 3582 2537 aliam
3653 2466 3766 2536 in-

2207 2582 2655 2654 trinsecam
2717 2582 2793 2653 in
2849 2581 3316 2675 recipiente,
3371 2601 3526 2673 qua
3576 2602 3759 2654 con-

2204 2696 2605 2788 jungatur
2655 2700 2848 2779 Deo,
2918 2703 3351 2789 antequam
3415 2697 3758 2791 recipiat

2211 2814 2593 2906 gratiam.

2647 3136 3283 3201 COMMENTARIUS.

2286 3394 2371 3476 (a)
2420 3398 2514 3458 Ad
2559 3396 2962 3471 quaestionem
3014 3395 3178 3468 dioc,
3227 3396 3347 3453 etc.
3406 3391 3749 3454 Conclusio
3916 3430 3963 3479 ¹·

2204 3513 2501 3575 Doctoris
2553 3516 2655 3572 est
2699 3511 2783 3572 de
2831 3509 2979 3584 fide,
3025 3509 3160 3572 dari
3203 3509 3480 3589 gratiam
3524 3506 3753 3570 infanti
3804 3491 4071 3605 ἓξῖῐζοᾞζζξ

2204 3636 2527 3711 baptizato
2560 3649 2679 3709 per
2723 3633 3152 3708 Baptismum‚
3199 3628 3310 3708 qui
3343 3628 3521 3691 delet
3562 3629 3628 3691 in
3669 3645 3748 3690 eo
3821 3615 4039 3749 ετὶξίω

2201 3756 2546 3830 peccatum
2577 3747 2921 3828 originale,
2959 3746 3139 3824 quod
3170 3747 3402 3825 nequit
3432 3743 3591 3815 fieri,
3628 3745 3748 3806 nisi
3785 3742 4098 3856 Bffgffltpium

2198 3886 2320 3948 per
2363 3866 2780 3928 collationem
2829 3864 3069 3943 gratiae.
3123 3864 3264 3924 Haec
3319 3861 3594 3939 probata
3651 3865 3751 3923 est

2197 4004 2392 4064 supra
2467 3983 2551 4045 de
2610 3983 2852 4044 effectu
2931 3979 3454 4042 Circumcisionis
3526 3982 3754 4040 contra

2195 4103 2603 4191 Magistrum,
2679 4099 2964 4179 ejusque
3036 4095 3355 4169 efficacia,
3436 4096 3613 4173 quia,
3685 4106 3758 4162 ut

2199 4223 2444 4284 dictum
2497 4224 2617 4292 est,
2668 4233 2798 4277 non
2851 4214 3200 4276 remittitur
3240 4217 3588 4290 peccatum
3622 4212 3754 4272 ori-

2197 4336 2441 4417 ginale,
2495 4339 2608 4395 aut
2656 4330 2954 4402 mortale,
3008 4328 3130 4390 nisi
3171 4344 3294 4405 per
3322 4328 3623 4406 gratiam.
3659 4328 3753 4386 De

2198 4453 2527 4530 Baptismo
2589 4455 2806 4510 autem
2852 4449 3201 4508 certiorem
3255 4443 3536 4524 gradum
3590 4444 3752 4506 obti-

2198 4575 2335 4643 net,
2373 4584 2568 4646 quam
2617 4565 2700 4628 de
2732 4563 3263 4635 Circumcisione,
3313 4577 3457 4640 quae
3506 4576 3589 4621 ex
3638 4560 3748 4622 ali-

2200 4702 2473 4767 quorum
2520 4686 2830 4761 opinione
2883 4684 3022 4742 erat
3069 4677 3334 4743 ineffiax
3375 4678 3457 4739 ad
3514 4678 3746 4739 delen-

2201 4804 2357 4865 dum
2431 4805 2798 4879 peccatum,
2862 4804 2934 4859 ut
2990 4797 3077 4859 ibi
3124 4797 3333 4858 visum
3384 4801 3504 4868 est,
3551 4800 3616 4856 et
3671 4810 3748 4856 ex

2197 4919 2507 4997 opinione
2534 4916 2842 4995 Magistri,
2866 4914 3019 4974 licet
3038 4910 3354 4974 deleverit
3378 4914 3749 4988 peccatum,

2197 5052 2329 5097 non
2377 5033 2651 5096 contulit
2682 5032 2997 5112 gratiam;
3035 5027 3117 5089 de
3164 5028 3487 5105 Baptismo
3530 5031 3754 5088 autem

2195 5150 2368 5211 inter
2417 5148 2783 5209 catholicos
2830 5147 3146 5207 Doctores
3199 5144 3415 5204 nullus
3462 5142 3528 5203 id
3578 5141 3750 5205 affir-

2198 5268 2397 5327 mavit
2440 5270 2757 5344 quantum
2803 5268 3013 5324 estex
3047 5260 3340 5323 efficacia
3371 5262 3754 5322 Sacramen-

2202 5384 2268 5456 ti,
2328 5383 2482 5443 licet
2547 5382 2746 5459 aliqui
2821 5378 3267 5441 dubitaverint
3322 5395 3406 5438 an
3468 5374 3751 5438 infantes

2199 5502 2423 5560 essent
2453 5513 2730 5574 capaces
2781 5498 2995 5558 omnis
3045 5496 3189 5575 ejus
3241 5494 3541 5567 effectuS,
3590 5493 3742 5557 rati-

2200 5632 2328 5679 one
2359 5618 2462 5679 sui
2490 5619 2722 5678 status·
