4287 6313
608 380 729 443 670

617 543 803 626 Hugo
842 538 923 605 de
945 541 1010 605 S.
1038 539 1295 605 Victore
1326 539 1406 605 de
1436 537 1894 611 sacramentis.
1930 536 2043 602 lib.
2080 540 2147 602 Ξ.

614 671 778 743 part.
850 661 954 723 15.
1035 679 1176 744 cap.
1249 663 1307 725 1.
1385 658 1715 737 Chrisma,
1765 655 1998 743 inquit,
2062 663 2156 719 est

611 774 825 839 oleum
876 796 1020 839 cum
1050 775 1343 840 balsamo
1382 775 1689 852 mimum,
1728 794 1853 859 quo
1894 792 2154 856 tcnyun-

612 901 722 955 tur
797 892 1022 976 capita
1106 891 1512 973 Pontificum
1580 899 1639 954 et
1702 910 1953 975 requm,
2030 907 2156 973 quo

610 1007 810 1071 etiam
860 1005 1229 1093 baptizatos
1255 1006 1580 1072 Sacerdos
1620 1006 1808 1091 unqit
1844 1006 1916 1069 in
1957 1004 2159 1069 verci-

607 1143 700 1215 οεζ
751 1123 919 1187 sicut
979 1121 1206 1188 eodem
1271 1123 1594 1205 Pontifex
1649 1142 1772 1208 per
1825 1121 2157 1206 impositi-

610 1258 802 1302 onem
830 1259 1066 1305 manus
1103 1237 1598 1322 confirmandos
1628 1237 1822 1324 ungit
1854 1238 1928 1301 in
1962 1235 2155 1319 fron-

615 1363 695 1432 te,
742 1364 864 1420 etc.

702 1471 862 1535 Item
903 1469 1214 1556 Magister
1250 1471 1326 1535 in
1377 1474 1439 1535 4.
1511 1470 1667 1535 dist.
1732 1472 1838 1534 23.
1882 1466 2153 1534 totidem

615 1588 812 1653 habet
848 1585 1267 1653 Innocentius
1326 1590 1434 1652 111.
1488 1587 1571 1652 de
1623 1587 1955 1664 unctione,
2005 1605 2149 1668 cap.

1782 376 1923 439 [ΑΒ.
1974 377 2079 439 Ν.
2121 374 2716 440 SENTENTIARUM

2268 536 2557 601 chrisma
2595 558 2740 603 esse
2802 536 3138 603 materiam
3198 534 3623 614 Sacramenti,
3680 544 3822 601 eta

2267 653 2402 719 solo
2442 655 2766 741 Episcopo
2815 653 3047 721 confici
3108 654 3378 733 debere,
3418 665 3480 719 et
3529 653 3642 719 illo
3671 673 3825 720 con·

2271 769 2559 840 firmare.

2356 887 2462 952 Sic
2499 909 2656 973 ergo
2724 900 3151 974 argumentor
3211 910 3292 955 ex
3354 888 3558 955 forma
3617 886 3826 974 ipsius

2274 1005 2706 1085 Sacramenti,
2754 1026 2903 1093 quae
2935 1027 3061 1073 non
3114 1018 3328 1093 potest
3358 1005 3665 1072 denotare
3697 1002 3825 1069 nisi

2272 1119 2616 1184 materiam
2658 1141 2774 1205 per
2797 1143 2866 1187 se
2898 1133 2962 1187 et
3000 1122 3409 1189 essentialem
3451 1124 3827 1189 Sacramen-

2270 1237 2316 1303 ti
2376 1257 2457 1301 ex
2501 1237 2917 1304 institutione
2974 1240 3239 1321 Christi,
3294 1239 3407 1307 sed
3475 1239 3682 1305 forma
3711 1260 3822 1304 ex-

2272 1371 2494 1436 presse
2583 1351 2849 1419 denotat
2939 1355 3247 1436 chrisma,
3352 1356 3691 1437 Confirmo
3764 1365 3824 1420 te

2270 1467 2626 1533 chrismate
2682 1471 2941 1550 salutis,
3008 1483 3128 1538 etc.
3176 1492 3334 1558 ergo
3382 1472 3691 1551 chrisma,
3755 1481 3826 1535 ut

2267 1595 2367 1648 est
2411 1586 2801 1669 compositio
2848 1586 2973 1653 olei
3033 1598 3098 1653 et
3131 1586 3423 1667 balsami,
3461 1599 3561 1652 est
3590 1607 3705 1673 per
3747 1607 3821 1651 se

614 1703 831 1787 umen,
890 1704 1222 1783 Chrisma,
1270 1704 1504 1791 inquit,
1551 1702 1724 1789 quod
1756 1724 1838 1767 ex
1878 1703 2018 1766 oleo
2045 1702 2146 1782 fic,

611 1830 671 1884 et
710 1820 1002 1885 balsamo
1034 1820 1314 1904 mystica
1347 1821 1628 1897 racione,
1676 1828 1799 1883 etc.
1838 1829 1898 1883 et
1939 1831 2154 1881 utcae·

605 1948 782 2002 teros
832 1936 1228 2023 posteriores
1276 1936 1598 2014 omittam,
1646 1933 1892 2000 accedit
1923 1933 2153 1998 ultimo

2269 1704 2539 1769 materia
2579 1705 2946 1771 necessaria
2978 1706 3175 1792 hujus
3223 1706 3647 1772 Sacramenti.
3686 1709 3817 1771 Un-
3867 1717 4136 1827 Argffiffien·

2267 1819 2346 1884 de
2388 1820 2618 1886 merito
2649 1822 3010 1887 Concilium
3054 1822 3439 1888 Coloniense
3482 1822 3544 1886 in
3578 1822 3812 1888 doctri·
3845 1858 3911 1893 ex
3955 1840 4149 1890 veritate

3873 1906 4053 1959 forma,
4085 1907 4128 1951 et

2268 1956 2348 2001 na
2379 1934 2458 2001 de
2510 1937 2632 2003 hoc
2671 1940 3111 2019 SacramentO,
3170 1951 3356 2026 negat
3413 1939 3627 2005 oleum
3679 1939 3814 2005 suf·
3843 1964 4153 2033 significatio—

3986 2046 4048 2079 ne

604 2051 938 2138 Eugenius
994 2055 1099 2118 lv.
1161 2050 1302 2117 loco
1360 2051 1578 2117 citato.
1634 2054 1730 2116 Ex
1771 2050 1875 2114 his
1935 2049 2152 2114 omnis

604 2168 815 2235 aetatis
891 2168 1190 2246 testibuS,
1280 2167 1596 2233 habemus
1664 2165 1951 2233 chrisma
2006 2184 2154 2231 esse

608 2284 987 2363 mixturam,
1031 2296 1095 2350 et
1122 2283 1247 2349 olei
1287 2296 1351 2349 et
1382 2283 1676 2350 balsami.

694 2402 791 2466 Ex
829 2399 1134 2465 omnibus
1168 2420 1333 2486 pene
1378 2398 1680 2465 Patribus
1731 2395 2147 2473 etConciliis,

611 2515 930 2582 habemus
971 2515 1140 2603 quod
1172 2514 1460 2581 chrisma
1501 2515 1588 2581 sit
1643 2514 1913 2581 materia
1955 2513 2154 2599 hujus

609 2631 1039 2712 Sacramenti,
1105 2631 1324 2697 nullus
1373 2630 1711 2709 hactenUS,
1783 2642 1932 2695 ante
1994 2650 2157 2715 prce-

612 2748 777 2814 fatos
826 2751 1159 2827 Doctores,
1196 2746 1513 2812 discrevit
1544 2747 1610 2811 in
1641 2747 1996 2813 chrismate
2021 2765 2155 2809 ma-

609 2862 838 2929 teriam
875 2861 1307 2928 necessariam
1353 2864 1737 2929 necessitate
1775 2863 2155 2928 Sacramen-

605 2978 676 3060 ti,
722 2977 802 3045 ad
863 2978 1201 3045 materiam
1265 2977 1701 3046 necessariam
1762 2978 2155 3044 necessitate

604 3100 938 3186 praecepti.
1011 3102 1232 3166 Patres
1328 3097 1822 3166 accommodant
1888 3097 2157 3184 perinde

600 3217 1032 3302 proprietates
1067 3215 1412 3302 utriusque
1465 3215 1743 3301 liquoris
1782 3213 1863 3280 ad
1921 3212 2157 3278 simili-

601 3332 896 3400 tudinem
939 3331 1055 3414 rei,
1102 3347 1164 3398 et
1215 3332 1703 3419 proportionem
1774 3329 2155 3416 requisitam

605 3452 683 3517 ad
733 3450 1240 3538 significandum
1300 3450 1651 3517 visibiliter
1706 3448 2007 3515 effectum
2049 3447 2155 3512 in-

605 3567 933 3634 visibilem
975 3568 1398 3635 Sacramenti.
1435 3566 1761 3632 Fabianus
1792 3577 1855 3632 et
1893 3564 2158 3651 Cypria-

613 3704 737 3749 nus
777 3682 1001 3749 dicunt
1042 3684 1237 3750 -hanc
1294 3684 1646 3749 mixturam
1704 3702 1850 3747 esse
1911 3680 2156 3745 divinae

615 3796 1079 3877 institutionis;
1125 3817 1284 3884 ergo
1327 3796 1576 3862 nullum
1608 3806 1708 3862 est
1765 3794 2156 3860 fundamen-

612 3924 751 3979 tum
806 3912 1140 3980 asserendi
1180 3912 1651 3979 confectionem
1705 3911 1973 3978 balsami
2013 3931 2158 3977 esse

610 4041 862 4096 tantum
905 4028 1236 4117 praecepti,
1306 4040 1369 4094 et
1419 4049 1547 4094 non
1615 4050 1697 4094 ex
1768 4027 2159 4094 necessitate

614 4147 1038 4214 Sacramenti.

394 4301 478 4352 26.
706 4262 1164 4341 confirmatur,
1191 4262 1477 4329 chrisma
1510 4281 1637 4327 non
1661 4260 1923 4327 denotat
1952 4260 2151 4339 aliud,

266 4360 599 4418 confirmatio
620 4400 813 4467 quam
883 4378 1120 4445 dictam
1193 4379 1544 4445 mixturam
1584 4399 1664 4442 ex
1723 4397 1843 4443 usu
1894 4380 2155 4444 Patrum

265 4445 330 4479 ex
385 4424 593 4503 propria

268 4489 593 4603 sigmfigatio-
618 4507 681 4561 et
712 4494 1135 4574 Pontificum;
1174 4514 1384 4581 neque
1424 4493 1598 4560 enim
1634 4492 1949 4580 praedicti,
1992 4516 2157 4582 quos

268 4615 583 4746 οέιξξέξὲἶιίἰῗ
614 4612 988 4693 citavimuS,
1051 4611 1239 4677 aliter
1270 4612 1626 4698 loquuntur
1654 4611 1733 4676 de
1771 4611 2151 4692 chrismate,

291 4760 352 4793 ex
392 4740 564 4792 dicus.
616 4730 787 4818 quod
829 4728 1057 4796 dicunt
1103 4728 1472 4794 necessario
1549 4748 1694 4794 esse
1761 4749 1840 4794 ex
1902 4729 2045 4794 oleo
2095 4741 2161 4795 et

616 4846 931 4924 balsamO,
976 4843 1102 4911 nisi
1136 4857 1326 4933 prout
1364 4845 1625 4910 traditio
1666 4844 1859 4910 habet
1899 4866 2159 4931 semper

610 4975 1033 5042 conservata;
1108 4983 1320 5050 neque
1400 4962 1507 5028 alii
1586 4965 1833 5043 Patres,
1903 4963 2014 5049 qui
2090 4962 2156 5028 in

605 5079 825 5170 specie
894 5102 1022 5146 non
1082 5080 1461 5168 exprimunt
1532 5079 1917 5145 mixtionem
1987 5080 2159 5146 hanc

609 5198 905 5279 balsami,
953 5198 1141 5264 aliter
1183 5197 1527 5264 intendunt
1558 5197 1894 5263 materiam
1937 5199 2157 5263 Sacra·

611 5316 836 5396 menti,
900 5335 1093 5401 quam
1137 5313 1332 5378 suerit
1380 5313 1446 5378 in
1488 5334 1612 5379 usu
1655 5312 1989 5392 Ecclesiae,
2052 5333 2158 5377 se-

609 5431 895 5498 cundum
956 5429 1337 5518 primaevam
1399 5429 1811 5495 traditionem
1845 5440 1909 5495 et
1968 5428 2154 5495 insti-

607 5551 926 5618 tutionem
1035 5549 1458 5630 Sacramenti,
1571 5549 1830 5636 quando
1929 5548 2156 5615 dicunt

2266 2050 2458 2118 ficere
2499 2054 2641 2120 sine
2674 2053 2985 2121 balsamo.
3030 2055 3094 2121 Si
3136 2055 3314 2121 dicas
3362 2076 3506 2122 esse
3564 2067 3813 2141 partem

3853 2110 4131 2177 Responsio
4140 2149 4150 2160 .

2268 2166 2690 2253 integralem3
2761 2181 3010 2250 contra,
3073 2192 3222 2256 pars
3283 2169 3622 2257 integralis
3687 2191 3812 2236 non
3864 2178 4136 2287 Impffina·

2267 2283 2623 2368 requiritur
2670 2285 2748 2351 ad
2826 2288 3161 2352 materiam
3230 2285 3670 2353 sufficientem
3753 2301 3817 2354 et

2266 2399 2703 2480 essentialem,
2750 2422 2877 2488 qua
2915 2404 3122 2487 posita
3177 2404 3665 2470 Sacramentum
3725 2425 3815 2470 es-

2268 2525 2366 2580 set
2411 2516 2729 2599 validum,
2812 2520 2923 2585 sed
2988 2521 3258 2586 materia
3354 2521 3556 2608 hujus
3603 2523 3820 2587 Sacra-

2271 2633 2469 2697 menti
2522 2634 2748 2721 nequit
2774 2656 2919 2701 esse
2950 2633 3288 2702 sufficiens
3328 2634 3452 2700 nisi
3486 2636 3810 2713 chrisma;

2268 2747 2559 2813 chrisma
2591 2761 2808 2815 autem
2843 2749 3071 2837 nequit
3112 2770 3257 2816 esse
3307 2750 3450 2816 sine
3501 2749 3812 2833 balsamO,

2270 2877 2619 2951 utrumque
2653 2877 2828 2952 patet
2860 2887 2939 2932 ex
2971 2865 3187 2947 dictis,
3233 2888 3393 2954 ergo
3444 2888 3656 2954 neque
3692 2889 3808 2933 ve-

2268 2981 2426 3047 ritas
2458 2982 2691 3048 formae
2723 2983 3098 3049 Latinorum
3132 2983 3518 3062 subsistere,
3565 2984 3688 3049 nisi
3724 3006 3820 3050 re-

2268 3110 2494 3185 spectu
2547 3098 2738 3166 dictae
2797 3098 3087 3166 materiae
3131 3099 3399 3180 mixtae3
3455 3099 3569 3167 sed
3627 3100 3816 3187 quid-

2268 3214 2424 3301 quid
2465 3215 2820 3301 requiritur
2861 3237 2940 3282 ex
2970 3228 3150 3302 parte
3189 3216 3483 3283 materiae
3503 3229 3811 3305 tanquam

2269 3351 2418 3416 pars
2458 3332 2625 3418 ejuS,
2666 3344 2734 3399 ut
2773 3332 3090 3399 subsistat
3118 3333 3362 3400 veritas
3419 3333 3671 3414 for'mae,
3719 3345 3816 3400 est

2268 3448 2638 3529 essentiale,
2702 3449 2852 3535 quia
2903 3448 3132 3529 forma,
3215 3463 3284 3515 ut
3344 3449 3530 3531 falsa,
3589 3450 3815 3536 nequit

2268 3560 2701 3629 determinare
2754 3563 3089 3629 materiam
3130 3564 3553 3644 Sacramenti,
3603 3585 3814 3651 neque

2267 3699 2414 3746 esse
2445 3700 2597 3745 vera
2636 3681 2940 3765 practice,
2974 3701 3151 3766 ergO,
3205 3692 3327 3746 etc.
3375 3680 3642 3758 Deinde,
3700 3680 3810 3767 qui

2268 3795 2493 3862 dicunt
2532 3796 2893 3862 balsamum
2924 3796 3269 3863 admisceri
3328 3819 3410 3863 ex
3460 3799 3819 3864 necessita·

2269 3923 2333 3975 te
2363 3911 2668 3997 praecepti
2703 3911 2935 3993 divini,
2971 3932 3047 3977 eo
3089 3912 3230 3998 ipso
3276 3913 3627 3979 ostendunt
3675 3936 3822 3981 esse

2273 4029 2607 4094 materiam
2667 4029 3125 4108 necessariam,
3198 4030 3342 4096 sine
3371 4052 3499 4117 qua
3550 4032 3712 4097 nihil
3746 4033 3821 4098 fi-

2271 4156 2429 4224 eret,
2477 4164 2622 4210 nam
2666 4157 3063 4232 praeceptum
3114 4146 3410 4213 divinum
3460 4147 3539 4214 de
3586 4149 3815 4230 forma,

2272 4272 2383 4325 aut
2437 4261 2706 4327 materia
2752 4263 3323 4328 Sacramentorum
3384 4263 3647 4349 respicit
3718 4286 3817 4332 es·

2272 4376 2590 4456 sentialia,
2638 4378 2818 4444 verbi
2851 4376 3083 4464 gratia,
3139 4379 3217 4444 de
3256 4379 3625 4466 integritate
3667 4403 3819 4447 con·

2274 4493 2580 4561 fessionis
2615 4495 3011 4574 mortalium,
3048 4494 3238 4562 datur
3279 4509 3675 4583 praeceptum
3717 4498 3821 4564 di-

2274 4611 2524 4692 vinum,
2580 4625 2643 4677 et
2699 4611 2822 4678 hoc
2881 4611 3094 4698 ipsum
3147 4612 3299 4678 facit
3337 4613 3821 4680 confessionem

2272 4748 2418 4794 esse
2459 4728 2727 4802 nullam,
2770 4727 2891 4792 nisi
2927 4726 3121 4792 fuerit
3158 4728 3437 4814 integra.

2360 4843 2689 4930 Oinciunt
2756 4843 3113 4910 adversarii
3183 4845 3500 4930 quosdam
3593 4850 3817 4916 Patres

2272 4961 2596 5047 appellare
2695 4962 3031 5026 materiam
3128 4963 3326 5049 hujus
3420 4966 3819 5032 Sacramenti

2271 5078 2511 5144 oleum.
2579 5077 3029 5162 Respondetur
3077 5077 3271 5144 etiam
3318 5078 3632 5165 appellari
3662 5102 3819 5167 opo-

2271 5192 2632 5259 balsamum
2674 5195 2755 5259 ab
2794 5197 3064 5273 Irenaeo,
3128 5205 3192 5260 et
3240 5196 3677 5264 Bracharense
3734 5202 3811 5264 11.

2272 5332 2415 5396 cap.
2447 5316 2510 5376 4.
2547 5311 2701 5377 dicit
2733 5312 3094 5378 balsamum
3134 5335 3148 5392 ς
3221 5312 3600 5400 intelligunt
3658 5337 3818 5402 ergo

2275 5431 2492 5494 Patres
2523 5428 2735 5496 oleum
2772 5450 2885 5515 pro
2917 5429 3346 5510 confectione,
3383 5441 3446 5496 et
3478 5442 3818 5518 unguento

2270 5544 2672 5611 chrismatis.

3888 4932 4132 5007 Ob'ec'tio.

3895 5019 3967 5069 So
3989 5019 4130 5070 vitur-
