4287 6313
1601 406 1800 470 ms‘r.
1836 409 1906 468 v,
1956 406 2316 484 QUAEswo
2363 409 2440 469 n.

970 733 1433 815 QUAESTIO
1535 738 1638 809 ΙΙ.

496 1016 604 1082 An
630 1017 964 1102 recipiens
1004 1018 1423 1104 Baptismum
1459 1020 1746 1085 scienter
1790 1042 1832 1085 a
1864 1023 2042 1087 malo

763 1134 1098 1213 ministro,
1135 1134 1511 1200 mortaliter
1550 1146 1768 1222 peccet
1801 1136 1833 1200 f>

497 1383 558 1436 D.
587 1379 774 1436 Thom.
803 1380 858 1433 d.
893 1379 949 1435 5.
983 1396 1034 1447 q.
1062 1381 1117 1436 2.
1158 1396 1213 1436 α.
1258 1383 1312 1435 2.
1355 1386 1404 1435 et
1423 1382 1476 1436 3.
1504 1397 1557 1449 p.
1585 1397 1638 1450 q.
1668 1383 1760 1438 64.
1790 1395 1845 1453 q.
1885 1383 2042 1438 6.Βί-

564 1448 918 1518 chardhicfl.
946 1451 1000 1507 3.
1033 1468 1085 1519 q.
1120 1454 1170 1507 4.
1192 1453 1389 1507 Covar.
1415 1453 1555 1507 alma
1574 1457 1817 1522 materp.
1847 1456 1897 1510 1.
1929 1461 1965 1520 s·
1987 1460 2040 1510 2.

571 1540 730 1579 num.
782 1526 837 1580 7.
882 1525 1038 1578 Solus
1064 1525 1122 1575 d.
1194 1524 1244 1577 1.
1284 1541 1338 1592 q.
1391 1525 1445 1579 5.
1479 1541 1533 1579 a.
1588 1528 1643 1580 6.
1678 1528 1839 1582 Suar.
1886 1529 1939 1582 3.
1981 1543 2040 1595 p.

570 1601 709 1651 tom.
745 1596 800 1651 3.
846 1595 902 1649 d.
939 1595 1022 1651 11.
1057 1601 1183 1650 sect.
1216 1598 1325 1649 ult.

287 1867 333 1916 1,
590 1832 704 1906 Ad
747 1834 1180 1906 secundum
1252 1832 1366 1905 sic
1430 1835 1904 1926 proceditur
1961 1841 2041 1911 et

150 1932 351 1994 Argum
409 1931 458 1981 ¹·
500 1949 909 2041 arguitur,
1003 1947 1208 2042 quod
1262 1949 1661 2043 recipiens
1722 1951 2041 2042 Baptis-

504 2085 722 2137 mum
758 2085 804 2136 a
840 2064 1054 2136 malo
1090 2065 1469 2146 scienter,
1510 2070 1787 2159 peccat
1834 2089 2040 2139 mor-

497 2181 804 2265 taliter,
906 2181 1093 2275 quia
1171 2184 1604 2257 secundum
1699 2183 2039 2258 Ambro-

499 2297 711 2370 sium
749 2298 841 2371 de
890 2296 1307 2371 initiandis
1347 2299 1720 2372 rudibus:
1774 2304 1903 2378 Qui
1934 2303 2038 2387 fa-

496 2419 704 2497 ciunt,
743 2429 803 2484 et
861 2419 1097 2504 quibus
1132 2418 1419 2504 faciunt,
1476 2419 1658 2484 nihil
1717 2400 2031 2505 prodest,

493 2534 608 2599 sed
645 2534 735 2599 ad
754 2535 1090 2621 judicium
1122 2547 1237 2603 esc.
1280 2533 1679 2625 Loquitur
1735 2534 1826 2606 de
1879 2552 2035 2604 ma-

497 2657 600 2731 lis
649 2653 1271 2749 baptizantibuS,
1326 2662 1408 2731 et
1459 2658 2038 2751 recipientibus

498 2774 597 2849 ab
626 2774 744 2847 eis
777 2772 1314 2864 Baptismum.

588 2895 1027 2975 Praeterea,
1108 2914 1558 2988 cooperans
1637 2896 1871 2970 alicui
1942 2898 2035 2970 ad

505 3012 987 3103 peccandum
1130 3014 1622 3096 mortaliter,
1762 3019 2038 3107 peccat

500 3127 993 3214 mortaliter,
1032 3131 1217 3224 quia
1247 3134 1372 3206 est
1432 3137 1722 3207 contra
1780 3131 2039 3206 chari-

498 3248 751 3321 tatem
830 3243 1358 3331 fraternam;
1434 3249 1565 3329 sed
1627 3250 1760 3323 ille
1836 3253 2038 3325 reci-

496 3362 721 3456 piens
772 3364 1281 3455 Baptismum
1327 3386 1372 3437 a
1455 3356 2038 3443 ministro'ma-

492 3481 601 3563 lo,
666 3485 1165 3573 cooperatur
1207 3481 1356 3555 sibi
1413 3481 1493 3555 in
1555 3490 1735 3557 actu
1788 3486 2032 3579 bapti·

496 3596 750 3680 zandi,
800 3596 878 3669 in
938 3618 1093 3690 quo
1146 3604 1428 3691 peccat
1516 3603 2035 3685 mortaliter;

500 3733 723 3807 ergo,
759 3718 913 3787 etc.

597 3832 1032 3914 Praeterea,
1107 3838 1285 3906 esto
1372 3836 1579 3927 quod
1666 3835 2043 3912 minister

507 3951 751 4024 vellet
782 3953 1301 4027 committere
1347 3956 1747 4029 malitiam
1782 3957 2041 4032 Simo-

505 4069 659 4141 niae
753 4069 834 4141 in
920 4068 1402 4145 conferendo
1501 4074 2036 4166 Baptismum,

505 4189 699 4276 puta
794 4186 1045 4259 nollet
1140 4186 1583 4281 baptizare,
1654 4190 1808 4263 nisi
1894 4212 2041 4283 pro

505 4303 868 4395 pecunia,
904 4326 1064 4378 non
1110 4310 1387 4396 posset
1421 4308 1718 4400 aliquis
1782 4309 1878 4382 ab
1946 4331 2039 4382 eo

504 4419 892 4514 recipere,
952 4422 1109 4495 nisi
1177 4423 1730 4499 committeret
1795 4425 2042 4499 Simo-

500 4536 745 4619 niam,
786 4538 971 4632 quia
1006 4540 1073 4612 si
1123 4542 1471 4614 vendens
1503 4552 1620 4612 est
1663 4542 2042 4616 simonia-

503 4677 671 4736 cus,
717 4660 796 4728 et
830 4677 1148 4740 emens;
1183 4678 1382 4750 ergo
1426 4659 1719 4732 saltem
1764 4660 1844 4732 in
1900 4660 2039 4734 illo

503 4790 695 4843 casu
724 4772 1125 4865 recipiens
1169 4774 1284 4847 sic
1351 4795 1397 4846 a
1444 4776 1704 4858 malo,
1764 4783 2040 4869 peccat

509 4888 1002 4963 mortaliter.

596 5005 1076 5098 Oppositum
1108 5008 1199 5080 de
1256 5032 1506 5079 comeo.
1552 5013 1706 5080 disc.
1760 5014 1826 5084 4.
1889 5038 2034 5103 cap.

504 5122 947 5205 Romanus,
1000 5123 1299 5196 dicitur
1356 5146 1430 5197 m
1510 5128 1663 5198 fine
1729 5130 2040 5223 capitu-

502 5238 559 5310 li
596 5263 610 5306 :
648 5242 978 5308 Romanus
1020 5244 1346 5322 Pontifex
1390 5267 1526 5312 non
1589 5248 1875 5315 attendit
1931 5252 2043 5316 ho-

501 5359 766 5437 minem,
830 5360 945 5446 qui
983 5359 1301 5446 baptizat.
1355 5363 1470 5428 sed
1500 5364 1730 5446 Deum,
1771 5369 1894 5432 etsi
1918 5389 2038 5454 pa-

498 5490 715 5556 yanus
750 5472 859 5548 sit,
890 5475 1005 5558 qui
1043 5473 1365 5560 baptizat.

593 5584 1003 5657 Praeterea
1140 5587 1644 5672 Augustinus

152 2903 377 2967 Argum.
408 2903 463 2954 2.

154 3856 353 3921 Argum
365 3893 379 3908 .
414 3855 446 3905 3
459 3895 471 3907 .

248 5013 399 5063 Retio

149 5079 217 5128 ad
251 5075 467 5141 opposit.

1795 5613 2040 5685 super

3597 406 3716 470 507

2157 566 2390 639 Joan.
2443 572 2675 638 homil.
2719 571 2785 642 5.
2848 581 2931 637 et.
2979 572 3042 640 1.
3095 591 3158 658 q.
3231 571 3294 639 1.
3375 590 3522 656 cap.
3621 564 3696 637 Si

2153 682 2428 764 fuerit,
2481 708 2614 753 non
2660 691 3016 755 exhorreat
3084 686 3382 753 columba
3409 685 3694 751 ninisce-

2151 804 2335 868 riu-m
2364 804 2722 871 malorum.

2684 1080 3084 1139 SCHOLIUM.

2226 1342 2428 1397 Posita
2460 1340 2699 1410 duplici
2733 1342 3058 1408 sententia,
3092 1342 3353 1398 resolvit
3406 1341 3700 1413 probabi-

2154 1442 2278 1496 lius
2336 1456 2493 1508 esse,
2554 1441 2757 1496 teneri
2816 1441 3102 1497 adultum
3169 1443 3236 1496 in
3331 1445 3699 1500 necessitate

2154 1544 2432 1595 extrema
2454 1540 2742 1608 accipere
2764 1537 3151 1607 Baptismum
3171 1553 3206 1594 a
3229 1539 3518 1595 ministro
3537 1554 3701 1609 prae-

2154 1637 2280 1691 ciso
2309 1636 2443 1705 (qui
2478 1633 2654 1690 modo
2687 1639 2924 1690 tantum
2955 1640 3247 1692 censetur
3268 1637 3701 1692 excommuni-

2153 1736 2326 1789 catus
2358 1732 2749 1799 nominatim,
2807 1732 2910 1788 vel
2967 1731 3042 1788 ob
3100 1733 3403 1790 notoriam
3451 1734 3701 1804 injecti-

2154 1845 2334 1885 onem
2370 1844 2670 1886 manuum
2696 1831 2759 1884 in
2785 1831 3215 1900 Clericum),et
3243 1832 3358 1887 hoc
3387 1836 3523 1902 post
3543 1832 3703 1888 Con-

2156 1930 2260 1985 cil.
2288 1931 2759 1987 constantiense
2817 1936 2876 1986 et
2908 1931 3095 1986 Basil.
3130 1930 3555 1989 certissimum
3587 1934 3699 1989 est.

2156 2028 2375 2085 Probat
2405 2030 2631 2100 prime,
2664 2031 2812 2100 quia
2844 2034 3212 2101 praeceptum
3265 2029 3340 2085 de
3390 2031 3705 2101 Baptismo

2153 2133 2244 2183 est
2294 2127 2584 2184 divinum
2618 2171 2632 2192 ,
2669 2127 2744 2183 de
2801 2143 2921 2183 non
2981 2128 3501 2185 communicando
3559 2143 3701 2184 cum

2154 2227 2709 2291 excommunicate,
2789 2226 3318 2283 Ecclesiasticum.
3399 2225 3699 2293 Secunde,

2153 2324 2729 2380 excommunicatus
2786 2330 3034 2381 tenetur
3062 2326 3494 2394 agonizantem
3545 2339 3702 2396 pue-

2153 2435 2294 2476 rum
2317 2421 2656 2491 baptizare.
2692 2423 2918 2490 Tertio,
2950 2439 3026 2479 ex
3062 2426 3325 2494 August.
3361 2423 3467 2480 hic
3517 2424 3701 2481 citato

2151 2524 2211 2575 et
2242 2518 2350 2575 lib.
2389 2522 2443 2574 6.
2478 2534 2613 2590 cap.
2647 2521 2701 2577 5.
2735 2526 2797 2577 et
2826 2522 3101 2578 refertur
3148 2522 3225 2578 de
3258 2537 3426 2579 cena.
3460 2521 3519 2578 d.
3552 2523 3605 2577 4.
3641 2537 3695 2579 c.

2153 2619 2478 2689 quomodo.

2244 2895 2394 2968 Hic
2427 2897 2528 2985 (a)
2560 2897 3094 2989 distinguitur
3123 2899 3214 2970 de
3251 2898 3506 2980 malo;
3552 2906 3691 2975 aut
3761 2906 4008 3021 fficiam.

2149 3016 2272 3086 est
2325 3013 2716 3107 praecisus
2751 3015 2849 3086 ab
2891 3015 3255 3088 Ecclesia
3289 3015 3686 3099 totaliter,
3772 3034 3861 3083 mc
3880 3047 3929 3082 a.
3960 3034 4013 3086 3.

2150 3131 2277 3203 vel
2334 3130 2426 3204 ad
2485 3132 2992 3225 tempus;vel
3042 3154 3202 3207 non
3273 3133 3686 3228 praecisus,
3739 3099 4017 3217 nqihgrh.

2153 3249 2284 3321 sed
2319 3248 2792 3341 permissus.
2837 3252 2951 3323 De
3001 3250 3239 3324 istius
3270 3251 3692 3326 divisionis
3728 3245 3789 3342 ξς
3805 3226 4042 3343 ,25132292

2156 3366 2539 3439 membris
2583 3387 2728 3460 per
2763 3367 3124 3440 ordinem
3167 3368 3598 3444 videamus.
3830 3371 3942 3421 ⁸²⁸·

2241 3486 2357 3556 De
2393 3483 2660 3576 primo
2704 3485 2827 3573 (b),
2885 3486 3070 3556 sunt
3111 3485 3263 3557 duo
3310 3486 3523 3558 modi
3581 3487 3695 3560 di-

2153 3599 2375 3672 cendi
2412 3600 2806 3693 oppositi:
2856 3621 3087 3681 unus,
3126 3601 3332 3692 quod
3375 3605 3701 3677 tenetur

2155 3715 2449 3807 aliquis
2485 3735 2531 3787 a
2564 3716 2713 3789 tali
2748 3716 3111 3808 recipere
3161 3716 3699 3810 Baptismum,

2162 3835 2230 3906 si
2263 3854 2423 3906 non
2457 3833 2718 3926 possit
2766 3833 3065 3907 habere
3141 3834 3393 3907 alium
3471 3835 3695 3908 mini-

2161 3958 2453 4033 strum,
2494 3952 2680 4044 quia
2715 3953 3186 4046 Baptismus
3254 3958 3378 4028 est
3413 3956 3696 4028 Sacra-

2160 4076 2519 4142 mentum
2563 4069 3105 4143 necessitatis.
3142 4068 3370 4143 Alius
3426 4071 3703 4144 modus

2154 4185 2459 4257 dicendi
2499 4188 2646 4268 est,
2694 4185 2899 4277 quod
2933 4189 3256 4259 tenetur
3305 4206 3465 4257 non
3498 4186 3704 4260 reci-

2156 4321 2349 4394 pere
2418 4302 2514 4373 ab
2590 4322 2710 4386 ec,
2765 4306 2846 4377 et
2906 4302 3361 4396 recipiendo
3427 4307 3702 4396 peccat

2160 4421 2653 4494 mortaliter.

2245 4538 2417 4613 Hoc
2464 4543 2737 4613 autem
2788 4539 2903 4613 sic
2953 4541 3445 4625 declaratur,
3513 4543 3701 4633 quia

2155 4655 2683 4748 baptizandus
2735 4662 2874 4731 aut
2934 4662 3061 4732 est
3133 4660 3480 4743 adultus,
3557 4663 3700 4736 aut

2155 4779 2573 4867 parvulus.
2640 4779 2720 4852 Si
2777 4779 3121 4863 adultuS,
3186 4780 3488 4857 sufficit
3550 4781 3701 4855 sibi

2154 4895 2623 4986 Baptismus
2674 4897 3053 4979 flaminis,
3143 4900 3455 4991 quando
3540 4919 3701 4971 non

2154 5017 2426 5105 potest
2487 5013 2784 5087 habere
2852 5014 3364 5107 Baptismum
3431 5017 3699 5089 fiumi-

2155 5131 2319 5212 nis;
2367 5130 2447 5201 in
2490 5131 2915 5224 proposito
2968 5152 3128 5204 non
3186 5132 3423 5206 habet
3477 5133 3702 5206 mini·

2156 5252 2445 5329 strum,
2516 5248 2702 5341 quia
2778 5248 3275 5341 prohibitum
3335 5253 3459 5323 est
3550 5250 3699 5322 sibi

2156 5364 2760 5436 communicare
2802 5385 2984 5437 cum
3020 5366 3159 5439 illo
3204 5366 3570 5458 praeciso,
3619 5370 3697 5439 et

2157 5481 2507 5553 maxime
2560 5482 2640 5553 in
2706 5477 3020 5554 actibus
3081 5483 3696 5557 sacramentali·

2154 5599 2344 5678 bus;
2400 5618 2601 5691 ergo
2654 5598 2790 5673 ille
2845 5600 3299 5673 salvabitur
3353 5621 3514 5673 non
3579 5620 3703 5673 re-
