<?xml version="1.0" encoding="UTF-8"?>
<!DOCTYPE html PUBLIC "-//W3C//DTD XHTML 1.0 Transitional//EN"
    "http://www.w3.org/TR/xhtml1/DTD/xhtml1-transitional.dtd">
<html xmlns="http://www.w3.org/1999/xhtml" xml:lang="en" lang="en">
 <head>
  <title>
</title>
<meta http-equiv="Content-Type" content="text/html;charset=utf-8" />
  <meta name='ocr-system' content='tesseract 3.04.00' />
  <meta name='ocr-capabilities' content='ocr_page ocr_carea ocr_par ocr_line ocrx_word'/>
</head>
<body>
  <div class='ocr_page' id='page_1' title='image "./joannisdunsscot01waddgoog_0326.png"; bbox 0 0 4287 6313; ppageno 0'>
   <div class='ocr_carea' id='block_1_1' title="bbox 242 3025 542 3283">
    <p class='ocr_par' dir='ltr' id='par_1_1' title="bbox 242 3025 542 3283">
     <span class='ocr_line' id='line_1_1' title="bbox 242 3025 542 3090; baseline -0.017 -13"><span class='ocrx_word' id='word_1_1' title='bbox 242 3025 542 3090; x_wconf 78' lang='lat' dir='ltr'>Explicatur</span> 
     </span>
     <span class='ocr_line' id='line_1_2' title="bbox 268 3085 534 3143; baseline -0.011 -5"><span class='ocrx_word' id='word_1_2' title='bbox 268 3085 534 3143; x_wconf 79' lang='lat' dir='ltr'>antithesis</span> 
     </span>
     <span class='ocr_line' id='line_1_3' title="bbox 289 3151 507 3221; baseline -0.018 -18"><span class='ocrx_word' id='word_1_3' title='bbox 289 3151 448 3221; x_wconf 81' lang='lat' dir='ltr'><strong>posita</strong></span> <span class='ocrx_word' id='word_1_4' title='bbox 478 3165 507 3199; x_wconf 78' lang='lat' dir='ltr'><strong>a</strong></span> 
     </span>
     <span class='ocr_line' id='line_1_4' title="bbox 271 3217 541 3283; baseline -0.011 -18"><span class='ocrx_word' id='word_1_5' title='bbox 271 3217 541 3283; x_wconf 76' lang='lat' dir='ltr'><strong>Cypriane.</strong></span> 
     </span>
    </p>
   </div>
   <div class='ocr_carea' id='block_1_2' title="bbox 544 408 2660 484">
    <p class='ocr_par' dir='ltr' id='par_1_2' title="bbox 544 408 2660 484">
     <span class='ocr_line' id='line_1_5' title="bbox 544 408 2660 484; baseline -0.005 -1"><span class='ocrx_word' id='word_1_6' title='bbox 544 421 661 484; x_wconf 81' lang='lat'><strong>310</strong></span> <span class='ocrx_word' id='word_1_7' title='bbox 1726 411 1878 474; x_wconf 74' lang='lat' dir='ltr'><strong>Lm.</strong></span> <span class='ocrx_word' id='word_1_8' title='bbox 1921 410 2020 474; x_wconf 77' lang='lat' dir='ltr'><strong>lv,</strong></span> <span class='ocrx_word' id='word_1_9' title='bbox 2062 408 2660 473; x_wconf 73' lang='lat' dir='ltr'><strong>SENTEN&#39;riARUM</strong></span> 
     </span>
    </p>
   </div>
   <div class='ocr_carea' id='block_1_3' title="bbox 539 563 3830 672">
    <p class='ocr_par' dir='ltr' id='par_1_3' title="bbox 539 563 3830 672">
     <span class='ocr_line' id='line_1_6' title="bbox 539 563 3830 672; baseline -0.007 -21"><span class='ocrx_word' id='word_1_10' title='bbox 539 583 913 672; x_wconf 82' lang='lat' dir='ltr'><strong>Baptismus</strong></span> <span class='ocrx_word' id='word_1_11' title='bbox 979 581 1339 650; x_wconf 84' lang='lat' dir='ltr'><strong>adstruitur</strong></span> <span class='ocrx_word' id='word_1_12' title='bbox 1421 579 1609 645; x_wconf 89' lang='lat' dir='ltr'><strong>datus</strong></span> <span class='ocrx_word' id='word_1_13' title='bbox 1661 576 1725 642; x_wconf 90' lang='lat' dir='ltr'><strong>in</strong></span> <span class='ocrx_word' id='word_1_14' title='bbox 1822 574 2087 641; x_wconf 89' lang='lat' dir='ltr'><strong>nomine</strong></span> <span class='ocrx_word' id='word_1_15' title='bbox 2201 583 2385 640; x_wconf 86' lang='lat' dir='ltr'><strong>extra</strong></span> <span class='ocrx_word' id='word_1_16' title='bbox 2460 572 2654 639; x_wconf 87' lang='lat' dir='ltr'><strong>fidem</strong></span> <span class='ocrx_word' id='word_1_17' title='bbox 2723 592 2974 652; x_wconf 84' lang='lat' dir='ltr'><strong>veram,</strong></span> <span class='ocrx_word' id='word_1_18' title='bbox 3019 579 3083 636; x_wconf 87' lang='lat' dir='ltr'><strong>et</strong></span> <span class='ocrx_word' id='word_1_19' title='bbox 3135 578 3361 635; x_wconf 79' lang='lat' dir='ltr'><strong>contra</strong></span> <span class='ocrx_word' id='word_1_20' title='bbox 3419 563 3640 642; x_wconf 83' lang='lat' dir='ltr'><strong>fidem,</strong></span> <span class='ocrx_word' id='word_1_21' title='bbox 3688 572 3759 630; x_wconf 90' lang='lat' dir='ltr'><strong>ut</strong></span> <span class='ocrx_word' id='word_1_22' title='bbox 3824 571 3830 577; x_wconf 82' lang='grc'><em>’</em></span> 
     </span>
    </p>
   </div>
   <div class='ocr_carea' id='block_1_4' title="bbox 536 681 4131 2652">
    <p class='ocr_par' dir='ltr' id='par_1_4' title="bbox 536 681 3753 794">
     <span class='ocr_line' id='line_1_7' title="bbox 536 681 3753 794; baseline -0.009 -20"><span class='ocrx_word' id='word_1_23' title='bbox 536 709 803 789; x_wconf 80' lang='lat' dir='ltr'><strong>Christi,</strong></span> <span class='ocrx_word' id='word_1_24' title='bbox 850 710 992 774; x_wconf 83' lang='lat' dir='ltr'><strong>Act.</strong></span> <span class='ocrx_word' id='word_1_25' title='bbox 1029 713 1092 775; x_wconf 69' lang='grc' dir='ltr'><strong>Ξ.</strong></span> <span class='ocrx_word' id='word_1_26' title='bbox 1141 727 1254 794; x_wconf 81' lang='lat' dir='ltr'><strong>per</strong></span> <span class='ocrx_word' id='word_1_27' title='bbox 1281 702 1674 773; x_wconf 80' lang='lat' dir='ltr'><strong>Antithesim</strong></span> <span class='ocrx_word' id='word_1_28' title='bbox 1703 703 1980 788; x_wconf 79' lang='lat' dir='ltr'><strong>loquens</strong></span> <span class='ocrx_word' id='word_1_29' title='bbox 2010 700 2090 766; x_wconf 77' lang='lat' dir='ltr'><strong>de</strong></span> <span class='ocrx_word' id='word_1_30' title='bbox 2203 690 2468 756; x_wconf 84' lang='lat' dir='ltr'><strong>fuerunt</strong></span> <span class='ocrx_word' id='word_1_31' title='bbox 2494 689 2782 755; x_wconf 84' lang='lat' dir='ltr'>Gentiles</span> <span class='ocrx_word' id='word_1_32' title='bbox 2820 699 3028 764; x_wconf 81' lang='lat' dir='ltr'><strong>extra,</strong></span> <span class='ocrx_word' id='word_1_33' title='bbox 3067 697 3132 750; x_wconf 86' lang='lat' dir='ltr'><strong>et</strong></span> <span class='ocrx_word' id='word_1_34' title='bbox 3163 681 3453 749; x_wconf 83' lang='lat' dir='ltr'><strong>haeretici</strong></span> <span class='ocrx_word' id='word_1_35' title='bbox 3505 691 3753 759; x_wconf 85' lang='lat' dir='ltr'><strong>contra,</strong></span> 
     </span>
    </p>

    <p class='ocr_par' dir='ltr' id='par_1_5' title="bbox 537 796 3763 907">
     <span class='ocr_line' id='line_1_8' title="bbox 537 796 3763 907; baseline -0.011 -14"><span class='ocrx_word' id='word_1_36' title='bbox 537 826 782 893; x_wconf 81' lang='lat' dir='ltr'><strong>ludaeis</strong></span> <span class='ocrx_word' id='word_1_37' title='bbox 812 836 875 891; x_wconf 87' lang='lat' dir='ltr'><strong>et</strong></span> <span class='ocrx_word' id='word_1_38' title='bbox 915 823 1255 902; x_wconf 80' lang='lat' dir='ltr'><strong>GentibuS,</strong></span> <span class='ocrx_word' id='word_1_39' title='bbox 1299 834 1493 907; x_wconf 86' lang='lat' dir='ltr'><strong>atque</strong></span> <span class='ocrx_word' id='word_1_40' title='bbox 1522 820 1602 885; x_wconf 90' lang='lat' dir='ltr'><strong>de</strong></span> <span class='ocrx_word' id='word_1_41' title='bbox 1642 820 1849 885; x_wconf 82' lang='lat' dir='ltr'><strong>forma</strong></span> <span class='ocrx_word' id='word_1_42' title='bbox 1881 816 2091 903; x_wconf 80' lang='lat' dir='ltr'><strong>bapti·</strong></span> <span class='ocrx_word' id='word_1_43' title='bbox 2203 828 2283 873; x_wconf 85' lang='lat' dir='ltr'><strong>ex</strong></span> <span class='ocrx_word' id='word_1_44' title='bbox 2325 807 2645 871; x_wconf 83' lang='lat' dir='ltr'><strong>sententia</strong></span> <span class='ocrx_word' id='word_1_45' title='bbox 2717 802 3052 891; x_wconf 81' lang='lat' dir='ltr'><strong>Cypriani,</strong></span> <span class='ocrx_word' id='word_1_46' title='bbox 3097 800 3209 887; x_wconf 91' lang='lat' dir='ltr'><strong>qui</strong></span> <span class='ocrx_word' id='word_1_47' title='bbox 3260 796 3601 864; x_wconf 84' lang='lat' dir='ltr'><strong>constituit</strong></span> <span class='ocrx_word' id='word_1_48' title='bbox 3655 799 3763 862; x_wconf 83' lang='lat' dir='ltr'><strong>Ju-</strong></span> 
     </span>
    </p>

    <p class='ocr_par' dir='ltr' id='par_1_6' title="bbox 542 915 3765 1028">
     <span class='ocr_line' id='line_1_9' title="bbox 542 915 3765 1028; baseline -0.009 -19"><span class='ocrx_word' id='word_1_49' title='bbox 542 942 728 1009; x_wconf 88' lang='lat' dir='ltr'><strong>zandi</strong></span> <span class='ocrx_word' id='word_1_50' title='bbox 799 953 1135 1028; x_wconf 87' lang='lat' dir='ltr'><strong>utrosque,</strong></span> <span class='ocrx_word' id='word_1_51' title='bbox 1221 937 1487 1004; x_wconf 75' lang='lat' dir='ltr'><strong>videtur</strong></span> <span class='ocrx_word' id='word_1_52' title='bbox 1570 935 1915 1001; x_wconf 76' lang='lat' dir='ltr'>admittere</span> <span class='ocrx_word' id='word_1_53' title='bbox 1999 933 2094 999; x_wconf 90' lang='lat' dir='ltr'><strong>sic</strong></span> <span class='ocrx_word' id='word_1_54' title='bbox 2206 924 2385 988; x_wconf 75' lang='lat' dir='ltr'><strong>daeos</strong></span> <span class='ocrx_word' id='word_1_55' title='bbox 2427 921 2595 987; x_wconf 78' lang='lat' dir='ltr'><strong>intra</strong></span> <span class='ocrx_word' id='word_1_56' title='bbox 2624 919 3007 1001; x_wconf 77' lang='lat' dir='ltr'>Ecclesiam,</span> <span class='ocrx_word' id='word_1_57' title='bbox 3064 935 3300 1002; x_wconf 81' lang='lat' dir='ltr'><strong>nempe</strong></span> <span class='ocrx_word' id='word_1_58' title='bbox 3339 915 3765 1000; x_wconf 80' lang='lat' dir='ltr'><strong>Synagogam</strong></span> 
     </span>
    </p>

    <p class='ocr_par' dir='ltr' id='par_1_7' title="bbox 545 1027 3770 1145">
     <span class='ocr_line' id='line_1_10' title="bbox 545 1027 3770 1145; baseline -0.008 -20"><span class='ocrx_word' id='word_1_59' title='bbox 545 1061 750 1126; x_wconf 81' lang='lat' dir='ltr'><strong>fuisse</strong></span> <span class='ocrx_word' id='word_1_60' title='bbox 771 1039 1172 1145; x_wconf 82' lang='lat' dir='ltr'><strong>Baptismum</strong></span> <span class='ocrx_word' id='word_1_61' title='bbox 1199 1055 1420 1122; x_wconf 90' lang='lat' dir='ltr'><strong>datum</strong></span> <span class='ocrx_word' id='word_1_62' title='bbox 1445 1055 1808 1120; x_wconf 85' lang='lat' dir='ltr'><strong>innomine</strong></span> <span class='ocrx_word' id='word_1_63' title='bbox 1841 1052 2094 1117; x_wconf 83' lang='lat' dir='ltr'><strong>Christi</strong></span> <span class='ocrx_word' id='word_1_64' title='bbox 2160 1123 2165 1130; x_wconf 47' lang='grc'><strong>,</strong></span> <span class='ocrx_word' id='word_1_65' title='bbox 2208 1058 2325 1123; x_wconf 77' lang='lat' dir='ltr'><strong>pel·</strong></span> <span class='ocrx_word' id='word_1_66' title='bbox 2367 1057 2594 1103; x_wconf 67' lang='lat' dir='ltr'><strong>veram</strong></span> <span class='ocrx_word' id='word_1_67' title='bbox 2641 1035 2834 1100; x_wconf 78' lang='lat' dir='ltr'><strong>fidem</strong></span> <span class='ocrx_word' id='word_1_68' title='bbox 2907 1034 3075 1120; x_wconf 79' lang='lat' dir='ltr'><strong>legis</strong></span> <span class='ocrx_word' id='word_1_69' title='bbox 3145 1031 3417 1118; x_wconf 79' lang='lat' dir='ltr'>Moysis,</span> <span class='ocrx_word' id='word_1_70' title='bbox 3490 1041 3554 1096; x_wconf 82' lang='lat' dir='ltr'><strong>et</strong></span> <span class='ocrx_word' id='word_1_71' title='bbox 3599 1027 3770 1094; x_wconf 76' lang='lat' dir='ltr'><strong>anti-</strong></span> 
     </span>
    </p>

    <p class='ocr_par' dir='ltr' id='par_1_8' title="bbox 543 1131 3765 1255">
     <span class='ocr_line' id='line_1_11' title="bbox 543 1131 3765 1255; baseline -0.009 -13"><span class='ocrx_word' id='word_1_72' title='bbox 543 1175 812 1255; x_wconf 74' lang='lat' dir='ltr'><strong>ludaeis,</strong></span> <span class='ocrx_word' id='word_1_73' title='bbox 873 1172 1238 1240; x_wconf 82' lang='lat' dir='ltr'><strong>Gentilibus</strong></span> <span class='ocrx_word' id='word_1_74' title='bbox 1281 1165 1437 1236; x_wconf 78' lang='lat' dir='ltr'><strong>ve‘ro</strong></span> <span class='ocrx_word' id='word_1_75' title='bbox 1479 1171 1545 1235; x_wconf 91' lang='lat' dir='ltr'><strong>in</strong></span> <span class='ocrx_word' id='word_1_76' title='bbox 1584 1170 1785 1255; x_wconf 87' lang='lat' dir='ltr'><strong>plena</strong></span> <span class='ocrx_word' id='word_1_77' title='bbox 1834 1180 1893 1234; x_wconf 88' lang='lat' dir='ltr'><strong>et</strong></span> <span class='ocrx_word' id='word_1_78' title='bbox 1932 1168 2095 1233; x_wconf 87' lang='lat' dir='ltr'><strong>adu·</strong></span> <span class='ocrx_word' id='word_1_79' title='bbox 2211 1174 2413 1241; x_wconf 80' lang='lat' dir='ltr'><strong>quum</strong></span> <span class='ocrx_word' id='word_1_80' title='bbox 2445 1153 2798 1239; x_wconf 72' lang='lat' dir='ltr'><strong>Bapti8m8‚</strong></span> <span class='ocrx_word' id='word_1_81' title='bbox 2858 1150 3092 1237; x_wconf 78' lang='lat' dir='ltr'><strong>supple</strong></span> <span class='ocrx_word' id='word_1_82' title='bbox 3156 1131 3765 1215; x_wconf 71' lang='lat' dir='ltr'><strong>Circumcisiohem.</strong></span> 
     </span>
    </p>

    <p class='ocr_par' dir='ltr' id='par_1_9' title="bbox 549 1262 3775 1373">
     <span class='ocr_line' id='line_1_12' title="bbox 549 1262 3775 1373; baseline -0.008 -19"><span class='ocrx_word' id='word_1_83' title='bbox 549 1302 708 1357; x_wconf 83' lang='lat' dir='ltr'><strong>nata</strong></span> <span class='ocrx_word' id='word_1_84' title='bbox 772 1289 1122 1355; x_wconf 76' lang='lat' dir='ltr'><strong>Trinitate.</strong></span> <span class='ocrx_word' id='word_1_85' title='bbox 1195 1287 1403 1351; x_wconf 78' lang='lat' dir='ltr'><strong>Verba</strong></span> <span class='ocrx_word' id='word_1_86' title='bbox 1466 1286 1611 1373; x_wconf 77' lang='lat' dir='ltr'><strong>ejus</strong></span> <span class='ocrx_word' id='word_1_87' title='bbox 1678 1295 1867 1350; x_wconf 76' lang='lat' dir='ltr'><strong>sunt:</strong></span> <span class='ocrx_word' id='word_1_88' title='bbox 1940 1283 2098 1348; x_wconf 73' lang='lat' dir='ltr'><strong>Alia</strong></span> <span class='ocrx_word' id='word_1_89' title='bbox 2211 1270 2622 1337; x_wconf 84' lang='lat' dir='ltr'><strong>Advertenda</strong></span> <span class='ocrx_word' id='word_1_90' title='bbox 2654 1270 2850 1335; x_wconf 88' lang='lat' dir='ltr'><strong>etiam</strong></span> <span class='ocrx_word' id='word_1_91' title='bbox 2883 1268 2989 1332; x_wconf 91' lang='lat' dir='ltr'><strong>illa</strong></span> <span class='ocrx_word' id='word_1_92' title='bbox 3015 1264 3332 1353; x_wconf 87' lang='lat' dir='ltr'><strong>particula</strong></span> <span class='ocrx_word' id='word_1_93' title='bbox 3370 1262 3587 1339; x_wconf 85' lang='lat' dir='ltr'><strong>modo,</strong></span> <span class='ocrx_word' id='word_1_94' title='bbox 3625 1282 3775 1349; x_wconf 78' lang='lat' dir='ltr'><strong>quae</strong></span> 
     </span>
    </p>

    <p class='ocr_par' dir='ltr' id='par_1_10' title="bbox 549 1384 3756 1494">
     <span class='ocr_line' id='line_1_13' title="bbox 549 1384 3756 1494; baseline -0.009 -19"><span class='ocrx_word' id='word_1_95' title='bbox 549 1410 731 1475; x_wconf 80' lang='lat' dir='ltr'><strong>enim</strong></span> <span class='ocrx_word' id='word_1_96' title='bbox 773 1407 912 1494; x_wconf 79' lang='lat' dir='ltr'><strong>suit</strong></span> <span class='ocrx_word' id='word_1_97' title='bbox 950 1406 1334 1472; x_wconf 65' lang='lat' dir='ltr'><strong>Iudaeorum</strong></span> <span class='ocrx_word' id='word_1_98' title='bbox 1370 1403 1487 1470; x_wconf 88' lang='lat' dir='ltr'><strong>sub</strong></span> <span class='ocrx_word' id='word_1_99' title='bbox 1535 1403 1866 1488; x_wconf 87' lang='lat' dir='ltr'><strong>Apostolis</strong></span> <span class='ocrx_word' id='word_1_100' title='bbox 1895 1403 2093 1479; x_wconf 87' lang='lat' dir='ltr'><strong>ratio,</strong></span> <span class='ocrx_word' id='word_1_101' title='bbox 2210 1384 2601 1450; x_wconf 64' lang='lat' dir='ltr'><strong>determinat</strong></span> <span class='ocrx_word' id='word_1_102' title='bbox 2657 1394 2917 1468; x_wconf 57' lang='lat' dir='ltr'><strong>tempus</strong></span> <span class='ocrx_word' id='word_1_103' title='bbox 2998 1399 3290 1465; x_wconf 70' lang='lat' dir='ltr'><strong>praesens</strong></span> <span class='ocrx_word' id='word_1_104' title='bbox 3366 1386 3756 1444; x_wconf 77' lang='lat' dir='ltr'><strong>controver-</strong></span> 
     </span>
    </p>

    <p class='ocr_par' dir='ltr' id='par_1_11' title="bbox 550 1494 3773 1604">
     <span class='ocr_line' id='line_1_14' title="bbox 550 1494 3773 1604; baseline -0.01 -9"><span class='ocrx_word' id='word_1_105' title='bbox 550 1526 693 1591; x_wconf 83' lang='lat' dir='ltr'><strong>alia</strong></span> <span class='ocrx_word' id='word_1_106' title='bbox 722 1535 815 1590; x_wconf 86' lang='lat' dir='ltr'><strong>est</strong></span> <span class='ocrx_word' id='word_1_107' title='bbox 851 1522 1217 1589; x_wconf 87' lang='lat' dir='ltr'><strong>Gentilium</strong></span> <span class='ocrx_word' id='word_1_108' title='bbox 1257 1520 1555 1587; x_wconf 84' lang='lat' dir='ltr'><strong>conditio</strong></span> <span class='ocrx_word' id='word_1_109' title='bbox 1576 1543 1601 1598; x_wconf 89' lang='lat'><strong>,·</strong></span> <span class='ocrx_word' id='word_1_110' title='bbox 1633 1519 1746 1585; x_wconf 84' lang='lat' dir='ltr'><strong>illi</strong></span> <span class='ocrx_word' id='word_1_111' title='bbox 1775 1519 2106 1604; x_wconf 84' lang='lat' dir='ltr'><strong>quiajam</strong></span> <span class='ocrx_word' id='word_1_112' title='bbox 2218 1503 2359 1578; x_wconf 81' lang='lat' dir='ltr'><strong>siae,</strong></span> <span class='ocrx_word' id='word_1_113' title='bbox 2413 1513 2477 1568; x_wconf 86' lang='lat' dir='ltr'><strong>et</strong></span> <span class='ocrx_word' id='word_1_114' title='bbox 2514 1500 2826 1587; x_wconf 81' lang='lat' dir='ltr'><strong>implicite</strong></span> <span class='ocrx_word' id='word_1_115' title='bbox 2871 1497 3183 1585; x_wconf 85' lang='lat' dir='ltr'><strong>supponit</strong></span> <span class='ocrx_word' id='word_1_116' title='bbox 3216 1496 3379 1562; x_wconf 86' lang='lat' dir='ltr'><strong>alias</strong></span> <span class='ocrx_word' id='word_1_117' title='bbox 3411 1494 3773 1580; x_wconf 87' lang='lat' dir='ltr'><strong>baptizatos</strong></span> 
     </span>
    </p>

    <p class='ocr_par' dir='ltr' id='par_1_12' title="bbox 553 1612 4131 2416">
     <span class='ocr_line' id='line_1_15' title="bbox 557 1612 4131 1728; baseline -0.008 -21"><span class='ocrx_word' id='word_1_118' title='bbox 557 1642 720 1728; x_wconf 79' lang='lat' dir='ltr'><strong>leqis</strong></span> <span class='ocrx_word' id='word_1_119' title='bbox 748 1651 809 1708; x_wconf 89' lang='lat' dir='ltr'><strong>et</strong></span> <span class='ocrx_word' id='word_1_120' title='bbox 864 1640 1115 1725; x_wconf 80' lang='lat' dir='ltr'><strong>Moysis</strong></span> <span class='ocrx_word' id='word_1_121' title='bbox 1168 1637 1710 1724; x_wconf 87' lang='lat' dir='ltr'><strong>antiquissimum</strong></span> <span class='ocrx_word' id='word_1_122' title='bbox 1780 1634 2107 1720; x_wconf 87' lang='lat' dir='ltr'><strong>baptisma</strong></span> <span class='ocrx_word' id='word_1_123' title='bbox 2220 1619 2424 1687; x_wconf 69' lang='lat' dir='ltr'><strong>fuisse</strong></span> <span class='ocrx_word' id='word_1_124' title='bbox 2453 1617 2715 1685; x_wconf 72' lang='lat' dir='ltr'><strong>JudaeOS</strong></span> <span class='ocrx_word' id='word_1_125' title='bbox 2764 1616 2840 1681; x_wconf 75' lang='lat' dir='ltr'><strong>in</strong></span> <span class='ocrx_word' id='word_1_126' title='bbox 2898 1616 3170 1681; x_wconf 73' lang='lat' dir='ltr'><strong>nomine</strong></span> <span class='ocrx_word' id='word_1_127' title='bbox 3190 1615 3343 1678; x_wconf 74' lang='lat' dir='ltr'><strong>Iesu</strong></span> <span class='ocrx_word' id='word_1_128' title='bbox 3369 1612 3629 1677; x_wconf 72' lang='lat' dir='ltr'><strong>Christi</strong></span> <span class='ocrx_word' id='word_1_129' title='bbox 3671 1630 3772 1675; x_wconf 80' lang='lat'><strong>80-</strong></span> <span class='ocrx_word' id='word_1_130' title='bbox 3837 1628 4131 1693; x_wconf 71' lang='lat' dir='ltr'><strong>Baptismus</strong></span> 
     </span>
     <span class='ocr_line' id='line_1_16' title="bbox 553 1692 4131 1843; baseline -0.006 -20"><span class='ocrx_word' id='word_1_131' title='bbox 553 1761 829 1843; x_wconf 82' lang='lat' dir='ltr'><strong>fuerant</strong></span> <span class='ocrx_word' id='word_1_132' title='bbox 877 1755 1125 1840; x_wconf 81' lang='lat' dir='ltr'><strong>adepti,</strong></span> <span class='ocrx_word' id='word_1_133' title='bbox 1193 1756 1266 1819; x_wconf 88' lang='lat' dir='ltr'><strong>in</strong></span> <span class='ocrx_word' id='word_1_134' title='bbox 1325 1754 1595 1819; x_wconf 90' lang='lat' dir='ltr'><strong>nomine</strong></span> <span class='ocrx_word' id='word_1_135' title='bbox 1653 1771 1904 1838; x_wconf 86' lang='lat' dir='ltr'><strong>quoque</strong></span> <span class='ocrx_word' id='word_1_136' title='bbox 1958 1750 2109 1815; x_wconf 78' lang='lat' dir='ltr'><strong>Iesu</strong></span> <span class='ocrx_word' id='word_1_137' title='bbox 2221 1736 2382 1816; x_wconf 77' lang='lat' dir='ltr'><strong>lum.</strong></span> <span class='ocrx_word' id='word_1_138' title='bbox 2416 1747 2480 1802; x_wconf 74' lang='lat' dir='ltr'><strong>et</strong></span> <span class='ocrx_word' id='word_1_139' title='bbox 2511 1754 2639 1799; x_wconf 77' lang='lat' dir='ltr'>¹¹0ss</span> <span class='ocrx_word' id='word_1_140' title='bbox 2674 1735 2745 1799; x_wconf 64' lang='lat'><strong>2⁹²2</strong></span> <span class='ocrx_word' id='word_1_141' title='bbox 2768 1733 2970 1819; x_wconf 69' lang='lat' dir='ltr'><strong>Plena</strong></span> <span class='ocrx_word' id='word_1_142' title='bbox 3002 1741 3063 1796; x_wconf 72' lang='lat'><strong>6!</strong></span> <span class='ocrx_word' id='word_1_143' title='bbox 3086 1731 3388 1796; x_wconf 64' lang='lat' dir='ltr'><strong>adunata</strong></span> <span class='ocrx_word' id='word_1_144' title='bbox 3417 1724 3770 1805; x_wconf 81' lang='lat' dir='ltr'><strong>Trinitate,</strong></span> <span class='ocrx_word' id='word_1_145' title='bbox 3806 1692 4131 1804; x_wconf 51' lang='grc' dir='ltr'><strong>’ῑιιῗάῗιῧῖιιιιῐῗο</strong></span> 
     </span>
     <span class='ocr_line' id='line_1_17' title="bbox 565 1814 4066 1955; baseline -0.016 -3"><span class='ocrx_word' id='word_1_146' title='bbox 565 1873 822 1940; x_wconf 72' lang='lat' dir='ltr'><strong>Christi</strong></span> <span class='ocrx_word' id='word_1_147' title='bbox 850 1881 1046 1937; x_wconf 77' lang='lat' dir='ltr'><strong>erant</strong></span> <span class='ocrx_word' id='word_1_148' title='bbox 1084 1869 1497 1955; x_wconf 83' lang='lat' dir='ltr'><strong>baptizandi,</strong></span> <span class='ocrx_word' id='word_1_149' title='bbox 1550 1867 1909 1935; x_wconf 72' lang='lat' dir='ltr'><strong>secundum</strong></span> <span class='ocrx_word' id='word_1_150' title='bbox 1939 1863 2112 1952; x_wconf 71' lang='lat' dir='ltr'><strong>quod</strong></span> <span class='ocrx_word' id='word_1_151' title='bbox 2226 1850 2397 1916; x_wconf 89' lang='lat' dir='ltr'><strong>sicut</strong></span> <span class='ocrx_word' id='word_1_152' title='bbox 2424 1867 2504 1914; x_wconf 87' lang='lat' dir='ltr'><strong>ex</strong></span> <span class='ocrx_word' id='word_1_153' title='bbox 2546 1856 2872 1932; x_wconf 78' lang='lat' dir='ltr'><strong>praeeepto</strong></span> <span class='ocrx_word' id='word_1_154' title='bbox 2910 1842 3151 1909; x_wconf 75' lang='lat' dir='ltr'><strong>Christi</strong></span> <span class='ocrx_word' id='word_1_155' title='bbox 3184 1839 3494 1927; x_wconf 86' lang='lat' dir='ltr'><strong>baptizari</strong></span> <span class='ocrx_word' id='word_1_156' title='bbox 3539 1837 3780 1904; x_wconf 81' lang='lat' dir='ltr'><strong>debent</strong></span> <span class='ocrx_word' id='word_1_157' title='bbox 3851 1814 4066 1868; x_wconf 58' lang='lat' dir='ltr'><strong>mmm·</strong></span> 
     </span>
     <span class='ocr_line' id='line_1_18' title="bbox 563 1954 3782 2071; baseline -0.011 -16"><span class='ocrx_word' id='word_1_158' title='bbox 563 1991 637 2055; x_wconf 88' lang='lat' dir='ltr'><strong>in</strong></span> <span class='ocrx_word' id='word_1_159' title='bbox 686 1989 868 2054; x_wconf 88' lang='lat' dir='ltr'><strong>Actis</strong></span> <span class='ocrx_word' id='word_1_160' title='bbox 933 1984 1400 2071; x_wconf 70' lang='lat' dir='ltr'><strong>Apostolorum</strong></span> <span class='ocrx_word' id='word_1_161' title='bbox 1444 1985 1681 2050; x_wconf 71' lang='lat' dir='ltr'><strong>Petrus</strong></span> <span class='ocrx_word' id='word_1_162' title='bbox 1730 1981 1819 2048; x_wconf 72' lang='lat' dir='ltr'><strong>ad</strong></span> <span class='ocrx_word' id='word_1_163' title='bbox 1867 2002 1973 2046; x_wconf 64' lang='grc' dir='ltr'><strong>ρος</strong></span> <span class='ocrx_word' id='word_1_164' title='bbox 2022 1981 2113 2046; x_wconf 78' lang='lat' dir='ltr'><strong>lo.</strong></span> <span class='ocrx_word' id='word_1_165' title='bbox 2232 1964 2559 2041; x_wconf 87' lang='lat' dir='ltr'><strong>Gentiles;</strong></span> <span class='ocrx_word' id='word_1_166' title='bbox 2603 1973 2860 2028; x_wconf 88' lang='lat' dir='ltr'><strong>tantum</strong></span> <span class='ocrx_word' id='word_1_167' title='bbox 2900 1979 3059 2045; x_wconf 87' lang='lat' dir='ltr'><strong>ergo</strong></span> <span class='ocrx_word' id='word_1_168' title='bbox 3109 1969 3231 2039; x_wconf 88' lang='lat' dir='ltr'><strong>est,</strong></span> <span class='ocrx_word' id='word_1_169' title='bbox 3298 1968 3369 2022; x_wconf 87' lang='lat' dir='ltr'><strong>ut</strong></span> <span class='ocrx_word' id='word_1_170' title='bbox 3418 1975 3549 2021; x_wconf 90' lang='lat' dir='ltr'><strong>non</strong></span> <span class='ocrx_word' id='word_1_171' title='bbox 3592 1954 3782 2020; x_wconf 91' lang='lat' dir='ltr'><strong>modo</strong></span> 
     </span>
     <span class='ocr_line' id='line_1_19' title="bbox 564 2072 3781 2193; baseline -0.007 -21"><span class='ocrx_word' id='word_1_172' title='bbox 564 2106 815 2193; x_wconf 77' lang='lat' dir='ltr'><strong>quitur,</strong></span> <span class='ocrx_word' id='word_1_173' title='bbox 872 2113 935 2169; x_wconf 81' lang='lat' dir='ltr'><strong>et</strong></span> <span class='ocrx_word' id='word_1_174' title='bbox 971 2103 1137 2168; x_wconf 81' lang='lat' dir='ltr'><strong>dicit</strong></span> <span class='ocrx_word' id='word_1_175' title='bbox 1162 2128 1181 2167; x_wconf 92' lang='lat'><strong>.·</strong></span> <span class='ocrx_word' id='word_1_176' title='bbox 1223 2100 1672 2176; x_wconf 78' lang='lat' dir='ltr'><strong>Poenicemini,</strong></span> <span class='ocrx_word' id='word_1_177' title='bbox 1727 2108 1787 2164; x_wconf 82' lang='lat' dir='ltr'><strong>ec</strong></span> <span class='ocrx_word' id='word_1_178' title='bbox 1827 2098 2114 2183; x_wconf 73' lang='lat' dir='ltr'><strong>baptize—</strong></span> <span class='ocrx_word' id='word_1_179' title='bbox 2228 2102 2357 2147; x_wconf 85' lang='lat' dir='ltr'><strong>non</strong></span> <span class='ocrx_word' id='word_1_180' title='bbox 2389 2079 2773 2148; x_wconf 72' lang='lat' dir='ltr'><strong>adversetur</strong></span> <span class='ocrx_word' id='word_1_181' title='bbox 2810 2076 3180 2164; x_wconf 81' lang='lat' dir='ltr'><strong>Cyprianus</strong></span> <span class='ocrx_word' id='word_1_182' title='bbox 3212 2072 3535 2151; x_wconf 83' lang='lat' dir='ltr'><strong>hocloco,</strong></span> <span class='ocrx_word' id='word_1_183' title='bbox 3583 2088 3781 2159; x_wconf 76' lang='lat' dir='ltr'><strong>quem</strong></span> 
     </span>
     <span class='ocr_line' id='line_1_20' title="bbox 572 2186 3787 2305; baseline -0.012 -17"><span class='ocrx_word' id='word_1_184' title='bbox 572 2233 682 2288; x_wconf 88' lang='lat' dir='ltr'><strong>tur</strong></span> <span class='ocrx_word' id='word_1_185' title='bbox 716 2220 1164 2305; x_wconf 77' lang='lat' dir='ltr'><strong>unusquisque</strong></span> <span class='ocrx_word' id='word_1_186' title='bbox 1200 2229 1491 2285; x_wconf 80' lang='lat' dir='ltr'><strong>vestrum</strong></span> <span class='ocrx_word' id='word_1_187' title='bbox 1553 2218 1626 2281; x_wconf 86' lang='lat' dir='ltr'><strong>in</strong></span> <span class='ocrx_word' id='word_1_188' title='bbox 1673 2217 1943 2282; x_wconf 83' lang='lat' dir='ltr'><strong>nomine</strong></span> <span class='ocrx_word' id='word_1_189' title='bbox 1990 2216 2118 2279; x_wconf 86' lang='lat' dir='ltr'><strong>Do·</strong></span> <span class='ocrx_word' id='word_1_190' title='bbox 2232 2219 2348 2287; x_wconf 82' lang='lat' dir='ltr'><strong>pro</strong></span> <span class='ocrx_word' id='word_1_191' title='bbox 2387 2217 2456 2264; x_wconf 88' lang='lat' dir='ltr'><strong>se</strong></span> <span class='ocrx_word' id='word_1_192' title='bbox 2503 2195 2834 2263; x_wconf 86' lang='lat' dir='ltr'><strong>adducunt</strong></span> <span class='ocrx_word' id='word_1_193' title='bbox 2880 2190 3267 2268; x_wconf 86' lang='lat' dir='ltr'><strong>adversarii,</strong></span> <span class='ocrx_word' id='word_1_194' title='bbox 3316 2203 3387 2256; x_wconf 90' lang='lat' dir='ltr'><strong>ut</strong></span> <span class='ocrx_word' id='word_1_195' title='bbox 3447 2187 3661 2276; x_wconf 83' lang='lat' dir='ltr'><strong>magis</strong></span> <span class='ocrx_word' id='word_1_196' title='bbox 3695 2186 3787 2252; x_wconf 77' lang='lat' dir='ltr'><strong>la-</strong></span> 
     </span>
     <span class='ocr_line' id='line_1_21' title="bbox 570 2310 3067 2416; baseline -0.008 -13"><span class='ocrx_word' id='word_1_197' title='bbox 570 2339 744 2404; x_wconf 84' lang='lat' dir='ltr'><strong>mini</strong></span> <span class='ocrx_word' id='word_1_198' title='bbox 799 2338 952 2403; x_wconf 83' lang='lat' dir='ltr'><strong>Jesu</strong></span> <span class='ocrx_word' id='word_1_199' title='bbox 1012 2336 1290 2414; x_wconf 76' lang='lat' dir='ltr'><strong>Christi,</strong></span> <span class='ocrx_word' id='word_1_200' title='bbox 1348 2315 1473 2401; x_wconf 81' lang='lat' dir='ltr'><strong>etc.</strong></span> <span class='ocrx_word' id='word_1_201' title='bbox 1527 2332 1753 2400; x_wconf 87' lang='lat' dir='ltr'><strong>Subdit</strong></span> <span class='ocrx_word' id='word_1_202' title='bbox 1813 2330 2120 2416; x_wconf 74' lang='lat' dir='ltr'><strong>deinceps</strong></span> <span class='ocrx_word' id='word_1_203' title='bbox 2233 2325 2382 2380; x_wconf 68' lang='lat' dir='ltr'><strong>Veat</strong></span> <span class='ocrx_word' id='word_1_204' title='bbox 2430 2324 2673 2379; x_wconf 68' lang='lat' dir='ltr'>ssOSU&#39;oe</span> <span class='ocrx_word' id='word_1_205' title='bbox 2704 2310 3067 2377; x_wconf 75' lang='lat' dir='ltr'><strong>sententiae·</strong></span> 
     </span>
    </p>

    <p class='ocr_par' dir='ltr' id='par_1_13' title="bbox 569 2421 3795 2652">
     <span class='ocr_line' id='line_1_22' title="bbox 569 2421 3792 2538; baseline -0.009 -19"><span class='ocrx_word' id='word_1_206' title='bbox 569 2454 772 2520; x_wconf 87' lang='lat' dir='ltr'><strong>verba</strong></span> <span class='ocrx_word' id='word_1_207' title='bbox 839 2452 1034 2530; x_wconf 88' lang='lat' dir='ltr'><strong>Petri,</strong></span> <span class='ocrx_word' id='word_1_208' title='bbox 1087 2463 1152 2518; x_wconf 91' lang='lat' dir='ltr'><strong>et</strong></span> <span class='ocrx_word' id='word_1_209' title='bbox 1206 2449 1590 2538; x_wconf 88' lang='lat' dir='ltr'><strong>subjungit:</strong></span> <span class='ocrx_word' id='word_1_210' title='bbox 1670 2450 1820 2514; x_wconf 79' lang='lat' dir='ltr'><strong>Iesu</strong></span> <span class='ocrx_word' id='word_1_211' title='bbox 1866 2447 2122 2523; x_wconf 78' lang='lat' dir='ltr'><strong>Christi</strong></span> <span class='ocrx_word' id='word_1_212' title='bbox 2324 2434 2509 2508; x_wconf 68' lang='lat' dir='ltr'><strong>Item,</strong></span> <span class='ocrx_word' id='word_1_213' title='bbox 2553 2428 2838 2493; x_wconf 72' lang='lat' dir='ltr'><strong>Hilarius</strong></span> <span class='ocrx_word' id='word_1_214' title='bbox 2868 2429 2944 2492; x_wconf 73' lang='lat' dir='ltr'><strong>in</strong></span> <span class='ocrx_word' id='word_1_215' title='bbox 3003 2424 3118 2491; x_wconf 78' lang='lat' dir='ltr'><strong>lib·</strong></span> <span class='ocrx_word' id='word_1_216' title='bbox 3164 2423 3247 2489; x_wconf 78' lang='lat' dir='ltr'><strong>de</strong></span> <span class='ocrx_word' id='word_1_217' title='bbox 3277 2421 3578 2508; x_wconf 75' lang='lat' dir='ltr'><strong>Synodis</strong></span> <span class='ocrx_word' id='word_1_218' title='bbox 3608 2422 3792 2486; x_wconf 71' lang='lat' dir='ltr'><strong>circa</strong></span> 
     </span>
     <span class='ocr_line' id='line_1_23' title="bbox 581 2533 3795 2652; baseline -0.012 -15"><span class='ocrx_word' id='word_1_219' title='bbox 581 2570 984 2636; x_wconf 87' lang='lat' dir='ltr'><strong>mentionem</strong></span> <span class='ocrx_word' id='word_1_220' title='bbox 1021 2568 1193 2652; x_wconf 80' lang='lat' dir='ltr'><strong>facit</strong></span> <span class='ocrx_word' id='word_1_221' title='bbox 1230 2569 1490 2647; x_wconf 86' lang='lat' dir='ltr'><strong>Petrus,</strong></span> <span class='ocrx_word' id='word_1_222' title='bbox 1526 2586 1662 2631; x_wconf 87' lang='lat' dir='ltr'><strong>non</strong></span> <span class='ocrx_word' id='word_1_223' title='bbox 1702 2565 1894 2651; x_wconf 84' lang='lat' dir='ltr'><strong>quasi</strong></span> <span class='ocrx_word' id='word_1_224' title='bbox 1925 2564 2128 2627; x_wconf 68' lang='lat' dir='ltr'><strong>Pater</strong></span> <span class='ocrx_word' id='word_1_225' title='bbox 2236 2546 2460 2628; x_wconf 76' lang='lat' dir='ltr'><strong>finem,</strong></span> <span class='ocrx_word' id='word_1_226' title='bbox 2509 2543 2619 2610; x_wconf 89' lang='lat' dir='ltr'><strong>ubi</strong></span> <span class='ocrx_word' id='word_1_227' title='bbox 2658 2541 2990 2609; x_wconf 83' lang='lat' dir='ltr'><strong>contendit</strong></span> <span class='ocrx_word' id='word_1_228' title='bbox 3048 2559 3178 2604; x_wconf 90' lang='lat' dir='ltr'><strong>non</strong></span> <span class='ocrx_word' id='word_1_229' title='bbox 3238 2558 3383 2604; x_wconf 90' lang='lat' dir='ltr'><strong>esse</strong></span> <span class='ocrx_word' id='word_1_230' title='bbox 3442 2533 3795 2603; x_wconf 85' lang='lat' dir='ltr'><strong>mutandas</strong></span> 
     </span>
    </p>
   </div>
   <div class='ocr_carea' id='block_1_5' title="bbox 579 2650 3802 2889">
    <p class='ocr_par' dir='ltr' id='par_1_14' title="bbox 579 2650 3802 2889">
     <span class='ocr_line' id='line_1_24' title="bbox 579 2650 3792 2766; baseline -0.009 -16"><span class='ocrx_word' id='word_1_231' title='bbox 579 2686 1019 2760; x_wconf 86' lang='lat' dir='ltr'><strong>omitteretur,</strong></span> <span class='ocrx_word' id='word_1_232' title='bbox 1073 2682 1190 2748; x_wconf 87' lang='lat' dir='ltr'><strong>sed</strong></span> <span class='ocrx_word' id='word_1_233' title='bbox 1253 2693 1324 2748; x_wconf 86' lang='lat' dir='ltr'><strong>ut</strong></span> <span class='ocrx_word' id='word_1_234' title='bbox 1381 2681 1577 2747; x_wconf 86' lang='lat' dir='ltr'><strong>Patri</strong></span> <span class='ocrx_word' id='word_1_235' title='bbox 1617 2699 1867 2766; x_wconf 85' lang='lat' dir='ltr'><strong>quoque</strong></span> <span class='ocrx_word' id='word_1_236' title='bbox 1907 2677 2127 2742; x_wconf 86' lang='lat' dir='ltr'><strong>Filius</strong></span> <span class='ocrx_word' id='word_1_237' title='bbox 2239 2661 2630 2747; x_wconf 71' lang='lat' dir='ltr'><strong>Scripturas,</strong></span> <span class='ocrx_word' id='word_1_238' title='bbox 2693 2659 2843 2725; x_wconf 78' lang='lat' dir='ltr'><strong>licet</strong></span> <span class='ocrx_word' id='word_1_239' title='bbox 2892 2656 3093 2744; x_wconf 75' lang='lat' dir='ltr'><strong>aliqui</strong></span> <span class='ocrx_word' id='word_1_240' title='bbox 3151 2675 3262 2721; x_wconf 74' lang='lat' dir='ltr'><strong>eas</strong></span> <span class='ocrx_word' id='word_1_241' title='bbox 3295 2653 3419 2719; x_wconf 81' lang='lat' dir='ltr'><strong>sub</strong></span> <span class='ocrx_word' id='word_1_242' title='bbox 3458 2650 3792 2718; x_wconf 75' lang='lat' dir='ltr'><strong>contradi-</strong></span> 
     </span>
     <span class='ocr_line' id='line_1_25' title="bbox 583 2769 3802 2889; baseline -0.012 -20"><span class='ocrx_word' id='word_1_243' title='bbox 583 2802 1083 2889; x_wconf 78' lang='lat' dir='ltr'><strong>adjunqeretur,</strong></span> <span class='ocrx_word' id='word_1_244' title='bbox 1130 2811 1254 2868; x_wconf 80' lang='lat' dir='ltr'><strong>eto,</strong></span> <span class='ocrx_word' id='word_1_245' title='bbox 1746 2798 1754 2804; x_wconf 80' lang='grc'><em>·</em></span> <span class='ocrx_word' id='word_1_246' title='bbox 2241 2775 2479 2854; x_wconf 83' lang='lat' dir='ltr'><strong>ctione,</strong></span> <span class='ocrx_word' id='word_1_247' title='bbox 2525 2775 2590 2840; x_wconf 92' lang='lat' dir='ltr'><strong>in</strong></span> <span class='ocrx_word' id='word_1_248' title='bbox 2638 2772 2967 2861; x_wconf 82' lang='lat' dir='ltr'><strong>aliquibus</strong></span> <span class='ocrx_word' id='word_1_249' title='bbox 3016 2769 3396 2856; x_wconf 86' lang='lat' dir='ltr'><strong>intelligant</strong></span> <span class='ocrx_word' id='word_1_250' title='bbox 3454 2788 3534 2833; x_wconf 79' lang='lat' dir='ltr'><strong>ex</strong></span> <span class='ocrx_word' id='word_1_251' title='bbox 3594 2785 3802 2851; x_wconf 89' lang='lat' dir='ltr'><strong>pravo</strong></span> 
     </span>
    </p>
   </div>
   <div class='ocr_carea' id='block_1_6' title="bbox 3936 2412 4020 2464">
    <p class='ocr_par' dir='ltr' id='par_1_15' title="bbox 3936 2412 4020 2464">
     <span class='ocr_line' id='line_1_26' title="bbox 3936 2412 4020 2464; baseline -0.048 0"><span class='ocrx_word' id='word_1_252' title='bbox 3936 2412 4020 2464; x_wconf 79' lang='lat'><strong>58,</strong></span> 
     </span>
    </p>
   </div>
   <div class='ocr_carea' id='block_1_7' title="bbox 3857 2476 4105 2531">
    <p class='ocr_par' dir='ltr' id='par_1_16' title="bbox 3857 2476 4105 2531">
     <span class='ocr_line' id='line_1_27' title="bbox 3857 2476 4105 2531; baseline -0.008 -1"><span class='ocrx_word' id='word_1_253' title='bbox 3857 2476 4080 2531; x_wconf 80' lang='lat' dir='ltr'><strong>Hilarius</strong></span> <span class='ocrx_word' id='word_1_254' title='bbox 4091 2515 4105 2528; x_wconf 92' lang='lat'><strong>.</strong></span> 
     </span>
    </p>
   </div>
   <div class='ocr_carea' id='block_1_8' title="bbox 587 2909 2164 5222">
    <p class='ocr_par' dir='ltr' id='par_1_17' title="bbox 587 2909 2164 5222">
     <span class='ocr_line' id='line_1_28' title="bbox 675 2909 2133 3000; baseline -0.008 -14"><span class='ocrx_word' id='word_1_255' title='bbox 675 2922 834 2996; x_wconf 76' lang='lat' dir='ltr'><strong>Quoe</strong></span> <span class='ocrx_word' id='word_1_256' title='bbox 871 2917 1069 2985; x_wconf 88' lang='lat' dir='ltr'><strong>verba</strong></span> <span class='ocrx_word' id='word_1_257' title='bbox 1109 2915 1204 2982; x_wconf 89' lang='lat' dir='ltr'><strong>sic</strong></span> <span class='ocrx_word' id='word_1_258' title='bbox 1250 2936 1330 2981; x_wconf 77' lang='lat' dir='ltr'><strong>ex</strong></span> <span class='ocrx_word' id='word_1_259' title='bbox 1369 2933 1565 3000; x_wconf 91' lang='lat' dir='ltr'><strong>scopo</strong></span> <span class='ocrx_word' id='word_1_260' title='bbox 1596 2912 1899 2999; x_wconf 89' lang='lat' dir='ltr'><strong>Cypriani</strong></span> <span class='ocrx_word' id='word_1_261' title='bbox 1949 2909 2133 2977; x_wconf 87' lang='lat' dir='ltr'><strong>intel-</strong></span> 
     </span>
     <span class='ocr_line' id='line_1_29' title="bbox 587 3027 2134 3124; baseline -0.007 -21"><span class='ocrx_word' id='word_1_262' title='bbox 587 3036 848 3124; x_wconf 85' lang='lat' dir='ltr'><strong>ligenda</strong></span> <span class='ocrx_word' id='word_1_263' title='bbox 900 3033 1061 3100; x_wconf 88' lang='lat' dir='ltr'><strong>mihi</strong></span> <span class='ocrx_word' id='word_1_264' title='bbox 1108 3031 1437 3108; x_wconf 88' lang='lat' dir='ltr'><strong>videntur,</strong></span> <span class='ocrx_word' id='word_1_265' title='bbox 1475 3042 1545 3096; x_wconf 90' lang='lat' dir='ltr'><strong>ut</strong></span> <span class='ocrx_word' id='word_1_266' title='bbox 1584 3049 1713 3095; x_wconf 90' lang='lat' dir='ltr'><strong>non</strong></span> <span class='ocrx_word' id='word_1_267' title='bbox 1762 3027 1841 3094; x_wconf 88' lang='lat' dir='ltr'><strong>de</strong></span> <span class='ocrx_word' id='word_1_268' title='bbox 1877 3027 2134 3094; x_wconf 90' lang='lat' dir='ltr'><strong>omissi·</strong></span> 
     </span>
     <span class='ocr_line' id='line_1_30' title="bbox 588 3142 2133 3239; baseline -0.008 -19"><span class='ocrx_word' id='word_1_269' title='bbox 588 3172 736 3231; x_wconf 88' lang='lat' dir='ltr'><strong>one,</strong></span> <span class='ocrx_word' id='word_1_270' title='bbox 799 3172 948 3239; x_wconf 85' lang='lat' dir='ltr'><strong>quae</strong></span> <span class='ocrx_word' id='word_1_271' title='bbox 1001 3149 1196 3216; x_wconf 87' lang='lat' dir='ltr'><strong>fiebat</strong></span> <span class='ocrx_word' id='word_1_272' title='bbox 1233 3146 1297 3213; x_wconf 90' lang='lat' dir='ltr'><strong>in</strong></span> <span class='ocrx_word' id='word_1_273' title='bbox 1341 3146 1547 3212; x_wconf 85' lang='lat' dir='ltr'><strong>forma</strong></span> <span class='ocrx_word' id='word_1_274' title='bbox 1588 3142 1975 3230; x_wconf 85' lang='lat' dir='ltr'><strong>baptizandi,</strong></span> <span class='ocrx_word' id='word_1_275' title='bbox 2022 3142 2133 3209; x_wconf 91' lang='lat' dir='ltr'><strong>sed</strong></span> 
     </span>
     <span class='ocr_line' id='line_1_31' title="bbox 589 3243 2132 3352; baseline -0.008 -15"><span class='ocrx_word' id='word_1_276' title='bbox 589 3271 670 3337; x_wconf 90' lang='lat' dir='ltr'><strong>de</strong></span> <span class='ocrx_word' id='word_1_277' title='bbox 742 3243 1112 3335; x_wconf 50' lang='lat' dir='ltr'><strong>omissione⁶</strong></span> <span class='ocrx_word' id='word_1_278' title='bbox 1176 3273 1509 3352; x_wconf 86' lang='lat' dir='ltr'><strong>spectante</strong></span> <span class='ocrx_word' id='word_1_279' title='bbox 1575 3261 1652 3327; x_wconf 86' lang='lat' dir='ltr'><strong>ad</strong></span> <span class='ocrx_word' id='word_1_280' title='bbox 1692 3260 2132 3346; x_wconf 84' lang='lat' dir='ltr'><strong>cognitionem</strong></span> 
     </span>
     <span class='ocr_line' id='line_1_32' title="bbox 590 3375 2134 3469; baseline -0.01 -17"><span class='ocrx_word' id='word_1_281' title='bbox 590 3385 821 3462; x_wconf 81' lang='lat' dir='ltr'><strong>Patris,</strong></span> <span class='ocrx_word' id='word_1_282' title='bbox 876 3381 956 3448; x_wconf 91' lang='lat' dir='ltr'><strong>de</strong></span> <span class='ocrx_word' id='word_1_283' title='bbox 984 3379 1208 3469; x_wconf 86' lang='lat' dir='ltr'><strong>quain</strong></span> <span class='ocrx_word' id='word_1_284' title='bbox 1250 3375 1698 3465; x_wconf 90' lang='lat' dir='ltr'><strong>superioribus</strong></span> <span class='ocrx_word' id='word_1_285' title='bbox 1730 3385 1982 3453; x_wconf 88' lang='lat' dir='ltr'><strong>tractat,</strong></span> <span class='ocrx_word' id='word_1_286' title='bbox 2027 3394 2134 3439; x_wconf 88' lang='lat' dir='ltr'><strong>su-</strong></span> 
     </span>
     <span class='ocr_line' id='line_1_33' title="bbox 589 3488 2139 3582; baseline -0.01 -14"><span class='ocrx_word' id='word_1_287' title='bbox 589 3510 875 3577; x_wconf 88' lang='lat' dir='ltr'><strong>mantur,</strong></span> <span class='ocrx_word' id='word_1_288' title='bbox 947 3494 1235 3582; x_wconf 89' lang='lat' dir='ltr'><strong>alioquin</strong></span> <span class='ocrx_word' id='word_1_289' title='bbox 1262 3494 1422 3559; x_wconf 60' lang='lat' dir='ltr'><strong>fnon</strong></span> <span class='ocrx_word' id='word_1_290' title='bbox 1470 3495 1480 3581; x_wconf 59' lang='grc' dir='ltr'><strong><em>ζ</em></strong></span> <span class='ocrx_word' id='word_1_291' title='bbox 1520 3500 1895 3557; x_wconf 89' lang='lat' dir='ltr'><strong>servaretur</strong></span> <span class='ocrx_word' id='word_1_292' title='bbox 1977 3488 2139 3554; x_wconf 88' lang='lat' dir='ltr'><strong>anti-</strong></span> 
     </span>
     <span class='ocr_line' id='line_1_34' title="bbox 588 3602 2141 3699; baseline -0.009 -17"><span class='ocrx_word' id='word_1_293' title='bbox 588 3615 820 3694; x_wconf 59' lang='lat' dir='ltr'><strong>thesis»,</strong></span> <span class='ocrx_word' id='word_1_294' title='bbox 867 3632 1079 3699; x_wconf 89' lang='lat' dir='ltr'><strong>neque</strong></span> <span class='ocrx_word' id='word_1_295' title='bbox 1116 3608 1482 3676; x_wconf 78' lang='lat' dir='ltr'><strong>differentia</strong></span> <span class='ocrx_word' id='word_1_296' title='bbox 1523 3606 1628 3672; x_wconf 88' lang='lat' dir='ltr'><strong>illa</strong></span> <span class='ocrx_word' id='word_1_297' title='bbox 1682 3606 1852 3670; x_wconf 89' lang='lat' dir='ltr'><strong>inter</strong></span> <span class='ocrx_word' id='word_1_298' title='bbox 1883 3602 2141 3670; x_wconf 81' lang='lat' dir='ltr'><strong>Judaeos</strong></span> 
     </span>
     <span class='ocr_line' id='line_1_35' title="bbox 592 3723 2135 3809; baseline -0.01 -10"><span class='ocrx_word' id='word_1_299' title='bbox 592 3743 657 3799; x_wconf 88' lang='lat' dir='ltr'><strong>et</strong></span> <span class='ocrx_word' id='word_1_300' title='bbox 675 3730 984 3808; x_wconf 84' lang='lat' dir='ltr'><strong>Gentiles,</strong></span> <span class='ocrx_word' id='word_1_301' title='bbox 1013 3741 1075 3796; x_wconf 89' lang='lat' dir='ltr'><strong>et</strong></span> <span class='ocrx_word' id='word_1_302' title='bbox 1106 3727 1378 3794; x_wconf 83' lang='lat' dir='ltr'><strong>formam</strong></span> <span class='ocrx_word' id='word_1_303' title='bbox 1412 3723 1773 3809; x_wconf 85' lang='lat' dir='ltr'><strong>baptizandi</strong></span> <span class='ocrx_word' id='word_1_304' title='bbox 1802 3732 2135 3806; x_wconf 83' lang='lat' dir='ltr'><strong>utrosque,</strong></span> 
     </span>
     <span class='ocr_line' id='line_1_36' title="bbox 596 3835 2145 3936; baseline -0.009 -22"><span class='ocrx_word' id='word_1_305' title='bbox 596 3868 790 3936; x_wconf 91' lang='lat' dir='ltr'><strong>quam</strong></span> <span class='ocrx_word' id='word_1_306' title='bbox 840 3845 1064 3912; x_wconf 86' lang='lat' dir='ltr'><strong>statuit</strong></span> <span class='ocrx_word' id='word_1_307' title='bbox 1148 3864 1184 3909; x_wconf 87' lang='lat' dir='ltr'><strong>a</strong></span> <span class='ocrx_word' id='word_1_308' title='bbox 1254 3840 1612 3928; x_wconf 82' lang='lat' dir='ltr'><strong>principio;</strong></span> <span class='ocrx_word' id='word_1_309' title='bbox 1681 3858 1892 3924; x_wconf 88' lang='lat' dir='ltr'><strong>neque</strong></span> <span class='ocrx_word' id='word_1_310' title='bbox 1943 3835 2145 3902; x_wconf 83' lang='lat' dir='ltr'><strong>altera</strong></span> 
     </span>
     <span class='ocr_line' id='line_1_37' title="bbox 599 3952 2145 4052; baseline -0.009 -21"><span class='ocrx_word' id='word_1_311' title='bbox 599 3984 748 4052; x_wconf 80' lang='lat' dir='ltr'><strong>pars</strong></span> <span class='ocrx_word' id='word_1_312' title='bbox 805 3962 1079 4029; x_wconf 82' lang='lat' dir='ltr'><strong>adversa</strong></span> <span class='ocrx_word' id='word_1_313' title='bbox 1138 3959 1310 4025; x_wconf 90' lang='lat' dir='ltr'><strong>illius</strong></span> <span class='ocrx_word' id='word_1_314' title='bbox 1358 3956 1729 4033; x_wconf 78' lang='lat' dir='ltr'><strong>antithesiS,</strong></span> <span class='ocrx_word' id='word_1_315' title='bbox 1784 3975 1931 4041; x_wconf 85' lang='lat' dir='ltr'><strong>quae</strong></span> <span class='ocrx_word' id='word_1_316' title='bbox 1986 3952 2145 4018; x_wconf 89' lang='lat' dir='ltr'><strong>sub-</strong></span> 
     </span>
     <span class='ocr_line' id='line_1_38' title="bbox 599 4066 2139 4166; baseline -0.01 -19"><span class='ocrx_word' id='word_1_317' title='bbox 599 4079 917 4166; x_wconf 81' lang='lat' dir='ltr'><strong>sequitur,</strong></span> <span class='ocrx_word' id='word_1_318' title='bbox 973 4088 1144 4143; x_wconf 88' lang='lat' dir='ltr'><strong>recte</strong></span> <span class='ocrx_word' id='word_1_319' title='bbox 1201 4074 1580 4149; x_wconf 86' lang='lat' dir='ltr'><strong>cohaereret‚</strong></span> <span class='ocrx_word' id='word_1_320' title='bbox 1626 4090 1779 4157; x_wconf 84' lang='lat' dir='ltr'><strong>qnae</strong></span> <span class='ocrx_word' id='word_1_321' title='bbox 1816 4080 1916 4135; x_wconf 89' lang='lat' dir='ltr'><strong>est</strong></span> <span class='ocrx_word' id='word_1_322' title='bbox 1951 4066 2139 4134; x_wconf 88' lang='lat' dir='ltr'><strong>talis:</strong></span> 
     </span>
     <span class='ocr_line' id='line_1_39' title="bbox 600 4182 2150 4282; baseline -0.01 -21"><span class='ocrx_word' id='word_1_323' title='bbox 600 4198 897 4282; x_wconf 86' lang='lat' dir='ltr'><strong>Denique</strong></span> <span class='ocrx_word' id='word_1_324' title='bbox 934 4193 1046 4259; x_wconf 84' lang='lat' dir='ltr'><strong>ubi</strong></span> <span class='ocrx_word' id='word_1_325' title='bbox 1071 4201 1218 4278; x_wconf 85' lang='lat' dir='ltr'><strong>post</strong></span> <span class='ocrx_word' id='word_1_326' title='bbox 1251 4188 1814 4255; x_wconf 72' lang='lat' dir='ltr'><strong>Resurrectionem</strong></span> <span class='ocrx_word' id='word_1_327' title='bbox 1852 4208 1894 4250; x_wconf 91' lang='lat' dir='ltr'><strong>a</strong></span> <span class='ocrx_word' id='word_1_328' title='bbox 1925 4182 2150 4248; x_wconf 89' lang='lat' dir='ltr'><strong>Domi-</strong></span> 
     </span>
     <span class='ocr_line' id='line_1_40' title="bbox 596 4303 2152 4397; baseline -0.012 -16"><span class='ocrx_word' id='word_1_329' title='bbox 596 4336 683 4382; x_wconf 90' lang='lat' dir='ltr'><strong>no</strong></span> <span class='ocrx_word' id='word_1_330' title='bbox 731 4311 1033 4397; x_wconf 84' lang='lat' dir='ltr'><strong>Apostoli</strong></span> <span class='ocrx_word' id='word_1_331' title='bbox 1066 4308 1155 4375; x_wconf 84' lang='lat' dir='ltr'><strong>ad</strong></span> <span class='ocrx_word' id='word_1_332' title='bbox 1201 4309 1435 4374; x_wconf 82' lang='lat' dir='ltr'><strong>Gentes</strong></span> <span class='ocrx_word' id='word_1_333' title='bbox 1488 4308 1845 4371; x_wconf 83' lang='lat' dir='ltr'><strong>mittuntur</strong></span> <span class='ocrx_word' id='word_1_334' title='bbox 1902 4303 1977 4365; x_wconf 92' lang='lat' dir='ltr'><strong>in</strong></span> <span class='ocrx_word' id='word_1_335' title='bbox 2033 4321 2152 4365; x_wconf 88' lang='lat' dir='ltr'><strong>no-</strong></span> 
     </span>
     <span class='ocr_line' id='line_1_41' title="bbox 600 4417 2150 4507; baseline -0.011 -10"><span class='ocrx_word' id='word_1_336' title='bbox 600 4433 778 4497; x_wconf 85' lang='lat' dir='ltr'><strong>mine</strong></span> <span class='ocrx_word' id='word_1_337' title='bbox 843 4429 1069 4493; x_wconf 81' lang='lat' dir='ltr'><strong>Patris</strong></span> <span class='ocrx_word' id='word_1_338' title='bbox 1127 4436 1188 4491; x_wconf 87' lang='lat' dir='ltr'><strong>et</strong></span> <span class='ocrx_word' id='word_1_339' title='bbox 1238 4424 1409 4490; x_wconf 82' lang='lat' dir='ltr'><strong>Filii</strong></span> <span class='ocrx_word' id='word_1_340' title='bbox 1474 4434 1533 4486; x_wconf 87' lang='lat' dir='ltr'><strong>et</strong></span> <span class='ocrx_word' id='word_1_341' title='bbox 1599 4421 1895 4507; x_wconf 81' lang='lat' dir='ltr'><strong>Spiritus</strong></span> <span class='ocrx_word' id='word_1_342' title='bbox 1933 4417 2150 4482; x_wconf 88' lang='lat' dir='ltr'><strong>sancti</strong></span> 
     </span>
     <span class='ocr_line' id='line_1_42' title="bbox 600 4531 2155 4634; baseline -0.012 -21"><span class='ocrx_word' id='word_1_343' title='bbox 600 4548 944 4634; x_wconf 78' lang='lat' dir='ltr'><strong>baptizare</strong></span> <span class='ocrx_word' id='word_1_344' title='bbox 1024 4542 1316 4610; x_wconf 86' lang='lat' dir='ltr'><strong>Gentiles</strong></span> <span class='ocrx_word' id='word_1_345' title='bbox 1374 4539 1725 4627; x_wconf 86' lang='lat' dir='ltr'><strong>jubentur.</strong></span> <span class='ocrx_word' id='word_1_346' title='bbox 1816 4531 2155 4611; x_wconf 84' lang='lat' dir='ltr'><strong>Quomodo</strong></span> 
     </span>
     <span class='ocr_line' id='line_1_43' title="bbox 600 4651 2148 4752; baseline -0.012 -21"><span class='ocrx_word' id='word_1_347' title='bbox 600 4686 757 4752; x_wconf 75' lang='lat' dir='ltr'><strong>erqo</strong></span> <span class='ocrx_word' id='word_1_348' title='bbox 777 4662 1050 4751; x_wconf 86' lang='lat' dir='ltr'><strong>quidam</strong></span> <span class='ocrx_word' id='word_1_349' title='bbox 1083 4660 1312 4726; x_wconf 82' lang='lat' dir='ltr'><strong>dicunt</strong></span> <span class='ocrx_word' id='word_1_350' title='bbox 1334 4658 1508 4742; x_wconf 81' lang='lat' dir='ltr'><strong>soris</strong></span> <span class='ocrx_word' id='word_1_351' title='bbox 1541 4664 1736 4719; x_wconf 78' lang='lat' dir='ltr'><strong>extra</strong></span> <span class='ocrx_word' id='word_1_352' title='bbox 1764 4651 2148 4727; x_wconf 85' lang='lat' dir='ltr'><strong>Ecclesiam,</strong></span> 
     </span>
     <span class='ocr_line' id='line_1_44' title="bbox 606 4766 2158 4850; baseline -0.012 -2"><span class='ocrx_word' id='word_1_353' title='bbox 606 4784 740 4846; x_wconf 89' lang='lat' dir='ltr'><strong>imo</strong></span> <span class='ocrx_word' id='word_1_354' title='bbox 768 4792 829 4846; x_wconf 90' lang='lat' dir='ltr'><strong>et</strong></span> <span class='ocrx_word' id='word_1_355' title='bbox 860 4790 1094 4846; x_wconf 87' lang='lat' dir='ltr'><strong>contra</strong></span> <span class='ocrx_word' id='word_1_356' title='bbox 1132 4774 1521 4850; x_wconf 84' lang='lat' dir='ltr'><strong>Ecclesiam,</strong></span> <span class='ocrx_word' id='word_1_357' title='bbox 1569 4769 1785 4847; x_wconf 81' lang='lat' dir='ltr'><strong>modo,</strong></span> <span class='ocrx_word' id='word_1_358' title='bbox 1833 4770 1908 4832; x_wconf 85' lang='lat' dir='ltr'><strong>in</strong></span> <span class='ocrx_word' id='word_1_359' title='bbox 1948 4766 2158 4831; x_wconf 90' lang='lat' dir='ltr'><strong>nomi-</strong></span> 
     </span>
     <span class='ocr_line' id='line_1_45' title="bbox 606 4881 2159 4975; baseline -0.014 -9"><span class='ocrx_word' id='word_1_360' title='bbox 606 4920 690 4965; x_wconf 88' lang='lat' dir='ltr'><strong>ne</strong></span> <span class='ocrx_word' id='word_1_361' title='bbox 735 4898 889 4963; x_wconf 75' lang='lat' dir='ltr'><strong>lesu</strong></span> <span class='ocrx_word' id='word_1_362' title='bbox 932 4894 1190 4967; x_wconf 83' lang='lat' dir='ltr'><strong>Christi</strong></span> <span class='ocrx_word' id='word_1_363' title='bbox 1239 4891 1649 4975; x_wconf 83' lang='lat' dir='ltr'><strong>ubicumque,</strong></span> <span class='ocrx_word' id='word_1_364' title='bbox 1701 4895 1761 4951; x_wconf 86' lang='lat' dir='ltr'><strong>et</strong></span> <span class='ocrx_word' id='word_1_365' title='bbox 1799 4881 2159 4971; x_wconf 83' lang='lat' dir='ltr'><strong>quomodo-</strong></span> 
     </span>
     <span class='ocr_line' id='line_1_46' title="bbox 610 5001 2162 5106; baseline -0.014 -21"><span class='ocrx_word' id='word_1_366' title='bbox 610 5039 882 5106; x_wconf 82' lang='lat' dir='ltr'><strong>cumque</strong></span> <span class='ocrx_word' id='word_1_367' title='bbox 916 5015 1242 5082; x_wconf 85' lang='lat' dir='ltr'><strong>Gentilem</strong></span> <span class='ocrx_word' id='word_1_368' title='bbox 1274 5011 1685 5096; x_wconf 84' lang='lat' dir='ltr'><strong>baptizatum</strong></span> <span class='ocrx_word' id='word_1_369' title='bbox 1704 5001 2162 5070; x_wconf 79' lang='lat' dir='ltr'><strong>remissionem</strong></span> 
     </span>
     <span class='ocr_line' id='line_1_47' title="bbox 608 5117 2164 5222; baseline -0.015 -20"><span class='ocrx_word' id='word_1_370' title='bbox 608 5144 1028 5222; x_wconf 86' lang='lat' dir='ltr'><strong>peccatorum</strong></span> <span class='ocrx_word' id='word_1_371' title='bbox 1068 5128 1377 5213; x_wconf 85' lang='lat' dir='ltr'><strong>consequi</strong></span> <span class='ocrx_word' id='word_1_372' title='bbox 1415 5121 1652 5211; x_wconf 82' lang='lat' dir='ltr'><strong>posse?</strong></span> <span class='ocrx_word' id='word_1_373' title='bbox 1709 5117 1975 5208; x_wconf 86' lang='lat' dir='ltr'><strong>quando</strong></span> <span class='ocrx_word' id='word_1_374' title='bbox 2022 5118 2164 5201; x_wconf 85' lang='lat' dir='ltr'><strong>ipse</strong></span> 
     </span>
    </p>
   </div>
   <div class='ocr_carea' id='block_1_9' title="bbox 545 5236 2161 5330">
    <p class='ocr_par' dir='ltr' id='par_1_18' title="bbox 545 5236 2161 5330">
     <span class='ocr_line' id='line_1_48' title="bbox 545 5236 2161 5330; baseline -0.015 -9"><span class='ocrx_word' id='word_1_375' title='bbox 545 5298 548 5301; x_wconf 57' lang='lat'><strong>&gt;</strong></span> <span class='ocrx_word' id='word_1_376' title='bbox 619 5254 922 5319; x_wconf 86' lang='lat' dir='ltr'><strong>Christus</strong></span> <span class='ocrx_word' id='word_1_377' title='bbox 975 5251 1209 5315; x_wconf 87' lang='lat' dir='ltr'><strong>Gentes</strong></span> <span class='ocrx_word' id='word_1_378' title='bbox 1264 5242 1605 5330; x_wconf 76' lang='lat' dir='ltr'><strong>baptizari</strong></span> <span class='ocrx_word' id='word_1_379' title='bbox 1635 5238 1865 5325; x_wconf 82' lang='lat' dir='ltr'><strong>jubeat</strong></span> <span class='ocrx_word' id='word_1_380' title='bbox 1909 5237 1982 5300; x_wconf 91' lang='lat' dir='ltr'><strong>in</strong></span> <span class='ocrx_word' id='word_1_381' title='bbox 2018 5236 2161 5320; x_wconf 87' lang='lat' dir='ltr'><strong>ple-</strong></span> 
     </span>
    </p>
   </div>
   <div class='ocr_carea' id='block_1_10' title="bbox 615 5362 2166 5560">
    <p class='ocr_par' dir='ltr' id='par_1_19' title="bbox 615 5362 2166 5560">
     <span class='ocr_line' id='line_1_49' title="bbox 615 5362 1528 5437; baseline -0.015 0"><span class='ocrx_word' id='word_1_382' title='bbox 615 5393 705 5437; x_wconf 87' lang='lat' dir='ltr'><strong>na</strong></span> <span class='ocrx_word' id='word_1_383' title='bbox 743 5381 802 5436; x_wconf 88' lang='lat' dir='ltr'><strong>et</strong></span> <span class='ocrx_word' id='word_1_384' title='bbox 831 5367 1132 5433; x_wconf 83' lang='lat' dir='ltr'><strong>adunata</strong></span> <span class='ocrx_word' id='word_1_385' title='bbox 1178 5362 1528 5428; x_wconf 86' lang='lat' dir='ltr'><strong>Trinitate.</strong></span> 
     </span>
     <span class='ocr_line' id='line_1_50' title="bbox 706 5475 2166 5560; baseline -0.015 -7"><span class='ocrx_word' id='word_1_386' title='bbox 706 5486 820 5553; x_wconf 83' lang='lat' dir='ltr'><strong>llla</strong></span> <span class='ocrx_word' id='word_1_387' title='bbox 884 5483 1101 5560; x_wconf 84' lang='lat' dir='ltr'><strong>verba,</strong></span> <span class='ocrx_word' id='word_1_388' title='bbox 1146 5490 1340 5545; x_wconf 75' lang='lat' dir='ltr'><strong>eoetra</strong></span> <span class='ocrx_word' id='word_1_389' title='bbox 1391 5475 1753 5540; x_wconf 84' lang='lat' dir='ltr'><strong>Ecclesiam</strong></span> <span class='ocrx_word' id='word_1_390' title='bbox 1806 5482 1868 5536; x_wconf 91' lang='lat' dir='ltr'><strong>et</strong></span> <span class='ocrx_word' id='word_1_391' title='bbox 1934 5478 2166 5534; x_wconf 84' lang='lat' dir='ltr'><strong>contra</strong></span> 
     </span>
    </p>
   </div>
   <div class='ocr_carea' id='block_1_11' title="bbox 2244 2880 3879 5413">
    <p class='ocr_par' dir='ltr' id='par_1_20' title="bbox 2244 2880 3879 5413">
     <span class='ocr_line' id='line_1_51' title="bbox 2244 2880 3800 2971; baseline -0.008 -12"><span class='ocrx_word' id='word_1_392' title='bbox 2244 2912 2468 2959; x_wconf 88' lang='lat' dir='ltr'><strong>sensu.</strong></span> <span class='ocrx_word' id='word_1_393' title='bbox 2532 2893 2709 2956; x_wconf 85' lang='lat' dir='ltr'><strong>Inter</strong></span> <span class='ocrx_word' id='word_1_394' title='bbox 2774 2887 2898 2954; x_wconf 86' lang='lat' dir='ltr'><strong>alia</strong></span> <span class='ocrx_word' id='word_1_395' title='bbox 2955 2884 3254 2971; x_wconf 83' lang='lat' dir='ltr'><strong>exempla</strong></span> <span class='ocrx_word' id='word_1_396' title='bbox 3314 2882 3578 2949; x_wconf 86' lang='lat' dir='ltr'><strong>adducit</strong></span> <span class='ocrx_word' id='word_1_397' title='bbox 3626 2880 3800 2947; x_wconf 88' lang='lat' dir='ltr'><strong>hoc:</strong></span> 
     </span>
     <span class='ocr_line' id='line_1_52' title="bbox 2247 2994 3809 3091; baseline -0.008 -19"><span class='ocrx_word' id='word_1_398' title='bbox 2247 3009 2533 3072; x_wconf 86' lang='lat' dir='ltr'><strong>Pereant</strong></span> <span class='ocrx_word' id='word_1_399' title='bbox 2570 3025 2840 3091; x_wconf 89' lang='lat' dir='ltr'><strong>quoque,</strong></span> <span class='ocrx_word' id='word_1_400' title='bbox 2909 3000 3144 3087; x_wconf 86' lang='lat' dir='ltr'><strong>inquit,</strong></span> <span class='ocrx_word' id='word_1_401' title='bbox 3195 3001 3256 3064; x_wconf 87' lang='lat' dir='ltr'><strong>si</strong></span> <span class='ocrx_word' id='word_1_402' title='bbox 3291 2998 3554 3063; x_wconf 83' lang='lat' dir='ltr'><strong>videtu-r</strong></span> <span class='ocrx_word' id='word_1_403' title='bbox 3605 2994 3809 3082; x_wconf 84' lang='lat' dir='ltr'><strong>(quod</strong></span> 
     </span>
     <span class='ocr_line' id='line_1_53' title="bbox 2246 3115 3812 3208; baseline -0.008 -18"><span class='ocrx_word' id='word_1_404' title='bbox 2246 3145 2378 3191; x_wconf 87' lang='lat' dir='ltr'><strong>non</strong></span> <span class='ocrx_word' id='word_1_405' title='bbox 2411 3144 2527 3208; x_wconf 76' lang='lat' dir='ltr'><strong>eqo</strong></span> <span class='ocrx_word' id='word_1_406' title='bbox 2565 3120 2884 3197; x_wconf 73' lang='lat' dir='ltr'><strong>dixerim,</strong></span> <span class='ocrx_word' id='word_1_407' title='bbox 2928 3116 3044 3184; x_wconf 87' lang='lat' dir='ltr'><strong>sed</strong></span> <span class='ocrx_word' id='word_1_408' title='bbox 3093 3115 3548 3202; x_wconf 81' lang='lat' dir='ltr'><strong>responsionis</strong></span> <span class='ocrx_word' id='word_1_409' title='bbox 3594 3133 3812 3179; x_wconf 86' lang='lat' dir='ltr'><strong>neces-</strong></span> 
     </span>
     <span class='ocr_line' id='line_1_54' title="bbox 2247 3231 3811 3325; baseline -0.008 -20"><span class='ocrx_word' id='word_1_410' title='bbox 2247 3239 2436 3325; x_wconf 87' lang='lat' dir='ltr'><strong>sitas)</strong></span> <span class='ocrx_word' id='word_1_411' title='bbox 2468 3237 2696 3303; x_wconf 87' lang='lat' dir='ltr'><strong>omnia</strong></span> <span class='ocrx_word' id='word_1_412' title='bbox 2743 3235 2981 3302; x_wconf 83' lang='lat' dir='ltr'><strong>divina</strong></span> <span class='ocrx_word' id='word_1_413' title='bbox 3031 3234 3178 3311; x_wconf 85' lang='lat' dir='ltr'><strong>illa,</strong></span> <span class='ocrx_word' id='word_1_414' title='bbox 3218 3241 3278 3297; x_wconf 90' lang='lat' dir='ltr'><strong>et</strong></span> <span class='ocrx_word' id='word_1_415' title='bbox 3305 3240 3541 3297; x_wconf 86' lang='lat' dir='ltr'><strong>sancta</strong></span> <span class='ocrx_word' id='word_1_416' title='bbox 3584 3231 3811 3295; x_wconf 84' lang='lat' dir='ltr'><strong>Evan-</strong></span> 
     </span>
     <span class='ocr_line' id='line_1_55' title="bbox 2248 3348 3806 3442; baseline -0.008 -22"><span class='ocrx_word' id='word_1_417' title='bbox 2248 3355 2427 3442; x_wconf 75' lang='lat' dir='ltr'><strong>9elia</strong></span> <span class='ocrx_word' id='word_1_418' title='bbox 2457 3354 2695 3419; x_wconf 86' lang='lat' dir='ltr'><strong>salutis</strong></span> <span class='ocrx_word' id='word_1_419' title='bbox 2724 3353 3052 3428; x_wconf 71' lang='lat' dir='ltr'><strong>humanae,</strong></span> <span class='ocrx_word' id='word_1_420' title='bbox 3099 3369 3183 3413; x_wconf 89' lang='lat' dir='ltr'><strong>ne</strong></span> <span class='ocrx_word' id='word_1_421' title='bbox 3227 3368 3297 3412; x_wconf 89' lang='lat' dir='ltr'><strong>se</strong></span> <span class='ocrx_word' id='word_1_422' title='bbox 3334 3348 3621 3412; x_wconf 85' lang='lat' dir='ltr'><strong>invicem</strong></span> <span class='ocrx_word' id='word_1_423' title='bbox 3652 3365 3806 3410; x_wconf 91' lang='lat' dir='ltr'><strong>con-</strong></span> 
     </span>
     <span class='ocr_line' id='line_1_56' title="bbox 2254 3466 3805 3551; baseline -0.006 -14"><span class='ocrx_word' id='word_1_424' title='bbox 2254 3471 2470 3538; x_wconf 88' lang='lat' dir='ltr'><strong>traria</strong></span> <span class='ocrx_word' id='word_1_425' title='bbox 2501 3468 2832 3534; x_wconf 87' lang='lat' dir='ltr'><strong>dictorum</strong></span> <span class='ocrx_word' id='word_1_426' title='bbox 2853 3466 3171 3551; x_wconf 85' lang='lat' dir='ltr'><strong>opinione</strong></span> <span class='ocrx_word' id='word_1_427' title='bbox 3191 3472 3654 3548; x_wconf 75' lang='lat' dir='ltr'><strong>compuqnent,</strong></span> <span class='ocrx_word' id='word_1_428' title='bbox 3678 3472 3805 3527; x_wconf 87' lang='lat' dir='ltr'><strong>etc.</strong></span> 
     </span>
     <span class='ocr_line' id='line_1_57' title="bbox 2253 3562 3812 3667; baseline -0.005 -16"><span class='ocrx_word' id='word_1_429' title='bbox 2253 3598 2318 3652; x_wconf 88' lang='lat' dir='ltr'><strong>et</strong></span> <span class='ocrx_word' id='word_1_430' title='bbox 2349 3584 2539 3650; x_wconf 83' lang='lat' dir='ltr'><strong>infra:</strong></span> <span class='ocrx_word' id='word_1_431' title='bbox 2582 3582 2679 3650; x_wconf 89' lang='lat' dir='ltr'><strong>Ne</strong></span> <span class='ocrx_word' id='word_1_432' title='bbox 2699 3592 3026 3667; x_wconf 85' lang='lat' dir='ltr'><strong>postremo</strong></span> <span class='ocrx_word' id='word_1_433' title='bbox 3048 3579 3350 3665; x_wconf 84' lang='lat' dir='ltr'><strong>Apostoli</strong></span> <span class='ocrx_word' id='word_1_434' title='bbox 3372 3562 3812 3660; x_wconf 84' lang='lat' dir='ltr'><strong>reperiantur</strong></span> 
     </span>
     <span class='ocr_line' id='line_1_58' title="bbox 2255 3692 3816 3783; baseline -0.007 -16"><span class='ocrx_word' id='word_1_435' title='bbox 2255 3704 2329 3767; x_wconf 89' lang='lat' dir='ltr'><strong>in</strong></span> <span class='ocrx_word' id='word_1_436' title='bbox 2350 3699 2650 3776; x_wconf 86' lang='lat' dir='ltr'><strong>crimine,</strong></span> <span class='ocrx_word' id='word_1_437' title='bbox 2682 3698 2796 3783; x_wconf 87' lang='lat' dir='ltr'><strong>qui</strong></span> <span class='ocrx_word' id='word_1_438' title='bbox 2816 3696 3158 3781; x_wconf 77' lang='lat' dir='ltr'><strong>baptizare</strong></span> <span class='ocrx_word' id='word_1_439' title='bbox 3191 3695 3265 3758; x_wconf 90' lang='lat' dir='ltr'><strong>in</strong></span> <span class='ocrx_word' id='word_1_440' title='bbox 3294 3693 3563 3758; x_wconf 83' lang='lat' dir='ltr'><strong>nomine</strong></span> <span class='ocrx_word' id='word_1_441' title='bbox 3585 3692 3816 3757; x_wconf 86' lang='lat' dir='ltr'><strong>Patris</strong></span> 
     </span>
     <span class='ocr_line' id='line_1_59' title="bbox 2256 3808 3817 3899; baseline -0.008 -14"><span class='ocrx_word' id='word_1_442' title='bbox 2256 3830 2318 3884; x_wconf 89' lang='lat' dir='ltr'><strong>et</strong></span> <span class='ocrx_word' id='word_1_443' title='bbox 2373 3817 2540 3885; x_wconf 86' lang='lat' dir='ltr'><strong>Filii</strong></span> <span class='ocrx_word' id='word_1_444' title='bbox 2570 3826 2629 3881; x_wconf 80' lang='lat' dir='ltr'><strong>et</strong></span> <span class='ocrx_word' id='word_1_445' title='bbox 2655 3815 2953 3899; x_wconf 82' lang='lat' dir='ltr'><strong>Spiritus</strong></span> <span class='ocrx_word' id='word_1_446' title='bbox 2983 3812 3202 3877; x_wconf 88' lang='lat' dir='ltr'><strong>sancti</strong></span> <span class='ocrx_word' id='word_1_447' title='bbox 3213 3811 3411 3896; x_wconf 87' lang='lat' dir='ltr'><strong>jussi,</strong></span> <span class='ocrx_word' id='word_1_448' title='bbox 3450 3818 3709 3874; x_wconf 82' lang='lat' dir='ltr'><strong>tantum</strong></span> <span class='ocrx_word' id='word_1_449' title='bbox 3736 3808 3817 3873; x_wconf 88' lang='lat' dir='ltr'><strong>in</strong></span> 
     </span>
     <span class='ocr_line' id='line_1_60' title="bbox 2256 3923 3816 4014; baseline -0.008 -14"><span class='ocrx_word' id='word_1_450' title='bbox 2256 3936 2407 4000; x_wconf 79' lang='lat' dir='ltr'><strong>Iesu</strong></span> <span class='ocrx_word' id='word_1_451' title='bbox 2436 3933 2702 3998; x_wconf 88' lang='lat' dir='ltr'><strong>nomine</strong></span> <span class='ocrx_word' id='word_1_452' title='bbox 2767 3925 3328 4014; x_wconf 81' lang='lat' dir='ltr'><strong>baptizaverunt?</strong></span> <span class='ocrx_word' id='word_1_453' title='bbox 3384 3923 3540 4010; x_wconf 82' lang='lat' dir='ltr'><strong>Agit</strong></span> <span class='ocrx_word' id='word_1_454' title='bbox 3586 3938 3816 3990; x_wconf 85' lang='lat' dir='ltr'><strong>contra</strong></span> 
     </span>
     <span class='ocr_line' id='line_1_61' title="bbox 2258 4040 3815 4138; baseline -0.009 -20"><span class='ocrx_word' id='word_1_455' title='bbox 2258 4071 2396 4130; x_wconf 79' lang='lat' dir='ltr'><strong>coe,</strong></span> <span class='ocrx_word' id='word_1_456' title='bbox 2440 4049 2549 4138; x_wconf 91' lang='lat' dir='ltr'><strong>qui</strong></span> <span class='ocrx_word' id='word_1_457' title='bbox 2579 4046 3008 4115; x_wconf 83' lang='lat' dir='ltr'><strong>homoousion</strong></span> <span class='ocrx_word' id='word_1_458' title='bbox 3039 4064 3168 4109; x_wconf 89' lang='lat' dir='ltr'><strong>non</strong></span> <span class='ocrx_word' id='word_1_459' title='bbox 3210 4040 3626 4108; x_wconf 88' lang='lat' dir='ltr'><strong>retinendum</strong></span> <span class='ocrx_word' id='word_1_460' title='bbox 3668 4060 3815 4106; x_wconf 84' lang='lat' dir='ltr'><strong>cen·</strong></span> 
     </span>
     <span class='ocr_line' id='line_1_62' title="bbox 2261 4155 3817 4249; baseline -0.008 -16"><span class='ocrx_word' id='word_1_461' title='bbox 2261 4166 2513 4243; x_wconf 87' lang='lat' dir='ltr'><strong>sebant,</strong></span> <span class='ocrx_word' id='word_1_462' title='bbox 2558 4161 2861 4249; x_wconf 87' lang='lat' dir='ltr'><strong>quamvis</strong></span> <span class='ocrx_word' id='word_1_463' title='bbox 2909 4158 3112 4244; x_wconf 89' lang='lat' dir='ltr'><strong>aliqui</strong></span> <span class='ocrx_word' id='word_1_464' title='bbox 3152 4157 3454 4223; x_wconf 88' lang='lat' dir='ltr'><strong>dubitent</strong></span> <span class='ocrx_word' id='word_1_465' title='bbox 3491 4155 3574 4222; x_wconf 91' lang='lat' dir='ltr'><strong>de</strong></span> <span class='ocrx_word' id='word_1_466' title='bbox 3605 4156 3817 4221; x_wconf 83' lang='lat' dir='ltr'><strong>inten-</strong></span> 
     </span>
     <span class='ocr_line' id='line_1_63' title="bbox 2261 4272 3817 4358; baseline -0.007 -11"><span class='ocrx_word' id='word_1_467' title='bbox 2261 4296 2327 4349; x_wconf 89' lang='lat' dir='ltr'><strong>to</strong></span> <span class='ocrx_word' id='word_1_468' title='bbox 2367 4279 2616 4356; x_wconf 87' lang='lat' dir='ltr'><strong>Hilarii,</strong></span> <span class='ocrx_word' id='word_1_469' title='bbox 2654 4289 3022 4343; x_wconf 82' lang='lat' dir='ltr'><strong>asserentes</strong></span> <span class='ocrx_word' id='word_1_470' title='bbox 3063 4287 3362 4340; x_wconf 88' lang='lat' dir='ltr'><strong>neutram</strong></span> <span class='ocrx_word' id='word_1_471' title='bbox 3428 4284 3673 4358; x_wconf 87' lang='lat' dir='ltr'><strong>partem</strong></span> <span class='ocrx_word' id='word_1_472' title='bbox 3737 4272 3817 4338; x_wconf 88' lang='lat' dir='ltr'><strong>ab</strong></span> 
     </span>
     <span class='ocr_line' id='line_1_64' title="bbox 2265 4387 3820 4468; baseline -0.008 -4"><span class='ocrx_word' id='word_1_473' title='bbox 2265 4418 2341 4464; x_wconf 92' lang='lat' dir='ltr'><strong>eo</strong></span> <span class='ocrx_word' id='word_1_474' title='bbox 2381 4397 2486 4462; x_wconf 80' lang='lat' dir='ltr'><strong>hic</strong></span> <span class='ocrx_word' id='word_1_475' title='bbox 2543 4392 2838 4468; x_wconf 80' lang='lat' dir='ltr'><strong>deliniri;</strong></span> <span class='ocrx_word' id='word_1_476' title='bbox 2905 4390 3062 4456; x_wconf 91' lang='lat' dir='ltr'><strong>mihi</strong></span> <span class='ocrx_word' id='word_1_477' title='bbox 3106 4401 3322 4454; x_wconf 88' lang='lat' dir='ltr'><strong>tamen</strong></span> <span class='ocrx_word' id='word_1_478' title='bbox 3372 4389 3683 4454; x_wconf 84' lang='lat' dir='ltr'><strong>videntur</strong></span> <span class='ocrx_word' id='word_1_479' title='bbox 3712 4387 3820 4453; x_wconf 89' lang='lat' dir='ltr'><strong>illa</strong></span> 
     </span>
     <span class='ocr_line' id='line_1_65' title="bbox 2271 4505 3821 4596; baseline -0.007 -17"><span class='ocrx_word' id='word_1_480' title='bbox 2271 4513 2475 4580; x_wconf 87' lang='lat' dir='ltr'><strong>verba</strong></span> <span class='ocrx_word' id='word_1_481' title='bbox 2506 4528 2821 4596; x_wconf 87' lang='lat' dir='ltr'><strong>expressa</strong></span> <span class='ocrx_word' id='word_1_482' title='bbox 2853 4528 2997 4573; x_wconf 88' lang='lat' dir='ltr'><strong>esse</strong></span> <span class='ocrx_word' id='word_1_483' title='bbox 3059 4526 3175 4592; x_wconf 90' lang='lat' dir='ltr'><strong>pro</strong></span> <span class='ocrx_word' id='word_1_484' title='bbox 3217 4517 3436 4571; x_wconf 88' lang='lat' dir='ltr'><strong>nostra</strong></span> <span class='ocrx_word' id='word_1_485' title='bbox 3472 4505 3821 4585; x_wconf 82' lang='lat' dir='ltr'><strong>sententia,</strong></span> 
     </span>
     <span class='ocr_line' id='line_1_66' title="bbox 2270 4620 3828 4716; baseline -0.007 -21"><span class='ocrx_word' id='word_1_486' title='bbox 2270 4629 2420 4716; x_wconf 91' lang='lat' dir='ltr'><strong>quia</strong></span> <span class='ocrx_word' id='word_1_487' title='bbox 2461 4625 2751 4693; x_wconf 89' lang='lat' dir='ltr'><strong>clausula</strong></span> <span class='ocrx_word' id='word_1_488' title='bbox 2791 4622 2924 4701; x_wconf 86' lang='lat' dir='ltr'><strong>illa,</strong></span> <span class='ocrx_word' id='word_1_489' title='bbox 2961 4632 3218 4688; x_wconf 87' lang='lat' dir='ltr'><strong>tantum</strong></span> <span class='ocrx_word' id='word_1_490' title='bbox 3257 4622 3331 4685; x_wconf 91' lang='lat' dir='ltr'><strong>in</strong></span> <span class='ocrx_word' id='word_1_491' title='bbox 3377 4620 3531 4685; x_wconf 83' lang='lat' dir='ltr'><strong>Jesu</strong></span> <span class='ocrx_word' id='word_1_492' title='bbox 3562 4622 3828 4685; x_wconf 84' lang='lat' dir='ltr'><strong>nomine</strong></span> 
     </span>
     <span class='ocr_line' id='line_1_67' title="bbox 2270 4736 3827 4833; baseline -0.008 -20"><span class='ocrx_word' id='word_1_493' title='bbox 2270 4747 2938 4833; x_wconf 77' lang='lat' dir='ltr'><strong>baptizaverunt,-est</strong></span> <span class='ocrx_word' id='word_1_494' title='bbox 3001 4738 3341 4804; x_wconf 84' lang='lat' dir='ltr'><strong>exclusiva</strong></span> <span class='ocrx_word' id='word_1_495' title='bbox 3382 4748 3446 4803; x_wconf 88' lang='lat' dir='ltr'><strong>et</strong></span> <span class='ocrx_word' id='word_1_496' title='bbox 3471 4736 3827 4803; x_wconf 87' lang='lat' dir='ltr'><strong>adversati·</strong></span> 
     </span>
     <span class='ocr_line' id='line_1_68' title="bbox 2270 4852 3828 4947; baseline -0.008 -18"><span class='ocrx_word' id='word_1_497' title='bbox 2270 4884 2354 4929; x_wconf 90' lang='lat' dir='ltr'><strong>va</strong></span> <span class='ocrx_word' id='word_1_498' title='bbox 2401 4859 2626 4947; x_wconf 83' lang='lat' dir='ltr'><strong>priori,</strong></span> <span class='ocrx_word' id='word_1_499' title='bbox 2711 4858 2775 4924; x_wconf 88' lang='lat' dir='ltr'><strong>in</strong></span> <span class='ocrx_word' id='word_1_500' title='bbox 2819 4877 2946 4945; x_wconf 89' lang='lat' dir='ltr'><strong>qua</strong></span> <span class='ocrx_word' id='word_1_501' title='bbox 3012 4853 3406 4940; x_wconf 80' lang='lat' dir='ltr'><strong>exprimitur</strong></span> <span class='ocrx_word' id='word_1_502' title='bbox 3451 4852 3828 4919; x_wconf 86' lang='lat' dir='ltr'><strong>mandatum</strong></span> 
     </span>
     <span class='ocr_line' id='line_1_69' title="bbox 2275 4945 3833 5062; baseline -0.006 -19"><span class='ocrx_word' id='word_1_503' title='bbox 2275 4971 2638 5062; x_wconf 82' lang='lat' dir='ltr'><strong>baptizandi</strong></span> <span class='ocrx_word' id='word_1_504' title='bbox 2702 4945 3093 5037; x_wconf 49' lang='lat' dir='ltr'><strong>in&#39;nomine</strong></span> <span class='ocrx_word' id='word_1_505' title='bbox 3157 4969 3385 5033; x_wconf 86' lang='lat' dir='ltr'><strong>Patris</strong></span> <span class='ocrx_word' id='word_1_506' title='bbox 3440 4978 3500 5033; x_wconf 85' lang='lat' dir='ltr'><strong>et</strong></span> <span class='ocrx_word' id='word_1_507' title='bbox 3549 4968 3719 5034; x_wconf 87' lang='lat' dir='ltr'><strong>Filii</strong></span> <span class='ocrx_word' id='word_1_508' title='bbox 3772 4979 3833 5033; x_wconf 87' lang='lat' dir='ltr'><strong>et</strong></span> 
     </span>
     <span class='ocr_line' id='line_1_70' title="bbox 2274 5083 3827 5181; baseline -0.008 -21"><span class='ocrx_word' id='word_1_509' title='bbox 2274 5095 2574 5181; x_wconf 85' lang='lat' dir='ltr'><strong>Spiritus</strong></span> <span class='ocrx_word' id='word_1_510' title='bbox 2611 5089 2854 5165; x_wconf 86' lang='lat' dir='ltr'><strong>sancti,</strong></span> <span class='ocrx_word' id='word_1_511' title='bbox 2923 5099 3047 5153; x_wconf 88' lang='lat' dir='ltr'><strong>etc.</strong></span> <span class='ocrx_word' id='word_1_512' title='bbox 3110 5106 3322 5172; x_wconf 89' lang='lat' dir='ltr'><strong>neque</strong></span> <span class='ocrx_word' id='word_1_513' title='bbox 3378 5083 3827 5161; x_wconf 83' lang='lat' dir='ltr'><strong>contradictio,</strong></span> 
     </span>
     <span class='ocr_line' id='line_1_71' title="bbox 2276 5202 3832 5296; baseline -0.009 -16"><span class='ocrx_word' id='word_1_514' title='bbox 2276 5225 2387 5280; x_wconf 89' lang='lat' dir='ltr'><strong>aut</strong></span> <span class='ocrx_word' id='word_1_515' title='bbox 2435 5206 2866 5296; x_wconf 86' lang='lat' dir='ltr'><strong>repugnantia</strong></span> <span class='ocrx_word' id='word_1_516' title='bbox 2927 5204 3314 5290; x_wconf 87' lang='lat' dir='ltr'><strong>proponitur</strong></span> <span class='ocrx_word' id='word_1_517' title='bbox 3380 5202 3445 5266; x_wconf 89' lang='lat' dir='ltr'><strong>in</strong></span> <span class='ocrx_word' id='word_1_518' title='bbox 3515 5203 3677 5268; x_wconf 90' lang='lat' dir='ltr'><strong>hoc:</strong></span> <span class='ocrx_word' id='word_1_519' title='bbox 3733 5206 3832 5268; x_wconf 83' lang='lat' dir='ltr'><strong>An</strong></span> 
     </span>
     <span class='ocr_line' id='line_1_72' title="bbox 2278 5317 3879 5413; baseline -0.009 -17"><span class='ocrx_word' id='word_1_520' title='bbox 2278 5328 2526 5396; x_wconf 89' lang='lat' dir='ltr'><strong>scilicet</strong></span> <span class='ocrx_word' id='word_1_521' title='bbox 2549 5323 2826 5413; x_wconf 87' lang='lat' dir='ltr'><strong>jusserit</strong></span> <span class='ocrx_word' id='word_1_522' title='bbox 2873 5321 3174 5388; x_wconf 85' lang='lat' dir='ltr'><strong>Christus</strong></span> <span class='ocrx_word' id='word_1_523' title='bbox 3214 5317 3527 5405; x_wconf 87' lang='lat' dir='ltr'><strong>baptizari</strong></span> <span class='ocrx_word' id='word_1_524' title='bbox 3591 5319 3654 5384; x_wconf 90' lang='lat' dir='ltr'><strong>in</strong></span> <span class='ocrx_word' id='word_1_525' title='bbox 3717 5330 3879 5383; x_wconf 90' lang='lat' dir='ltr'><strong>no-·</strong></span> 
     </span>
    </p>
   </div>
   <div class='ocr_carea' id='block_1_12' title="bbox 2283 5444 3830 5532">
    <p class='ocr_par' dir='ltr' id='par_1_21' title="bbox 2283 5444 3830 5532">
     <span class='ocr_line' id='line_1_73' title="bbox 2283 5444 3830 5532; baseline -0.008 -10"><span class='ocrx_word' id='word_1_526' title='bbox 2283 5456 2457 5523; x_wconf 89' lang='lat' dir='ltr'><strong>mine</strong></span> <span class='ocrx_word' id='word_1_527' title='bbox 2486 5450 2848 5529; x_wconf 79' lang='lat' dir='ltr'><strong>TrinitatiS,</strong></span> <span class='ocrx_word' id='word_1_528' title='bbox 2887 5460 2950 5514; x_wconf 85' lang='lat' dir='ltr'><strong>et</strong></span> <span class='ocrx_word' id='word_1_529' title='bbox 2999 5466 3080 5512; x_wconf 88' lang='lat' dir='ltr'><strong>an</strong></span> <span class='ocrx_word' id='word_1_530' title='bbox 3116 5444 3422 5532; x_wconf 74' lang='lat' dir='ltr'><strong>&#39;Apostoli</strong></span> <span class='ocrx_word' id='word_1_531' title='bbox 3466 5444 3830 5530; x_wconf 83' lang='lat' dir='ltr'><strong>baptizave-</strong></span> 
     </span>
    </p>
   </div>
   <div class='ocr_carea' id='block_1_13' title="bbox 625 5569 3833 5688">
    <p class='ocr_par' dir='ltr' id='par_1_22' title="bbox 625 5569 3833 5688">
     <span class='ocr_line' id='line_1_74' title="bbox 625 5569 3833 5688; baseline -0.012 -14"><span class='ocrx_word' id='word_1_532' title='bbox 625 5594 1463 5688; x_wconf 35' lang='lat' dir='ltr'><strong>Ecclesiamg-tantumdem</strong></span> <span class='ocrx_word' id='word_1_533' title='bbox 1506 5588 1881 5677; x_wconf 86' lang='lat' dir='ltr'><strong>significant</strong></span> <span class='ocrx_word' id='word_1_534' title='bbox 1921 5587 2049 5663; x_wconf 82' lang='lat' dir='ltr'><strong>bic,</strong></span> <span class='ocrx_word' id='word_1_535' title='bbox 2096 5605 2171 5651; x_wconf 88' lang='lat' dir='ltr'><strong>ae</strong></span> <span class='ocrx_word' id='word_1_536' title='bbox 2285 5582 2415 5649; x_wconf 89' lang='lat' dir='ltr'><strong>rint</strong></span> <span class='ocrx_word' id='word_1_537' title='bbox 2459 5590 2711 5646; x_wconf 85' lang='lat' dir='ltr'><strong>tantum</strong></span> <span class='ocrx_word' id='word_1_538' title='bbox 2745 5574 2815 5641; x_wconf 90' lang='lat' dir='ltr'><strong>in</strong></span> <span class='ocrx_word' id='word_1_539' title='bbox 2851 5578 3007 5642; x_wconf 79' lang='lat' dir='ltr'><strong>Iesu</strong></span> <span class='ocrx_word' id='word_1_540' title='bbox 3050 5569 3543 5659; x_wconf 73' lang='lat' dir='ltr'><strong>nomine?&#39;quia</strong></span> <span class='ocrx_word' id='word_1_541' title='bbox 3585 5580 3833 5638; x_wconf 87' lang='lat' dir='ltr'><strong>utrum-</strong></span> 
     </span>
    </p>
   </div>
  </div>
 </body>
</html>
