4287 6313
1640 410 1843 476 DIST.
1882 411 2001 473 v11.
2053 409 2415 487 QUAESTlo
2463 411 2507 473 1.

438 570 663 636 dicunt
721 583 969 637 tantum
1010 570 1089 638 de
1120 572 1501 639 necessitate
1539 572 1872 659 praecepti,
1913 586 1982 638 ut

439 687 783 772 Cajetanus
825 688 887 753 3.
930 699 1112 772 part.
1148 698 1374 773 quoesc.
1422 691 1529 754 72.
1580 698 1713 753 art.
1761 686 1825 756 4.
1873 690 1982 754 So-

439 813 546 867 tus
579 803 651 866 in
682 803 804 867 hac
833 802 987 869 dist.
1033 812 1163 871 arc.
1201 806 1265 869 Ξ.
1303 802 1700 869 Covaruvias
1754 803 1866 869 lib.
1916 808 1975 866 1.

441 917 791 981 variarum
863 917 1235 997 lectionum,
1308 939 1461 1003 cap.
1544 922 1650 985 10.
1735 921 1983 983 Navar-

100 1057 416 1126 Docentesse
443 1053 556 1099 rus
607 1034 680 1099 in
711 1036 1035 1116 manuali,
1073 1056 1220 1121 cap.
1256 1037 1367 1100 22.
1413 1055 1577 1121 quos
1618 1045 1984 1120 sequuntur

121 1132 323 1183 praecep
328 1123 385 1167 ‘¹'
440 1147 704 1234 quidam
756 1148 1073 1215 moderni.
1120 1148 1393 1223 Quidam
1427 1159 1642 1214 autem
1682 1157 1984 1214 asserunt

437 1276 836 1350 praeceptum
889 1264 1215 1345 divinum,
1268 1262 1532 1351 quidam
1582 1264 1981 1330 Ecclesiasti-

433 1401 607 1460 cum,
659 1394 720 1447 et
759 1380 1090 1467 explicant
1142 1401 1219 1447 eo
1270 1380 1463 1446 modo
1497 1401 1625 1468 quo
1668 1382 1981 1447 commix-

436 1511 499 1564 to
532 1517 719 1585 aquae
760 1496 824 1561 in
857 1497 1147 1579 calicem,
1185 1510 1283 1564 est
1333 1498 1666 1584 praecepti.

112 1621 412 1733 hffitsigffim
526 1613 935 1679 Contrarium
995 1614 1195 1700 hujus
1255 1613 1490 1680 docent
1546 1613 1983 1680 communiter

91 1762 204 1796 esse
235 1761 416 1816 qaees—
441 1728 770 1804 Doctores,
825 1745 1035 1811 neque
1067 1724 1241 1790 aliud
1290 1746 1481 1811 posse
1520 1724 1828 1792 sustineri
1879 1726 1980 1789 vi-

91 1822 394 1922 nessssssffioe
440 1840 627 1907 detur
668 1850 814 1927 post
869 1826 1341 1922 Florentinum,
1387 1842 1557 1928 quod
1607 1841 1794 1908 docet
1852 1861 1983 1907 ma-

117 1948 417 2044 ὒεοῖῗῗηῐὶ·
445 1958 670 2023 teriam
704 1958 904 2044 hujus
944 1958 1341 2024 Sacramenti
1380 1978 1524 2023 esse
1569 1957 1855 2024 chrisma
1901 1980 1981 2024 ex

441 2073 583 2138 oleo
650 2084 713 2138 et
765 2072 1053 2139 balsamo
1111 2072 1508 2140 confectum.
1570 2074 1985 2161 Respondent

442 2189 939 2277 intelligendum
973 2210 1120 2256 esse
1156 2191 1516 2257 Concilium
1558 2205 1872 2279 quantum
1905 2193 1981 2258 ad

442 2305 892 2371 necessitatem
971 2305 1277 2391 praecepti
1325 2306 1535 2391 quoad
1599 2307 1980 2374 mixtionem

442 2419 735 2499 balsami,
810 2441 938 2485 non
1008 2438 1164 2486 vero
1209 2434 1525 2507 quantum
1576 2421 1654 2487 ad
1702 2424 1983 2488 necessi-

442 2545 634 2600 tatem
740 2535 1160 2601 Sacramenti.
1238 2539 1497 2615 Contra,
1586 2535 1710 2600 hoc
1793 2536 1984 2600 modo

438 2665 656 2739 posset
761 2652 1051 2719 revocari
1155 2653 1220 2717 in
1325 2651 1594 2718 dubium
1677 2652 1987 2738 quaelibet

440 2769 707 2835 materia
747 2769 1143 2835 Sacramenti
1185 2790 1265 2836 ex
1301 2769 1599 2856 pluribus
1647 2780 1976 2852 constanS,

440 2885 599 2973 quin
683 2884 878 2951 etiam
967 2906 1048 2950 an
1096 2885 1312 2951 oleum
1353 2885 1440 2951 sit
1517 2885 1978 2963 necessarium,

438 3001 669 3067 saltem
745 3000 1092 3080 olivarum,
1173 3000 1331 3088 quin
1387 2998 1716 3066 sufficeret
1780 3000 1979 3078 aliud,

442 3118 543 3186 vel
603 3116 875 3200 nullum,
940 3118 1054 3185 sed
1104 3119 1319 3206 ipsum
1363 3120 1751 3187 balsamum.

217 3269 298 3320 18.
532 3238 875 3316 Praeterea,
924 3235 1048 3301 hoc
1097 3256 1224 3301 non
1282 3248 1381 3302 est
1423 3237 1786 3303 secundum
1847 3251 1987 3327 sty-

108 3331 398 3383 C⁰¹¹⁰ffl¹¹¹¹²
443 3351 575 3417 lum
630 3351 921 3430 Concilii,
987 3352 1139 3437 quia
1184 3351 1519 3418 materiam
1569 3373 1697 3418 non
1766 3375 1986 3421 neces-

136 3394 392 3445 discernit

122 3457 402 3507 materiam
443 3468 705 3548 sariam,
742 3468 914 3534 sicut
942 3479 1006 3533 et
1057 3469 1328 3534 formam
1382 3468 1623 3534 ibidem
1675 3470 1984 3541 declarat.

92 3519 408 3634 gssffissssffiaa,
440 3597 749 3671 tanquam
801 3583 974 3665 talia,
1056 3597 1128 3649 ut
1174 3583 1344 3671 quod
1401 3584 1629 3650 mixtio
1683 3607 1870 3674 aquae
1920 3589 1985 3654 in

435 3700 634 3767 calice
676 3701 760 3767 sit
788 3709 1043 3766 tantum
1077 3700 1156 3766 de
1197 3713 1524 3788 praecepto
1582 3703 1985 3770 Ecclesiasti-

436 3838 534 3898 00,
571 3816 972 3883 consecratio
1004 3815 1069 3880 in
1101 3836 1265 3901 pane
1300 3816 1531 3895 azim0,
1564 3830 1674 3883 aut
1708 3818 1987 3885 fermen-

435 3943 567 3998 tato
598 3932 867 4017 perinde
908 3933 1119 3999 facere
1157 3934 1234 3998 ad
1294 3934 1721 3999 substantiam
1766 3937 1986 4001 Sacra-

442 4048 642 4114 menti
684 4050 987 4134 Corporis
1024 4050 1288 4129 Christi,
1345 4063 1409 4116 et
1441 4052 1780 4117 materiam
1815 4054 1983 4139 ejuS,

441 4165 612 4253 quod
671 4166 814 4232 sive
863 4176 1078 4232 utatur
1126 4168 1275 4253 quis
1337 4169 1548 4233 forma
1611 4169 1987 4237 Latinorum

445 4294 556 4348 aut
623 4284 997 4349 Graecorum
1065 4281 1130 4347 in
1191 4284 1543 4368 Baptism0‚
1609 4286 1824 4351 valide
1881 4288 1988 4352 ba-

136 4412 397 4476 Loquitur
451 4399 666 4486 ptizat.
707 4403 793 4465 De
828 4399 1096 4464 materia
1135 4410 1349 4465 autem
1386 4403 1785 4468 Sacramenti
1827 4407 1989 4469 Con-

91 4478 351 4611 ffbsssffissf'
374 4478 427 4523 et
450 4514 833 4582 firmationis
864 4514 1151 4601 loquitur
1210 4516 1504 4583 absolute
1545 4528 1610 4582 et
1648 4518 1791 4585 sine
1820 4519 1988 4585 limi-

90 4601 407 4711 ¹¹¹¹¹¹²32¹⁰¹¹⁶
450 4631 693 4696 tatione
722 4651 1023 4696 asserens
1054 4652 1200 4697 esse
1257 4631 1542 4698 chrisma
1579 4632 1769 4698 modo
1817 4634 1988 4702 dicto

119 4726 422 4775 chrismate.
447 4744 851 4826 confectum3
880 4767 1038 4833 ergo
1061 4746 1449 4834 intelligitur
1475 4750 1743 4815 materia
1768 4771 1988 4817 neces-

446 4862 618 4929 saria
659 4863 1047 4929 necessitate
1086 4864 1511 4944 Sacramenti,
1545 4865 1649 4931 vel
1698 4866 1986 4955 alioquin

446 4980 768 5067 loquendo
815 4981 896 5047 de
963 4984 1231 5047 materia
1272 4982 1568 5068 proxima
1610 4983 1809 5071 hujus
1868 4987 1985 5051 Sa-

443 5096 782 5177 cramenti,
845 5096 925 5162 de
975 5116 1100 5184 qua
1147 5096 1395 5164 dictum
1440 5115 1562 5177 est,
1618 5119 1851 5184 nempe
1908 5100 1987 5166 de

446 5215 747 5281 unctione
785 5214 851 5279 in
897 5215 1129 5294 fronte,
1189 5216 1359 5281 unde
1407 5216 1710 5302 colligam
1773 5217 1984 5282 uncti-

444 5350 633 5396 onem
681 5331 748 5396 in
796 5331 902 5396 illa
944 5342 1125 5416 parte
1182 5332 1609 5399 determinata
1664 5353 1811 5399 esse
1854 5355 1986 5399 ma-

442 5445 545 5531 gis
655 5446 734 5512 de
811 5447 1194 5513 necessitate
1275 5449 1697 5529 Sacramenti,
1788 5470 1982 5536 quam

443 5559 646 5626 solius
702 5562 1063 5648 praecepti?
1115 5583 1260 5629 nam
1309 5565 1362 5628 si
1425 5564 1577 5631 licet
1625 5566 1823 5631 verba
1874 5570 1987 5632 Ca-

3535 405 3655 467 667

2105 571 2295 637 nonis
2356 572 2421 636 in
2479 569 2861 637 definitione
2919 569 3065 635 fidei
3107 568 3493 647 distrahere,
3538 577 3651 633 aut

2095 686 2377 753 limitare
2409 687 2487 752 ad
2541 709 2668 753 non
2699 687 2974 774 adjecta,
3021 685 3135 752 vix
3169 683 3408 772 poterit
3457 682 3646 748 certi-

2100 802 2254 867 tudo
2321 802 2679 867 necessaria
2726 800 2994 886 reperiri
3037 810 3101 864 et
3155 797 3389 876 notari,
3426 807 3648 882 posset

2098 916 2207 982 ille
2276 937 2623 1002 processus
2681 915 2760 982 de
2809 914 3208 981 obscuritate
3267 923 3331 978 et
3388 910 3646 978 insuffi-

2094 1031 2355 1111 cientia,
2402 1031 2552 1117 quia
2598 1042 2770 1096 certa
2811 1030 2892 1095 ab
2924 1028 3192 1095 incertis
3232 1046 3359 1094 non
3412 1025 3642 1092 distin-

2097 1158 2329 1232 gueret
2361 1166 2478 1213 nec
2508 1145 2861 1212 declararet
2893 1145 3065 1232 quod
3097 1164 3211 1230 per
3244 1164 3315 1209 se
3345 1161 3642 1208 necessa·
3671 1130 3991 1243 &2⁰33ss

2096 1263 2267 1328 rium
2310 1276 2430 1346 est,
2474 1275 2536 1330 et
2575 1262 2946 1340 essentiale,
2990 1261 3070 1326 ab
3139 1280 3214 1325 eo
3254 1258 3427 1345 quod
3477 1257 3640 1345 adji-
3684 1252 3991 1369 ffifflffstg‘gge

2095 1379 2266 1445 citur
2344 1401 2460 1466 per
2529 1379 2792 1444 modum
2860 1377 3238 1456 accidentiS,
3325 1374 3497 1462 quod
3574 1374 3642 1439 in
3698 1378 3989 1490 adxcffiten·

2095 1495 2273 1561 omni
2316 1495 2718 1576 delinitione,
2764 1495 2829 1560 in
2880 1513 3292 1581 quacumque
3344 1490 3637 1571 materia,
3872 1478 3885 1491 ’

2096 1624 2160 1675 et
2209 1609 2619 1696 potissimum
2674 1608 2845 1688 fidei,
2902 1602 3051 1695 quae
3089 1608 3279 1674 debet
3327 1627 3458 1673 non
3498 1625 3645 1672 esse

2096 1726 2425 1812 ambigua,
2480 1736 2579 1791 est
2633 1725 2965 1791 vitiosum.
3021 1723 3204 1790 Unde
3259 1723 3365 1789 hic
3415 1721 3645 1787 modus

2100 1841 2569 1928 interpretandi
2630 1841 2990 1906 locutiones
3036 1838 3366 1905 absolutas
3419 1848 3482 1903 et
3537 1836 3646 1901 do·

2096 1958 2406 2047 ctrinales
2455 1956 2736 2044 plurima
2785 1953 3144 2022 ministeria
3198 1953 3346 2019 fidei
3416 1951 3642 2017 redde-

2098 2086 2198 2139 ret
2236 2073 2568 2160 ambigua.

2184 2180 2642 2257 Confirmatur,
2727 2179 2878 2265 quia
2962 2177 3320 2244 Concilium
3396 2176 3635 2244 ibidem
3797 2187 3876 2239 19.
3952 2252 3964 2264 .

2095 2318 2302 2384 agens
2360 2296 2440 2362 de
2498 2298 2704 2362 forma
2755 2295 3066 2382 Baptismi
3118 2296 3305 2362 docet
3363 2294 3520 2382 quid
3571 2293 3639 2358 in
3671 2253 3999 2366 Csi’ssfltgffissm

2097 2436 2170 2480 ea
2243 2415 2612 2499 requiratur
2686 2413 2992 2498 exprimi,
3067 2412 3349 2478 declarat
3426 2420 3642 2478 actum
3725 2379 3954 2492 ἓξξζῇξῖ

2099 2529 2486 2617 baptizandi,
2603 2541 2664 2596 et
2704 2550 3047 2617 personam
3117 2528 3443 2614 baptizati,
3497 2547 3644 2593 cum

2101 2649 2512 2715 invocatione
2578 2647 2914 2715 Trinitatis
2965 2647 3044 2715 de
3082 2669 3199 2734 per
3238 2668 3308 2713 se
3339 2667 3485 2712 esse
3533 2667 3652 2712 ne-

2098 2767 2383 2834 cessario
2422 2765 2873 2853 exprimenda,
2919 2786 2993 2832 ac
3052 2765 3323 2853 proinde
3368 2763 3650 2830 validam

2100 2906 2247 2951 esse
2315 2885 2590 2951 formam
2653 2886 3050 2960 Graecorum,
3143 2880 3446 2967 quamvis
3523 2901 3651 2946 non

2099 3001 2506 3087 exprimatur
2555 3000 2620 3065 in
2674 3022 2749 3067 ea
2797 3019 3074 3087 persona
3126 2996 3435 3077 ministri,
3499 2997 3651 3084 quia

2099 3114 2180 3181 de
2214 3115 2316 3181 his
2355 3115 2478 3182 suit
2508 3115 2977 3197 controversia,
3013 3127 3125 3182 aut
3163 3114 3435 3181 dubium
3484 3113 3654 3180 inter

2100 3232 2378 3320 aliquOS,
2460 3232 2795 3299 declarans
2835 3233 3027 3299 etiam
3073 3252 3302 3319 aquam
3371 3231 3648 3298 miscen-

2104 3348 2252 3414 dam
2333 3349 2491 3414 vino
2569 3369 2713 3415 esse
2761 3369 2842 3414 ex
2912 3360 3273 3435 praecepto;
3375 3346 3648 3432 exponit

2107 3465 2301 3532 etiam
2335 3477 2733 3551 praeceptum
2778 3487 2922 3532 esse
2961 3464 3474 3533 ecclesiasticum
3510 3474 3653 3529 tan-

2100 3593 2265 3661 tum,
2321 3582 2492 3669 quod
2544 3583 3150 3669 perindebdeclarat
3191 3581 3650 3648 Tridentinum

2098 3719 2254 3766 sess.
2300 3701 2416 3765 22.
2464 3720 2610 3785 cap.
2657 3702 2720 3766 7.
2767 3702 3115 3777 Praeterea,
3171 3718 3378 3785 agens
3408 3697 3488 3763 de
3519 3697 3648 3763 mi·

2103 3817 2311 3883 nistro
2350 3816 2552 3903 hujus
2614 3815 3014 3881 Sacramenti
3048 3814 3206 3881 dicit
3245 3814 3647 3880 ordinarium

2102 3955 2249 4000 esse
2321 3933 2743 4018 Episcopum,
2833 3930 3421 3997 extraordinarium
3489 3951 3647 3997 vero

2102 4050 2564 4127 Sacerdotem;
2621 4069 2768 4115 cum
2810 4045 3034 4114 eadem
3066 4047 3455 4113 limitatione
3503 4046 3649 4112 Tri-

2102 4165 2442 4231 dentinum
2495 4185 2648 4229 sess.
2703 4169 2766 4230 7.
2830 4164 2913 4229 de
2965 4163 3493 4245 Consti-macione
3540 4183 3646 4227 ca-

2098 4304 2270 4348 none
2302 4286 2363 4347 3.
2398 4281 2710 4368 loquitur.
2747 4280 2923 4346 Idem
2965 4278 3158 4345 etiam
3191 4278 3645 4344 Tridentinum

2096 4420 2251 4465 3633.
2337 4402 2441 4464 14.
2513 4419 2658 4483 cap.
2721 4401 2778 4466 5.
2833 4396 3116 4462 declarat
3173 4408 3237 4461 et
3295 4394 3648 4480 distinguit

2100 4518 2435 4585 materiam
2480 4516 2915 4583 necessariam
2945 4515 3377 4581 confessionis
3409 4534 3441 4580 a
3487 4514 3645 4580 libe-

2610 4635 2621 4646 .
2682 4634 2695 4647 .
3432 4630 3444 4644 .
3732 4587 3944 4640 Materia

2101 4657 2194 4715 ra,
2244 4635 2414 4701 unde
2478 4634 2812 4721 coll1g1tur
2852 4631 3218 4700 absolutam
3251 4630 3646 4698 locutionem
3675 4649 3978 4712 necessaria,

2099 4750 2535 4815 Conciliorum
2586 4749 2652 4813 in
2713 4747 2980 4813 materia
3041 4746 3192 4812 fidei
3246 4746 3641 4826 definienda,
3690 4715 3970 4832 ζζῃέὲξζζξῖ

2098 4876 2209 4931 aut
2285 4863 2667 4932 declaranda
2744 4862 3204 4929 universaliter
3274 4862 3644 4949 intelligen-
3789 4839 3891 4891 ¹²³⁵·

2098 4982 2246 5048 dam
2287 5002 2454 5059 esse,
2488 4992 2552 5047 et
2581 4981 2723 5046 sine
2764 4978 2889 5045 ulla
2919 4978 3331 5060 limitatione,
3367 4990 3428 5044 et
3468 4999 3642 5043 com-

2097 5097 2499 5187 prehendere
2554 5097 2825 5184 praecise
2883 5096 3274 5163 necessaria.
3321 5100 3642 5162 Praeterea
3672 5114 3991 5164 Sacramen-

2098 5237 2248 5284 cum
2290 5216 2642 5302 praemittat
2683 5217 3096 5280 Sacramenta
3138 5213 3359 5298 perlici
3410 5234 3492 5278 ex
3527 5211 3646 5279 tri-
3738 5177 3919 5308 pqrtgci

2098 5333 2243 5413 buS,
2284 5351 2518 5418 nempe
2563 5329 2828 5396 materia
2878 5340 2941 5394 et
2982 5328 3213 5407 forma,
3259 5339 3322 5394 et
3370 5347 3647 5414 persona
3736 5302 3926 5351 trxhus.

2099 5449 2382 5515 miuistri
2467 5446 2866 5514 intendentis
2928 5446 3164 5526 facere,
3245 5444 3418 5532 quod
3494 5444 3649 5510 facit

2096 5564 2407 5644 Ecclesia,
2481 5564 2761 5631 intendit
2819 5564 3118 5651 praecise,
3159 5584 3307 5650 quoe
3374 5561 3650 5634 essenti-
