4287 6313
409 538 564 591 Ratio

454 603 520 652 ad

382 667 594 734 opposit.

373 1478 494 1531 Lib.
528 1480 607 1531 83.

400 1548 580 1606 quaest.

400 1620 434 1669 q
482 1606 563 1656 53.

713 383 825 445 140

771 545 1104 630 Contra,
1150 548 1615 624 Bernardus
1664 555 1740 620 in
1783 575 2079 621 sermone
2145 554 2228 621 de

683 660 884 727 Coena
931 664 1205 731 Domini
1255 693 1275 732 .·
1317 668 1504 733 Sicut
1554 664 1904 735 investitur
1952 672 2225 736 canoni·

678 799 789 845 cus
823 801 948 867 per
986 783 1253 864 librum,
1293 785 1506 851 Abbas
1533 807 1654 872 per
1694 786 2018 864 baculum,
2059 787 2226 873 Epi-

675 914 910 981 scopus
953 919 1076 983 per
1115 900 1465 980 annulum,
1510 902 1606 966 sic
1654 901 2019 968 divisiones
2069 923 2226 989 qra-

680 1011 930 1077 tiarum
989 1011 1274 1080 diversoe
1335 1026 1490 1082 sunt
1559 1017 1828 1083 tradiloe
1881 1040 1923 1083 a
1985 1019 2228 1085 Sacra-

679 1128 940 1193 mentis.
991 1126 1224 1201 Patet
1287 1130 1489 1219 quod
1553 1129 1716 1213 illa,
1787 1131 1879 1204 de
1939 1132 2225 1225 quibus

676 1242 1246 1336 exemplificat,
1315 1251 1502 1321 sunt
1570 1252 1889 1322 tantum
1967 1249 2223 1342 signa,

678 1363 758 1432 et
800 1380 962 1433 non
1005 1382 1296 1437 causae.

770 1477 1001 1559 Item,
1071 1479 1577 1571 Augustinus
1620 1508 1632 1551 :
1688 1483 2008 1567 Quaedam
2046 1499 2222 1565 sunt,

677 1614 822 1679 quae
860 1597 1033 1661 Deus
1073 1598 1284 1681 efficit
1340 1620 1463 1686 per
1518 1602 1828 1688 seipsum,
1899 1603 2069 1667 sicut
2136 1615 2230 1669 est

677 1710 1069 1778 illuminare
1097 1715 1400 1795 animas,·
1441 1733 1640 1805 ergo
1682 1717 1764 1788 et
1798 1715 1912 1787 Sic
1945 1718 2229 1788 causat

678 1826 1061 1915 gratiam.
1150 1829 1382 1913 Item,
1467 1831 1535 1903 si
1606 1834 2227 1906 Sacramentum

675 1945 894 2015 esset
955 1962 1201 2016 causa
1262 1946 1579 2038 gratiae,
1652 1949 1791 2019 aut
1853 1948 2222 2032 univoca,

678 2061 818 2130 aut
859 2058 1319 2150 aequivoca;
1357 2081 1516 2133 non
1561 2065 1928 2145 univoca,
1978 2068 2226 2157 patet,

679 2171 868 2264 quia
900 2195 1058 2247 non
1099 2181 1366 2269 potest
1397 2199 1575 2251 esse
1619 2179 1890 2270 gratia
1931 2179 2224 2253 forma⁶

679 2288 874 2362 liter
915 2291 996 2362 in
1054 2295 1634 2378 Sacramento;
1689 2316 1835 2370 nec
1884 2296 2231 2388 aequivo-

677 2425 796 2488 ca,
852 2409 1040 2499 quia
1091 2429 1340 2482 causa
1397 2412 1812 2503 aequivoca
1869 2417 1991 2486 est
2044 2413 2231 2486 sim-

675 2522 1002 2614 pliciter
1095 2523 1541 2618 perfectior
1618 2550 1763 2600 suo
1840 2533 2223 2611 causato;

673 2640 1022 2714 nobilius
1056 2643 1329 2715 autem
1361 2644 1662 2737 aliquid
1719 2645 1850 2718 vel
1879 2646 2230 2720 eminen-

677 2760 838 2832 tius
900 2759 1173 2852 gratia
1240 2781 1401 2834 non
1448 2765 1717 2856 potest
1766 2784 1945 2836 esse
2005 2764 2085 2837 in
2138 2785 2228 2840 re

597 2928 600 2933 -
676 2876 1065 2960 sensibili,
1113 2882 1201 2951 ut
1244 2877 1325 2949 in
1375 2877 1737 2972 subJecto
1799 2880 2000 2973 ejus.

1243 3128 1651 3190 SCHOLIUM.

746 3331 830 3386 De
860 3329 974 3389 hoc
1002 3333 1244 3399 tractat,
1273 3332 1339 3389 in
1370 3336 1584 3404 quoest.
1614 3347 1745 3406 seq.
1779 3349 1837 3391 n.
1865 3333 1920 3392 2.
1952 3337 2013 3392 et
2048 3336 2228 3393 refu-

669 3432 758 3486 tat
805 3431 970 3501 opin.
1017 3433 1082 3487 D.
1133 3430 1347 3489 Thom.
1399 3431 1475 3488 de
1526 3446 1618 3499 ea,
1670 3447 1704 3490 a
1756 3448 1930 3491 num.
1969 3435 2021 3491 4.
2051 3436 2228 3505 ponit

669 3541 847 3585 suam
905 3541 1080 3583 num.
1115 3528 1199 3584 12.
1226 3532 1287 3585 et
1315 3529 1504 3586 solvit
1549 3532 1920 3600 argumenta
1968 3529 2072 3587 hic
2120 3544 2227 3602 po-

670 3627 788 3683 sita
844 3640 1019 3684 num.
1055 3627 1150 3683 17.

1120 3850 1777 3918 COMMENTARIUS.

760 4071 1107 4156 Postquam
1162 4068 1527 4155 quaestione
1590 4067 1877 4135 secunda
1955 4068 2091 4156 egit
2142 4070 2225 4136 de

671 4183 955 4251 essentia
1002 4194 1066 4249 et
1111 4181 1493 4250 definitione
1525 4184 1953 4264 Sacramenti,
2000 4184 2081 4250 de
2110 4204 2222 4250 cu-

665 4302 777 4389 jus
845 4300 1098 4366 ratione
1144 4320 1292 4366 esse
1338 4298 1559 4366 docuit
1624 4300 1960 4367 continere
2024 4321 2220 4368 suum

669 4414 1110 4503 significatum
1143 4415 1391 4481 virtute
1419 4426 1482 4481 et
1515 4415 1822 4503 practice,
1857 4417 2222 4504 quaestione

669 4544 885 4600 autem
932 4532 1144 4609 tertia,
1181 4529 1261 4597 de
1302 4531 1446 4615 ejus
1478 4531 1888 4598 institutione
1918 4543 1982 4598 et
2030 4532 2221 4598 certi-

671 4647 897 4714 tudine
946 4646 1014 4711 in
1059 4643 1518 4733 significandO,
1575 4656 1639 4712 et
1695 4654 1981 4712 auctore.
2028 4647 2214 4726 Item,

670 4769 844 4854 quod
877 4766 942 4832 in
984 4764 1163 4831 omni
1202 4775 1375 4831 statu
1424 4764 1552 4832 viae
1594 4764 1812 4846 fuerit,
1877 4775 1943 4831 et
1981 4785 2221 4832 secun-

344 4899 636 4962 Argumen-
666 4882 824 4949 dum
869 4882 1166 4948 diversas
1218 4880 1397 4968 leges
1448 4880 1785 4948 diversum
1839 4884 2217 4948 Sacramen-

430 4965 539 5029 turn

363 5028 521 5086 qnaesi
531 5037 594 5070 ιο.

405 5103 543 5137 num.

665 5009 848 5077 tum;
917 4998 1176 5065 tandem
1226 4997 1591 5085 quaestione
1658 5007 1888 5086 quarta
1955 4997 2216 5085 quaerit,

668 5127 889 5182 utrum
926 5115 1031 5181 illa
1071 5113 1362 5181 efficacia
1421 5113 1822 5181 Sacramenti
1883 5114 2086 5201 possit
2122 5135 2222 5180 es-

667 5253 739 5299 se
774 5231 1045 5319 physica
1096 5240 1395 5318 respectu
1441 5229 1695 5316 gratiae.
1750 5229 2067 5305 Quoniam
2109 5250 2223 5297 au-

672 5359 805 5415 tem
855 5344 1210 5413 efficientia
1268 5357 1331 5411 et
1368 5344 1742 5425 causalitas,
1778 5344 2110 5433 colligitur
2142 5366 2223 5412 ex

670 5462 996 5551 principio
1048 5461 1302 5529 formali
1356 5461 1689 5542 causandi,
1744 5460 1887 5529 sine
1936 5483 2065 5550 quo
2107 5483 2223 5528 ne-

669 5581 822 5671 quit
907 5580 1301 5661 subsistere,
1393 5579 1737 5668 conjungit
1793 5580 2228 5668 quaestionem

1861 392 2003 459 [AB.
2050 391 2154 454 lv.
2204 392 2802 458 SENTENTIARUM

2337 555 2655 641 quintam,
2692 556 2843 646 quia
2877 557 3272 625 resolutione
3300 558 3495 624 etiam
3527 557 3875 645 conjuncta

2338 685 2459 753 est,
2529 684 2591 739 et
2630 673 2695 740 in
2763 697 2835 742 ea
2876 676 3139 762 quaerit,
3184 696 3265 742 an
3312 674 3623 764 possibile
3671 675 3756 742 sit
3815 674 3880 740 in

2337 801 2741 855 sacramento
2781 811 2928 859 esse
2958 791 3269 858 virtutem
3311 790 3878 879 supernaturalem

2338 904 2675 991 physicam
2706 906 3017 973 causandi
3049 906 3379 973 effectum.

2427 1019 2748 1087 Dividitur
2790 1041 2950 1107 ergo
2998 1021 3066 1088 in
3131 1034 3277 1088 octo
3354 1021 3685 1088 membra:
3745 1020 3878 1087 Pri-

2338 1155 2515 1201 mum
2581 1137 2869 1203 continet
2960 1139 3334 1224 opinionem
3411 1136 3875 1204 affirmativam

2338 1273 2455 1339 pro
2507 1252 2718 1339 prima
2757 1254 3146 1340 quaestione.
3206 1253 3577 1321 Secundum
3652 1273 3881 1319 conse-

2339 1381 2613 1458 quenter
2651 1368 3108 1436 affirmativam
3158 1390 3275 1458 pro
3306 1369 3592 1437 secunda
3626 1392 3640 1448 3
3707 1379 3879 1434 utra-

2340 1504 2468 1571 que
2505 1497 2605 1551 est
2640 1489 2713 1551 D.
2763 1485 3054 1552 Thornae.
3105 1484 3423 1563 Tertium,
3479 1484 3877 1572 impugnati-

2340 1621 2530 1666 onem
2587 1599 2849 1686 prioris.
2912 1602 3253 1679 Quartum,
3317 1599 3883 1687 impugnationem

2341 1715 2743 1802 posterioriS,
2807 1716 3141 1795 Quintum,
3210 1716 3670 1783 resolutionem
3740 1736 3886 1802 pro-

2342 1831 2503 1918 priae
2540 1831 2882 1898 sententiae
2915 1832 2981 1897 in
3022 1831 3231 1918 primo
3263 1831 3566 1919 quaesito.
3613 1834 3884 1898 Sextum

2340 1948 2642 2015 similiter
2673 1948 3134 2015 resolutionem
3168 1948 3234 2013 in
3257 1948 3545 2015 secundo
3576 1948 3882 2036 quaesito.

2341 2061 2710 2149 Septimum
2742 2073 2807 2128 et
2837 2074 3141 2129 octavum
3182 2060 3645 2148 responsiones
3675 2060 3755 2126 ad
3786 2080 3887 2126 ar-

2340 2188 2655 2265 gumenta
2689 2176 3030 2266 utriusque
3059 2176 3446 2265 quaestionis
3496 2196 3614 2243 suo
3657 2176 3887 2243 ordine

2342 2313 2470 2379 quo
2528 2303 3000 2380 proponuntur.
3044 2292 3206 2359 Vide
3269 2291 3709 2359 Scholiastem
3769 2312 3885 2379 per

2340 2407 2598 2496 singula
2647 2407 2938 2474 membra
2986 2407 3053 2473 in
3086 2406 3483 2486 Summario;
3530 2407 3596 2472 in
3647 2405 3754 2473 his
3785 2427 3884 2473 se-

2338 2545 2616 2611 quemur
2653 2524 2945 2591 ordinem
2989 2522 3331 2611 praefixum
3364 2536 3609 2591 textuS.

2787 2786 3238 2913 QuAEs‘rlo
3332 2828 3425 2898 V.

2338 3051 2444 3116 An
2481 3048 2927 3136 possibile-sit
2966 3049 3041 3113 in
3088 3047 3519 3112 Sat-ramento
3568 3064 3704 3110 esse
3752 3045 3890 3110 vir-

2645 3177 2845 3232 tutem
2943 3162 3581 3252 supernaturalem?

2337 3385 2516 3441 Alens.
2568 3387 2622 3442 4.
2649 3400 2707 3453 p.
2747 3401 2801 3456 q.
2834 3385 2883 3440 5.
2912 3401 2989 3440 m.
3023 3384 3074 3439 3.
3110 3399 3162 3439 α.
3190 3384 3245 3441 5.
3277 3386 3342 3439 D.
3376 3380 3566 3439 Thom.
3605 3383 3694 3438 hic
3738 3398 3791 3451 q.
3837 3381 3887 3439 1.

2408 3463 2524 3512 art.
2558 3459 2610 3513 4.
2642 3474 2695 3525 q.
2733 3457 2782 3511 1.
2814 3459 2865 3511 et
2935 3499 2947 3512 .
2980 3454 3034 3511 6.
3067 3459 3130 3509 de
3159 3461 3366 3525 potent.
3408 3462 3516 3508 art.
3547 3452 3598 3509 4.
3634 3456 3686 3509 et
3730 3454 3786 3510 3.
3830 3471 3888 3523 p.

2450 3570 2463 3584 .
2497 3531 2583 3585 62.
2614 3544 2669 3584 α.
2721 3530 2773 3584 4.
2828 3528 2908 3582 Pa
2931 3526 3019 3583 ud.
3046 3524 3146 3582 hic
3255 3569 3269 3583 .
3324 3525 3374 3583 1.
3437 3528 3691 3581 Hervaeus
3716 3542 3766 3594 q.
3823 3527 3879 3582 1.

2406 3546 2617 3656 geri-ar.
2650 3599 2702 3656 3.
2740 3604 2940 3654 contra
2991 3616 3038 3655 c.
3078 3600 3168 3655 56.
3209 3543 3370 3654 guar.
3411 3599 3466 3654 3.
3495 3613 3551 3664 p.
3584 3599 3649 3652 in
3679 3601 3798 3653 art.
3834 3598 3888 3653 4.

2404 3689 2459 3741 q.
2493 3670 2586 3728 62.
2620 3669 2898 3726 Pesantius
2924 3671 3021 3739 ibi,
3053 3673 3160 3742 quc·
3203 3674 3421 3738 ponunt
3459 3671 3728 3724 virtutem
3777 3671 3891 3722 ali-

2404 3758 2577 3812 quam
2644 3746 3144 3808 supernaturalem
3200 3743 3263 3793 in
3334 3739 3722 3807 sacramento,
3800 3741 3891 3793 sed

2404 3817 2563 3868 varie
2592 3815 2892 3882 explicant.
2951 3815 3016 3867 de
3065 3829 3176 3885 quo
3204 3813 3366 3867 citati
3392 3828 3447 3881 q.
3491 3814 3719 3880 praeced.
3765 3811 3888 3865 Vide

2407 3887 2549 3942 Soot.
2581 3886 2636 3942 9.
2668 3886 2792 3940 Met.
2826 3901 2882 3954 q.
2915 3885 3005 3942 11.

2425 4065 2644 4149 Quod
2705 4065 2846 4146 sic,
2931 4083 3075 4156 per
3133 4063 3675 4156 Augustinum
3754 4083 3886 4135 au-

2333 4180 2726 4257 ctoritate
2804 4178 3331 4272 supradicta:
3376 4183 3535 4258 Quoe
3591 4193 3684 4248 est
3752 4184 3884 4249 ista

2333 4303 2545 4368 virtus
2583 4321 2794 4388 aqaae,
2847 4300 3001 4371 eto,

3940 1032 4131 1086 Divisio
4150 1035 4207 1086 in

4016 1105 4128 1149 octo

3947 1162 4169 1211 membra
4179 1197 4193 1212 .

4055 4075 4079 4124 1

3916 4112 4149 4201 Argum.
4194 4139 4257 4191 1.

2424 4415 2626 4486 Item
2683 4412 3073 4485 medicina
3150 4411 3514 4486 continet
3582 4408 4141 4484 forma-Argum·
4200 4411 4263 4460 2.

2334 4530 2525 4604 liter
2589 4529 2983 4603 virtutem
3079 4526 3438 4619 aliquam
3499 4528 3880 4613 activam,

2336 4650 2709 4740 respectu
2776 4645 3191 4726 sanitatis;
3266 4647 3881 4720 Sacramentum

2331 4769 2458 4839 est
2544 4762 2938 4837 medicina
3025 4762 3320 4835 animae
3388 4765 3467 4836 et
3564 4761 3882 4854 quidem

2335 4880 2742 4976 perfecta;
2786 4897 3012 4971 ergo,
3049 4881 3202 4952 etc.

2423 4999 2655 5080 Item,
2733 5015 2944 5069 nova
2997 4994 3296 5069 relatio
3353 5013 3511 5066 non
3567 4993 3884 5066 advenit
3919 5005 4151 5070 Argum.
4204 5011 4271 5062 3.

2332 5116 2575 5191 alicui
2639 5115 2812 5188 sine
2883 5135 3092 5187 novo
3154 5111 3702 5193 fundamento,
3759 5130 3883 5203 pa-

2333 5234 2477 5314 tet,
2527 5230 2717 5324 quia
2755 5233 2821 5304 5.
2888 5232 3153 5317 Physic.
3219 5231 3299 5300 et
3338 5229 3405 5299 7.
3459 5229 3610 5294 Non
3648 5239 3883 5306 motus,

2338 5372 2547 5439 neque
2604 5349 2882 5415 mutatio
2938 5347 3028 5413 ad
3084 5346 3505 5423 relationem,
3551 5345 3691 5409 nisi
3731 5346 3887 5431 qnia

2337 5468 2430 5534 ad
2521 5466 2914 5533 absolutum.
3010 5461 3241 5534 Nunc
3314 5461 3586 5532 autem
3667 5459 3883 5541 illud,

2343 5578 2549 5673 quod
2611 5578 2945 5673 ponitur
2996 5577 3315 5670 signum
3376 5575 3753 5650 sensibile
3804 5575 3887 5650 in

3949 5238 4103 5286 Text.
4147 5239 4237 5291 io.

3946 5301 4101 5368 Text.
4146 5305 4233 5354 17.

3971 5368 4203 5418 etmde,
4274 5369 4275 5422 ἦ
