4287 6313
1702 440 1904 502 Dls'r.
1937 439 2038 501 111.
2071 435 2430 516 QUAESTIO
2460 436 2507 500 1.
3614 430 3734 492 279

519 597 894 677 specificam
961 602 1410 677 institutionlS‚
1469 605 1624 682 quia
1676 601 1892 664 solum
1950 600 2061 664 de·

515 721 749 778 notant
825 718 1037 797 ipsam
1095 724 1420 783 actionem
1473 721 1537 782 in
1596 717 1738 780 fieri
1770 738 1786 780 ε
1816 720 1950 795 Epo
2005 724 2064 780 le

514 829 791 908 baptiza,
845 837 968 897 etc.
1017 835 1178 911 Quae
1229 836 1469 898 ablutio
1514 839 1731 912 seipsa
1784 833 2061 911 perinde

512 947 909 1011 sensibiliter
952 949 1408 1013 manifestatur
1452 968 1535 1013 ex
1583 955 1816 1012 natura
1855 955 1923 1012 et
1949 967 2061 1029 ap-

449 1039 456 1054 ’
509 1063 808 1141 parentia
865 1065 1068 1142 ipsius
1113 1069 1326 1140 actuS,
1387 1066 1500 1145 qui
1559 1068 1738 1128 tactu
1796 1072 1863 1128 et
1917 1066 2062 1128 visu

515 1180 989 1257 comprehendi
1080 1187 1319 1260 potest.
1421 1182 1737 1245 invocatio
1838 1187 2056 1244 autem

513 1296 949 1358 Sanctissimae
1019 1298 1344 1360 Trinitatis
1400 1314 1534 1359 non
1592 1300 1883 1361 continet
1938 1298 2048 1360 de·

516 1412 1070 1489 terminationem,
1162 1431 1307 1493 quae
1383 1415 1660 1477 accedat
1746 1416 2063 1480 ablutioni

516 1545 630 1609 per
697 1529 971 1592 modum
1030 1529 1494 1608 specificantis‚
1578 1530 1701 1595 sed
1787 1531 2062 1596 denotat

514 1648 968 1708 auctoritatem
1040 1653 1104 1708 et
1156 1650 1552 1724 potestatem
1596 1649 1763 1727 ejus,
1814 1649 1880 1710 in
1927 1665 2057 1726 quo

514 1756 583 1820 fit
651 1760 906 1823 interna
1000 1761 1271 1836 ablutio,
1350 1777 1428 1823 ac
1501 1761 1780 1840 proinde
1849 1765 2060 1844 magis

513 1878 991 1941 institutionem
1062 1878 1342 1941 divinam
1401 1884 1469 1940 et
1524 1877 1882 1941 efficaciam
1940 1883 2055 1943 ab·

514 1994 779 2057 lutionis
857 2001 1144 2058 externae
1201 2011 1282 2057 ex
1338 1997 1480 2074 ipsa
1544 1997 2056 2071 redundantem,

515 2125 649 2173 non
721 2111 1008 2189 aliquam
1073 2109 1629 2188 specificationem
1706 2112 2060 2176 ablutionis

516 2230 584 2291 in
638 2244 756 2301 se;
819 2244 980 2308 ergo
1026 2230 1324 2308 sequitur
1363 2231 1536 2291 hanc
1588 2228 1865 2294 formam
1925 2249 2058 2295 non

515 2360 664 2407 esse
754 2342 1198 2407 conditionem
1267 2345 1752 2423 specificantem
1823 2349 2059 2423 solum,

511 2460 634 2522 sed
682 2465 937 2538 partem
986 2461 1420 2523 essentialem-
1445 2468 1507 2525 et
1552 2461 2060 2526 fundamentum

513 2573 1008 2656 significationis
1061 2578 1381 2654 practicae.
1633 2546 1646 2557 ⁶

217 2747 428 2798 Ammo
595 2692 779 2754 Patet
833 2695 1329 2771 consequentia,
1393 2694 1541 2772 quia
1601 2693 1876 2757 intentio
1934 2698 2058 2759 mi-

171 2810 482 2861 sufficienter
519 2810 701 2872 nistri
732 2816 798 2871 et
826 2823 1186 2870 consensus
1227 2808 1625 2887 baptizandi,
1657 2809 2062 2875 sufficienter

188 2886 475 2999 susp-{zei-
523 2923 1031 2986 determinarent
1074 2923 1257 2984 illum
1297 2929 1516 2986 actum
1559 2924 1929 3000 ablutionis,
1977 2928 2061 2989 ad

236 2999 430 3048 ΜΝ·
522 3034 1067 3116 significationem
1147 3041 1711 3113 sacramentalem,
1804 3042 2062 3105 seclusa

514 3154 744 3230 forma,
789 3153 845 3218 si
898 3154 1334 3219 essentialiter
1386 3156 1773 3221 consisteret
1831 3159 2059 3221 Sacra·

511 3279 812 3338 mentum
881 3276 947 3337 in
1004 3277 1143 3339 sola
1205 3277 1565 3350 ablutione,
1635 3277 1787 3357 quia
1840 3281 2056 3341 inten-

513 3390 600 3455 tio
643 3389 920 3454 ministri
950 3397 1050 3455 est
1082 3390 1370 3456 conditio
1398 3392 1628 3457 ultimo
1670 3393 2062 3472 specificans

513 3515 645 3572 tam
680 3509 960 3573 formam
1003 3526 1200 3590 quam
1243 3510 1585 3572 materiam
1631 3511 2056 3587 sacramenti,

511 3626 596 3688 ad
653 3626 828 3687 hunc
898 3640 1171 3687 sensum
1247 3628 1631 3702 practicum,
1707 3626 1849 3688 sine
1929 3644 2060 3707 qua

513 3742 670 3805 nihil
727 3742 991 3804 omnino
1049 3739 1262 3816 fieret,
1324 3741 1843 3822 quibuscumque
1903 3745 2060 3807 alias

512 3860 784 3939 positis;
822 3873 980 3938 ergo
1032 3858 1168 3921 haec
1218 3856 1625 3921 sufficienter
1668 3859 2064 3923 determina-

513 3983 617 4038 ret
658 3974 1092 4048 ablutionem,
1148 3976 1202 4037 si
1244 3976 1311 4037 in
1368 3991 1447 4038 ea
1483 3976 1622 4038 sola
1677 3978 2064 4040 consisteret

516 4091 1018 4155 fundamentum
1066 4092 1580 4173 significationis

200 4208 466 4321 Aoeffihum
600 4210 840 4272 Favent
896 4209 1092 4270 etiam
1146 4207 1392 4283 Patres,
1469 4208 1579 4286 qui
1652 4207 1878 4271 dicunt
1937 4227 2062 4287 per

229 4335 428 4384 Patres.
519 4326 983 4388 invocationem
1037 4324 1324 4401 Spiritus
1387 4324 1541 4387 dari
1592 4326 1723 4386 vim
1775 4327 2060 4402 sanctisi-

518 4444 716 4506 candi
759 4442 968 4520 aquis,
1027 4457 1227 4521 quam
1278 4438 1758 4504 invocationem
1815 4440 2052 4502 intelli-

514 4563 683 4639 gunt
728 4573 852 4636 per
891 4554 1170 4618 formam
1225 4556 1626 4617 sacramenti
1688 4555 2055 4618 invocando

512 4675 919 4748 Trinitatem,
989 4678 1063 4735 ut
1114 4672 1482 4752 intelligere
1551 4669 1811 4734 videtur
1864 4672 2058 4734 Nice-

234 4824 419 4874 Nicen.
515 4809 675 4855 num
731 4792 1090 4855 Concilium
1152 4790 1264 4853 lib.
1340 4790 1398 4852 3.
1446 4792 1523 4853 de
1580 4794 1792 4853 sancto
1846 4792 2058 4867 Bapti-

186 4887 414 4935 ¹²¹⁰¹'‘⁰‘·
513 4926 703 4984 smo,·
760 4912 827 4970 et
901 4906 1073 4970 favet
1156 4906 1598 4969 Florentinum
1667 4908 1736 4967 in
1805 4907 2056 4989 decreto

519 5026 793 5100 Unionis,
840 5040 1016 5097 nam,
1077 5038 1226 5086 cum
1290 5022 1686 5085 ostendisset
1726 5023 1791 5083 in
1848 5020 2056 5085 forma

514 5143 850 5218 alterutra,
916 5140 1018 5203 vel
1074 5140 1466 5211 Latinorum,
1518 5140 1622 5201 vel
1685 5139 2054 5201 Graecorum

513 5262 633 5322 rite
706 5263 774 5321 et
851 5258 1065 5321 valide
1141 5256 1459 5319 celebrari
1538 5252 2053 5331 Sacramentum,

515 5377 738 5439 subdit
800 5377 970 5438 hanc
1044 5374 1368 5436 rationem
1429 5393 1443 5434 :
1505 5377 1824 5445 Quoniam
1912 5391 2060 5436 cum

510 5500 893 5581 principalis
933 5515 1150 5574 causa,
1197 5513 1282 5559 ex
1333 5515 1464 5574 qua
1507 5498 1869 5574 Baptismus
1920 5499 2053 5559 vir-

519 5626 719 5682 tutem
771 5619 1029 5690 habeat,
1076 5618 1155 5678 sit
1199 5619 1441 5677 Sancta
1501 5616 1798 5691 Trinitas,
1856 5615 2060 5677 intru-

2173 601 2475 663 mentalis
2527 604 2746 661 autem
2819 599 2898 660 sit
2950 597 3265 672 minister,
3340 596 3457 672 qui
3522 594 3726 656 tradit

2173 720 2462 780 exterius
2516 722 3039 787 Sacramentum,
3083 715 3145 775 si
3185 713 3583 793 exprimitur
3625 727 3729 772 ac·

2171 840 2294 909 tus,
2356 836 2469 912 qui
2506 850 2627 910 per
2681 834 2896 910 ipsum
2941 837 3280 894 exercetur
3318 831 3715 902 ministrum,

2176 967 2316 1012 cum
2364 954 2617 1013 Sanccae
2670 949 3000 1010 Trinitatis
3051 946 3473 1019 invocatione,
3509 945 3715 1024 perfl-

2167 1067 2348 1128 citur
2377 1069 2899 1140 Sacramentum,
2949 1068 3077 1126 etc.

2252 1181 2582 1244 Caeterum
2639 1181 2751 1259 qui
2800 1181 3101 1259 sequitur
3150 1180 3548 1242 sententiam
3592 1178 3719 1256 pri-

2171 1315 2373 1371 orem,
2434 1296 2877 1376 responderet
2908 1296 3188 1377 intelligi
3236 1310 3503 1358 causam
3544 1295 3718 1372 prin-

2172 1416 2449 1494 cipalem
2493 1412 2736 1496 gratiae,
2801 1430 2881 1475 eo
2936 1412 3133 1477 modo
3203 1428 3333 1491 quo
3403 1410 3725 1474 Tridenti-

2169 1545 2331 1592 num
2374 1546 2522 1592 sess.
2581 1529 2639 1590 6.
2715 1545 2859 1606 cap.
2924 1530 2984 1589 7.
3060 1527 3217 1590 dicit
3275 1542 3423 1589 esse
3477 1526 3716 1602 Deum,

2172 1647 2286 1725 qui
2359 1650 2671 1723 operatur
2739 1645 3020 1706 interius
3074 1645 3352 1722 gratiam
3415 1641 3715 1722 physice,

2169 1777 2394 1840 neque
2439 1759 2615 1821 aliud
2672 1758 3022 1822 intendere
3078 1757 3538 1822 Florentinum.
3598 1756 3717 1817 Pa·

2170 1882 2301 1939 tres
2358 1891 2515 1939 vero
2572 1881 2645 1938 ut
2714 1875 3091 1954 plurimum,
3153 1872 3419 1953 quando
3497 1872 3720 1935 dicunt

2171 2009 2412 2073 aquam
2469 1990 2858 2054 sanctificari
2922 2007 3041 2069 per
3096 1990 3417 2068 spiritum,
3471 1989 3710 2050 intelli·

2143 2117 2339 2194 gunt
2425 2108 2863 2184 invisibiliter,
2938 2115 3009 2171 ut
3093 2111 3371 2169 lrenaeus
3449 2108 3562 2169 lib.
3645 2109 3705 2169 3.

2169 2246 2310 2306 cap.
2385 2231 2479 2294 19.
2559 2227 2837 2308 Cyrillus
2893 2225 3515 2305 Hierosolymitanus
3579 2229 3707 2285 Ca-

2165 2347 2401 2408 techesi
2445 2347 2503 2408 3.
2557 2345 2828 2406 Basilius
2877 2343 2987 2404 lib.
3045 2344 3122 2403 de
3165 2343 3422 2418 Spiritu
3462 2346 3699 2403 sancto.

2170 2477 2312 2536 cap.
2360 2462 2455 2522 15.
2501 2462 2945 2522 Nazianzenus
2990 2460 3281 2521 oratione
3328 2457 3425 2521 40.
3472 2459 3706 2539 Nysse·

2172 2593 2295 2638 nus
2338 2579 2632 2639 oratione
2685 2578 2749 2639 in
2818 2580 3107 2637 sanctum
3178 2575 3534 2651 Baptisma.
3592 2574 3713 2654 Cy·

2169 2693 2350 2755 rillus
2405 2690 2882 2753 Alexandrinus
2940 2691 3049 2752 lib.
3122 2693 3183 2752 2.
3243 2693 3311 2752 in
3379 2692 3713 2766 loannem,

2174 2825 2318 2884 cap.
2363 2809 2463 2869 42.
2497 2807 3024 2886 Theophylactus
3056 2809 3145 2868 ad
3187 2822 3330 2882 cap.
3384 2807 3477 2868 13.
3525 2787 3717 2867 loan-

2173 2931 2292 2986 nis.
2350 2923 2789 2985 Tertullianus
2821 2922 2933 2984 lib.
2968 2925 3043 2985 de
3073 2925 3423 3000 Baptismm
3479 2939 3621 3000 cap.
3655 2924 3715 2986 4.

2254 3045 2669 3110 Confirmatio
2699 3045 2893 3106 etiam
2928 3043 3060 3121 peti
3098 3045 3317 3120 potest
3351 3060 3433 3105 ex
3479 3043 3714 3106 iisdem

2171 3163 2470 3225 Patribus
2520 3160 2711 3239 hujus
2757 3160 3124 3232 sententiae,
3172 3161 3324 3238 quia
3366 3160 3717 3239 loquentes

2173 3280 2257 3343 de
2305 3282 2432 3342 hoc
2476 3279 2899 3340 Sacramento
2951 3276 3243 3338 tribuunt
3288 3277 3416 3338 vim
3473 3277 3715 3339 sancti-

2169 3396 2409 3459 sscandi
2473 3398 2660 3474 aquis
2718 3399 2786 3456 et
2843 3393 3182 3464 ablutioni,
3262 3408 3338 3453 ac
3409 3395 3461 3455 si
3518 3396 3583 3454 in
3639 3394 3717 3457 iis

2173 3513 2561 3574 consisteret
2629 3510 2697 3572 in
2778 3514 2957 3571 recto
3048 3508 3566 3581 Sacramentum,
3644 3513 3717 3571 ut

2170 3628 2399 3691 videre
2450 3628 2606 3689 licet
2647 3626 2711 3687 in
2760 3626 2904 3706 jam
2961 3625 3192 3699 citatiS,
3261 3624 3498 3704 quibus
3559 3623 3716 3687 addi

2174 3748 2394 3823 potest
2435 3746 2840 3824 Augustinus
2887 3746 3070 3805 tract.
3102 3742 3202 3805 80.
3235 3742 3298 3801 in
3348 3744 3714 3804 Joannem:

2171 3864 2341 3925 unde
2398 3864 2521 3924 ista
2577 3864 2778 3923 tanta
2813 3863 3018 3922 virtus
3076 3877 3283 3937 aquae,
3341 3864 3411 3921 ut
3482 3875 3718 3937 corpus

2169 3984 2418 4059 tanyat,
2470 3983 2528 4040 et
2557 3979 2807 4052 abluat,
2837 3979 2967 4039 nisi
2994 3979 3275 4056 faciente
3314 3976 3529 4052 verba,
3583 3983 3713 4039 etc.

2169 4101 2284 4163 ubi
2334 4097 2693 4162 efficaciam
2742 4096 3052 4160 abluendi
3106 4112 3218 4160 cor
3264 4096 3488 4159 tribuit
3533 4111 3718 4174 aquae

2172 4218 2237 4276 in
2293 4220 2505 4288 rect0,
2575 4216 2875 4294 quamvis
2943 4229 3078 4275 non
3147 4216 3289 4275 sine
3343 4213 3570 4277 verbo,
3643 4213 3719 4275 Et

2172 4331 2451 4410 epistola
2492 4332 2594 4393 23.
2644 4330 2727 4391 ad
2771 4328 3180 4392 Bonifacium
3226 4349 3241 4390 ε
3302 4334 3483 4406 Aqua
3539 4329 3717 4389 exhi-

2171 4449 2320 4509 bens
2372 4449 2741 4532 forinsecus
2797 4452 3299 4509 Sacramentum
3352 4446 3605 4522 yrati'ee,
3660 4450 3718 4506 et

2167 4565 2428 4641 spiritus
2516 4578 2795 4640 operans
2876 4562 3253 4623 intrinsecus
3349 4561 3715 4636 beneficium

2167 4682 2419 4761 qratiae.

2247 4798 2345 4860 Ad
2401 4797 2726 4858 rationem
2785 4798 2984 4859 etiam
3051 4796 3352 4875 superius
3414 4798 3711 4875 praemis·

2167 4929 2309 4975 sam
2377 4911 2770 4991 responderi
2825 4917 3067 4990 potest,
3134 4916 3288 4991 quia
3340 4912 3711 4992 Baptismus

2169 5037 2270 5093 est
2338 5029 2605 5092 initiatio
2678 5029 2957 5091 hominis
3051 5029 3416 5106 Christiani,
3508 5035 3708 5110 atque

2166 5148 2335 5211 adeo
2387 5148 2881 5209 Sacramentum
2923 5145 3101 5221 fidei,
3147 5154 3220 5208 ut
3257 5147 3706 5213 Tridentinum

2166 5281 2365 5343 supra
2435 5263 2748 5342 appellat,
2831 5267 2896 5325 et
2966 5264 3210 5341 saepius
3281 5266 3707 5343 Augustinus,

2166 5381 2414 5461 requiri
2501 5376 2990 5442 invocationem
3074 5380 3506 5442 Sanctissimae
3573 5380 3714 5442 Tri-

2169 5499 2409 5571 nitatis,
2471 5497 2659 5577 quus
2718 5494 2916 5559 fidem
2979 5497 3043 5557 in
3113 5496 3535 5559 Sacramento
3591 5498 3712 5560 ba-

2170 5615 2447 5696 ptizatus
2492 5611 2850 5695 profitetur.
2899 5614 2973 5675 Et
3001 5618 3075 5674 ut
3105 5613 3467 5694 explicetur
3512 5629 3708 5676 causa

3777 1196 4053 1248 Solvuntur

3748 1265 4070 1387 expligattntur

3776 1383 4022 1449 praedicta
4032 1423 4044 1436 .

3760 2218 3884 2267 Trici
3895 2225 4005 2271 ent.
4038 2233 4043 2242 ’

3799 2283 4041 2333 Irenaeus.

3798 2345 3962 2408 Cyrill
3974 2385 3985 2397 .

3735 2408 4049 2471 Hierosolym

3768 2469 3993 2522 Basilius
4006 2511 4018 2523 .

3738 2531 3994 2587 Nazianze
4009 2551 4039 2583 n

3742 2599 4004 2660 Nyssenus

3818 2657 3997 2722 Cyrill.

3755 2721 3913 2774 Alexa
3921 2722 3987 2770 nd
3995 2721 4071 2771 ri-

3832 2787 3839 2794 '
3857 2799 3970 2832 nus.

3747 2847 4073 2912 Theophyla-

3854 2914 3979 2959 ctus.

3748 2972 4033 3022 'Pet-tullian
4047 3009 4060 3022 .

3769 3034 4053 3085 Confirma-

3866 3102 3950 3169 tur
4069 3101 4073 3140 Ι

3766 3176 4039 3275 ..333{?..

3769 3742 4020 3807 Augustin
4033 3782 4046 3795 .

3805 4830 3998 4881 Solutio

3796 4894 4008 4945 rationis

3765 4956 4041 5027 praemissae

3882 5034 3935 5067 in

3796 5082 4023 5132 savorem

3781 5145 4017 5195 secundae

3778 5207 4063 5260 sententiae.
