4287 6313
551 370 670 433 478

555 536 789 621 gratiae
834 533 1080 608 Christi,
1129 537 1202 593 ut
1251 532 1641 593 observetur
1683 531 1816 604 lex,
1848 529 2109 592 vincan-

558 652 660 708 tur
692 648 1259 727 concupiscentiae,
1296 654 1363 709 et
1403 645 1699 715 tentatio,
1754 661 1897 724 quae
1946 645 2107 705 resi·

552 767 735 825 stunt
771 764 955 841 operi
1001 765 1063 824 in
1119 764 1455 825 exercitio,
1512 763 1627 823 Hic
1674 766 1897 823 autem
1947 759 2112 822 effe-

554 886 697 942 ctus
739 880 1095 943 fomitis'in
1141 879 1379 944 adultis
1419 878 1617 952 valet,
1659 883 1723 942 in
1756 876 2111 940 infantibus

553 997 829 1074 sopitur,
878 997 1029 1075 quia
1082 996 1377 1058 nondum
1423 997 1668 1058 habent
1710 1012 1900 1056 usum
1933 994 2107 1055 arbi-

556 1114 679 1184 trii,
718 1113 876 1175 etin
910 1114 1150 1193 quibus
1182 1113 1476 1175 remissio
1523 1111 1765 1174 fomitis
1804 1128 1923 1188 per
1952 1128 2103 1188 gra·

556 1235 712 1294 tiam
772 1230 1200 1311 intelligenda
1273 1237 1397 1303 est,
1465 1233 1788 1308 quantum
1845 1229 1928 1290 ad
1985 1244 2111 1304 po-

556 1353 863 1411 testatem
895 1354 960 1409 et
992 1348 1185 1420 vireS,
1231 1363 1365 1409 non
1411 1362 1528 1423 pro
1593 1353 1746 1407 tunc
1784 1359 2107 1407 exercen-

557 1465 697 1541 das,
750 1471 817 1528 et
860 1470 1179 1545 quantum
1236 1463 1317 1525 ad
1366 1464 1645 1543 gratiam
1688 1461 2111 1533 habitualem,

552 1598 687 1644 non
718 1588 941 1645 autem
972 1583 1294 1644 actualem
1330 1581 1552 1643 datam
1596 1596 1711 1656 pro
1762 1585 1937 1650 tunc,
1992 1578 2111 1640 sed

554 1710 671 1774 pro
710 1702 1006 1774 tempore
1040 1710 1332 1775 congruo
1386 1690 1835 1771 recipiendam
1878 1694 2112 1753 virtute

557 1813 960 1874 Sacramenti
996 1811 1313 1890 percepti,
1365 1807 1631 1887 quando
1665 1807 1916 1868 seilicet
1960 1824 2114 1884 per-

552 1929 823 1992 venient
852 1928 938 1990 ad
968 1942 1164 1990 usum
1209 1927 1502 1989 rationiS.
1557 1925 1942 2001 Exemplum
1995 1922 2109 1984 ad-

559 2043 831 2106 ductum
882 2061 917 2105 a
970 2045 1252 2106 Doctore
1309 2047 1465 2104 satis
1513 2039 1933 2102 commodum
1992 2043 2113 2112 est,

558 2146 709 2238 quia
754 2168 828 2222 ut
897 2165 988 2222 ait
1033 2160 1439 2240 Augustinus
1509 2158 1611 2220 83.
1688 2158 2121 2236 quaestionum

559 2281 788 2354 quiesi.
837 2279 935 2341 36.
1012 2277 1331 2353 Perfectio
1411 2274 1750 2337 charitatis
1804 2279 1891 2335 esc
1921 2273 2118 2334 dimi-

559 2394 735 2456 nutio
766 2394 1162 2470 cupiditatw,
1197 2397 1325 2455 etc.
1846 2360 1858 2375 ”

1145 2626 1551 2681 SCHOLIUM.

636 2833 724 2886 Ex
785 2833 963 2900 parte
1015 2825 1121 2882 Dei
1172 2825 1589 2881 communiter
1626 2826 1932 2896 {equalem
1985 2825 2125 2885 dari

559 2929 830 3000 gratiam
898 2921 1357 2996 baptismalem,
1407 2920 1705 2994 possibile
1761 2925 1969 2980 tamen
2028 2930 2122 2982 est

561 3040 756 3083 unum
819 3022 1104 3095 accipere
1165 3023 1466 3093 maj0rem
1524 3022 1789 3091 gratiam
1837 3020 1959 3078 alio
2005 3037 2121 3094 per

558 3121 941 3195 Baptismum
974 3118 1134 3178 'sine
1169 3118 1383 3190 majori
1414 3117 1840 3190 dispositione,
1873 3117 1925 3175 si
1958 3120 2117 3174 Deus

558 3225 642 3280 lta
674 3223 1013 3280 statuisset.
1044 3221 1165 3276 Nec
1197 3220 1409 3276 Scotus
1430 3217 1595 3274 ,dicit
1631 3217 1708 3274 de
1774 3218 1934 3276 sacto
1981 3216 2115 3275 dari

558 3323 859 3392 majorem
907 3319 1173 3389 gratiam
1222 3317 1662 3388 baptismalem
1711 3318 1769 3372 ei
1811 3319 1916 3387 qui
1970 3331 2123 3388 prae·

559 3419 910 3477 destinatus
941 3417 1139 3473 estad
1172 3418 1470 3487 majorem
1514 3417 1801 3486 gloriam,
1847 3420 1915 3472 ut
1962 3415 2118 3472 falso

509 3498 513 3502 ’
560 3520 623 3590 οἱ,
652 3518 919 3589 imponit
950 3516 1127 3573 Sotus
1158 3529 1371 3586 supra,
1407 3514 1513 3570 sed
1550 3519 1790 3571 tantum
1841 3515 2119 3585 loquitur

560 3615 640 3674 de
707 3609 1014 3688 possibili,
1103 3609 1370 3685 quocum
1428 3614 1771 3670 convenire
1820 3613 2120 3671 videntur

563 3709 771 3772 Alens.
824 3711 885 3770 et
929 3714 1152 3768 Bonav.
1203 3724 1377 3781 supr.
1420 3708 1528 3766 sed
1559 3709 1634 3766 de
1666 3709 1827 3767 facto
1857 3708 1993 3766 dari
2024 3714 2120 3767 te-

564 3815 718 3868 nent
751 3810 970 3869 Palud.
1004 3809 1185 3868 Gabr.
1221 3809 1451 3884 Bassol.
1486 3808 1717 3865 Eckius
1748 3810 1946 3865 citati.

348 4082 401 4133 3·
657 4029 788 4104 Sic
828 4046 1029 4120 ergo
1074 4026 1176 4117 (b)
1227 4025 1589 4119 ponendo
1642 4024 1971 4097 unicum
2003 4023 2115 4095 ef-

216 4143 539 4208 luae‘lmlffl
567 4145 865 4219 fectum
915 4131 1351 4236 Baptismi,
1381 4140 1692 4214 scilicet
1726 4140 2109 4231 gratiam,

218 4208 536 4337 '‘ffiffialssff'
568 4261 1015 4355 respondeo
1068 4258 1274 4351 quod
1324 4276 1506 4329 cum
1568 4254 1659 4327 ad
1730 4250 2112 4329 effectum

245 4335 519 4456 Ἷὸὲιῗῗῖιῖῗ
565 4376 992 4473 Baptismi,
1068 4375 1376 4448 scilicet
1458 4371 1841 4463 gratiam,
1931 4391 2111 4443 con-

236 4471 516 4579 ωέῗῑῗὲῗὶα,
566 4499 853 4570 currat
912 4512 1160 4567 causa
1231 4489 1736 4584 principalia,
1804 4487 2114 4561 scilicet

219 4584 527 4711 suaelss’hva.
563 4617 801 4696 Deus,
827 4616 909 4686 et
942 4628 1187 4684 causa
1226 4605 1680 4690 meritoria,
1720 4609 1806 4679 ut
1841 4603 2113 4697 passio

566 4731 902 4814 Christi,
961 4733 1042 4802 et
1102 4727 1273 4820 ipse
1337 4722 1785 4816 suscipiens
1846 4722 2114 4815 Bapti-

562 4870 854 4931 smum,
902 4867 1000 4918 ex
1035 4848 1268 4937 parte
1301 4840 1728 4932 cujuslibet
1765 4839 2114 4911 istorum

561 4968 840 5062 posset
900 4959 1205 5036 attendi
1258 4957 1687 5050 aequalitas
1738 4956 1862 5027 vel
1935 4955 2115 5027 inae-

562 5082 944 5175 qualitas.
990 5080 1394 5160 Quantum
1438 5073 1532 5144 ad
1571 5074 1827 5145 Deum
1860 5070 2114 5144 deter-

563 5200 1006 5273 minantem
1068 5216 1152 5267 se
1210 5189 1645 5285 cooperari
1689 5189 1828 5262 isti
1880 5189 2111 5280 signo

561 5339 711 5414 per
778 5314 1159 5388 effectum
1239 5309 1811 5402 significatum,
1884 5313 1965 5383 et
2034 5307 2113 5380 in

564 5439 717 5511 hoc
763 5433 1323 5508 instituentem
1382 5426 1590 5502 istud
1640 5428 1984 5518 signum,
2033 5427 2109 5497 in

567 5552 891 5628 ratione
951 5546 1161 5641 signi
1202 5545 1411 5619 certi
1468 5545 1584 5633 (ut
1627 5544 1929 5617 dictum
1987 5544 2112 5615 est

1699 367 1845 430 [AB.
1876 367 1976 429 lV.
2022 364 2618 430 SENTENTIARUM

2228 530 2528 619 supra),
2610 526 2882 620 aliquo
2937 530 3166 602 modo
3253 535 3524 624 potest
3596 550 3774 603 esse

2223 642 2711 723 differentia,
2767 644 3038 737 aliquo
3093 647 3323 719 modo
3375 667 3560 719 non.
3617 646 3774 719 Ali-

2226 780 2465 851 quam
2507 761 2717 834 enim
2784 762 3142 852 gratiam
3194 763 3592 857 disposuit
3659 784 3773 835 re-

2222 874 2630 967 gulariter
2663 878 3038 950 conferre
3073 899 3256 950 oum
3303 878 3462 952 isto
3514 877 3770 971 signo,

2226 991 2340 1065 ita
2400 993 2605 1084 quod
2673 993 2873 1065 nulli
2945 993 3394 1076 minorem;
3466 999 3545 1068 et
3616 994 3777 1068 ista

2223 1112 2491 1200 potest
2539 1108 2690 1181 dici
2744 1107 3105 1191 conferri
3155 1110 3463 1185 virtute
3507 1110 3774 1203 Bapti-

2224 1224 2402 1307 smi,
2452 1225 2637 1316 quia
2704 1226 3008 1301 virtute
3077 1227 3455 1301 veritatis
3535 1226 3775 1321 hujus

2224 1342 2435 1434 signi
2481 1368 2494 1423 ;
2543 1348 2623 1415 et
2693 1343 2903 1416 sicut
2987 1343 3566 1417 determinatio
3635 1345 3778 1417 illa

2222 1455 2744 1543 universalis,
2846 1463 3238 1549 quantum
3336 1460 3430 1531 ad
3526 1458 3777 1533 istum

2225 1572 2588 1663 gradum,
2635 1578 2760 1648 est
2793 1573 3254 1658 uniformiS,
3293 1574 3407 1648 ita
3438 1575 3778 1650 effectus

2225 1690 2593 1778 aequa-lis.

2312 1807 2920 1892 Verumtamen,
2973 1809 3162 1901 quia
3210 1811 3425 1883 Deus
3479 1811 3778 1903 praede-

2225 1921 2662 1994 destinavit
2721 1923 3088 1997 diversos
3149 1925 3599 1998 electos‘ad
3666 1925 3778 1997 di-

2228 2060 2540 2113 versos.
2571 2042 2867 2132 gradus
2919 2043 3231 2135 gloriae,
3277 2047 3355 2117 et
3401 2044 3552 2118 hoo
3589 2047 3777 2117 ante

2226 2155 2987 2230 determinationem
3065 2158 3306 2249 hujus
3386 2159 3598 2251 signi
3685 2161 3778 2231 ad

2232 2273 2545 2344 tantam
2604 2273 2730 2345 vel
2795 2276 3113 2348 tantam
3201 2275 3544 2366 gratiam
3597 2295 3780 2348 con-

2229 2388 2667 2473 ferendam,
2737 2396 2816 2464 et
2890 2392 3261 2464 ordinato
3349 2393 3444 2464 ad
3528 2391 4112 2509 majo-dlfquiffiffi

2237 2525 2405 2577 rem
2491 2506 2871 2598 gloriam,
2967 2508 3570 2583 rationabiliter
3645 2529 3780 2602 po·
3881 2475 3995 2525 ⁹⁰⁸8
4118 2498 4131 2511 ’

2233 2625 2393 2696 test
2433 2624 2793 2697 conferri
2835 2625 3101 2715 major
3141 2626 3456 2718 gratia;
3512 2629 3782 2719 potest

2235 2742 2444 2812 Deus
2515 2740 2594 2812 in
2658 2741 3269 2814 determinando
3345 2740 3782 2816 veritatem

2235 2879 2371 2929 seu
2433 2857 3003 2930 certitudinem
3066 2857 3308 2952 hujus
3370 2859 3581 2951 signi
3668 2860 3782 2932 di-

2233 2994 2602 3067 sponere,
2639 2975 3014 3047 conferre
3056 2976 3303 3049 alicui
3348 2974 3784 3069 suscipien-

2229 3091 2293 3164 ti
2340 3091 2674 3184 praecise
2718 3092 2943 3165 illam
2997 3093 3381 3185 gratiam,
3441 3114 3613 3186 quae
3667 3114 3783 3166 re·

2233 3208 2593 3300 quiritur
2643 3210 2737 3281 ad
2796 3209 3365 3283 certitudinem
3396 3209 3650 3303 signi,
3702 3215 3781 3285 et

2231 3324 2478 3398 alicui
2517 3325 2939 3419 majorem,
2988 3348 3225 3418 quem
3259 3327 3779 3420 praedestina-

2231 3438 2345 3511 vit
2406 3440 2501 3511 ad
2560 3440 2956 3533 majorem
3015 3441 3405 3533 gloriam;
3453 3442 3586 3513 sed
3647 3441 3780 3513 ille

2231 3553 2582 3631 ulterior
2657 3556 2956 3646 gradus
3032 3578 3193 3630 non
3260 3557 3780 3631 conferretur

2226 3668 2538 3744 virtuto
2597 3670 3024 3764 Baptismi‚
3090 3672 3222 3745 sed
3288 3675 3379 3745 de
3447 3672 3780 3766 speciali

2225 3785 2791 3876 benevolentia
2857 3788 3151 3861 divina.
3228 3790 3579 3882 Propter
3630 3789 3781 3863 hoc

2224 3903 2380 3977 dici
2449 3908 2743 3995 potest,
2820 3906 3020 3996 quod
3082 3927 3179 3977 ex
3225 3910 3459 3998 parte
3517 3927 3781 3980 causae

2225 4020 2728 4113 principalis,
2810 4021 3150 4096 effectus
3246 4029 3370 4104 est
3451 4024 3774 4116 regula-

2231 4137 2433 4209 riter
2474 4137 2810 4229 aequalis
2848 4138 3334 4231 simpliciter
3367 4140 3499 4233 qui
3542 4142 3783 4215 datur

2224 4254 2531 4328 virtute
2575 4254 2999 4346 Baptismi,
3037 4255 3221 4347 quia
3264 4259 3775 4350 supponitur,

2227 4369 2431 4461 quod
2462 4371 2550 4442 de
2585 4371 2760 4462 lege
2793 4371 3227 4455 communi,
3284 4373 3552 4464 prima
3597 4393 3776 4466 gra-

2228 4488 2343 4560 tia
2391 4507 2553 4559 non
2592 4490 2833 4562 datur
2883 4489 3152 4582 maj0r
3201 4489 3501 4582 absque
3555 4494 3774 4566 omni

2223 4604 2687 4678 differentia
2753 4609 2993 4679 extra
3075 4625 3407 4678 causam
3479 4607 3774 4700 princi-

2229 4725 2517 4816 palem.

2685 4979 3331 5044 COMMENTARIUS.

2304 5205 2399 5289 (b)
2443 5209 2555 5268 Sic
2583 5221 2761 5282 erqo,
2807 5211 2933 5268 etc.
2979 5206 3302 5285 Supponit
3341 5214 3660 5287 quantum
3691 5209 3777 5271 ad
3931 5253 3959 5302 3

2225 5320 2533 5381 effectum
2609 5321 2839 5397 gratiae
2904 5320 3332 5394 causandum,
3383 5337 3774 5386 concurrere
3866 5311 4054 5426 ἐξὲξ

2223 5437 2434 5498 Deum
2463 5441 2536 5498 ut
2577 5451 2843 5497 causam
2891 5436 3339 5514 principalem,
3395 5440 3768 5514 passionem
3875 5438 4056 5502 &¹⁸⁸5ae

2221 5551 2454 5613 Christi
2495 5559 2565 5614 ut
2611 5549 3033 5625 meritoriam,
3060 5555 3127 5614 et
3155 5552 3368 5631 ipsum
3398 5554 3762 5635 suscipien·
3795 5517 4084 5618 &offian-
