4287 6313
1676 429 1853 493 Dls'r
1895 429 1992 491 lv,
2044 427 2406 505 QUAESTIO
2436 426 2536 488 Vl.

511 613 615 660 ma
653 593 1170 661 sanctificatione
1200 615 1270 661 se
1312 591 1539 667 habuit
1585 602 1658 659 ut
1699 590 2039 678 disposita,

506 730 635 795 quo
675 720 849 775 esset
880 722 1088 776 mater
1128 710 1264 790 Dei,
1309 710 1375 776 in
1408 709 1690 777 secunda
1732 729 1887 774 vero
1927 706 2049 773 fuit

502 826 813 913 perfectio
851 826 1108 913 gratiae,
1163 827 1333 892 sicut
1389 826 1623 893 caloris
1664 824 1773 913 qui
1825 844 2050 889 conse·

501 941 724 1029 quitur
788 943 1037 1031 ignem,
1090 965 1165 1010 ex
1216 943 1564 1029 praesentia
1629 940 1766 1007 Filii
1802 938 1914 1006 Dei
1982 938 2047 1003 in

503 1060 686 1116 utero
789 1049 1132 1117 incarnati.
1196 1054 1355 1117 Item
1408 1052 1482 1115 in
1578 1055 1641 1115 3.
1734 1048 1888 1113 dist.
1981 1050 2043 1111 3.

505 1176 728 1254 quoest.
798 1171 866 1232 1.
928 1179 1059 1234 art.
1105 1171 1176 1234 2.
1256 1166 1735 1254 quaestiuncula
1786 1168 1848 1229 3.
1896 1162 2052 1227 dicit

509 1283 715 1351 fuisse
760 1296 1278 1351 consummatam
1320 1284 1595 1371 gratiam
1654 1283 1797 1369 ejus
1848 1299 2049 1367 quan-

509 1412 646 1467 tum
680 1399 757 1465 ad
824 1411 1064 1467 statum
1106 1402 1257 1476 viae,
1329 1400 1395 1465 in
1447 1399 1730 1466 secunda
1764 1393 2050 1463 sanctifi·

507 1517 783 1597 catione,
829 1517 971 1583 ideo
1003 1518 1456 1584 necessitatam
1516 1516 1720 1583 fuisse
1772 1514 1850 1580 ad
1920 1533 2050 1579 non

509 1625 908 1712 peccandum
938 1626 1246 1713 ampliuS.
1275 1625 1589 1712 Loquitur
1611 1643 1770 1708 ergo
1792 1625 1855 1689 S.
1884 1622 2051 1688 Tho·

510 1761 647 1807 mas
717 1760 845 1806 non
894 1739 1107 1806 solum
1157 1738 1515 1805 secundum
1577 1738 2052 1824 praerogativas

506 1856 761 1946 gratiae,
851 1855 964 1922 sed
1051 1854 1412 1922 secundum
1500 1853 1933 1919 intensionem
1994 1868 2057 1920 et

509 1971 864 2038 terminum
893 1993 906 2048 ;
954 1989 1166 2057 neque
1200 1968 1394 2035 etiam
1431 1969 1565 2054 ipsa
1592 1967 2052 2054 praerogativa,

510 2112 623 2178 per
654 2110 847 2177 quam
874 2109 955 2154 ex
995 2086 1403 2174 plenitudine
1436 2087 1668 2174 gratiae
1700 2088 2057 2153 constituta

510 2218 612 2272 est
667 2205 735 2271 in
794 2205 906 2271 tali
967 2203 1390 2291 perfectione,
1438 2215 1510 2269 ut
1560 2203 2060 2270 necessitaretur

508 2323 586 2390 ad
629 2343 757 2389 non
817 2320 1236 2407 peccandum,
1297 2318 1493 2385 etiam
1547 2318 1914 2397 venialiter,
1970 2319 2059 2383 in-

510 2435 718 2522 telligi
781 2444 992 2521 potest
1047 2433 1189 2499 sine
1243 2432 1613 2497 intensione
1663 2431 1920 2517 gratiae,
1979 2432 2057 2496 ad

513 2574 708 2644 quam
758 2560 1009 2638 spectat
1048 2549 1210 2615 ratio
1241 2552 1313 2614 D.
1349 2550 1642 2625 Thomae,
1664 2548 1746 2613 de
1787 2548 2057 2634 propin-

509 2669 758 2758 quitate
790 2667 1019 2734 matris
1059 2666 1137 2733 ad
1171 2666 1507 2733 Christum
1547 2677 1877 2732 auctorem
1909 2686 2058 2752 gra-

511 2788 648 2866 tiae,
707 2798 772 2852 et
810 2784 1171 2852 similitudo
1204 2784 1480 2849 adducta
1519 2783 1599 2848 de
1639 2783 1844 2848 forma
1885 2782 2059 2848 calo-

515 2906 629 2983 riS,
664 2914 728 2970 et
757 2900 1104 2988 applicatio
1144 2901 1288 2987 ejus
1317 2899 1397 2965 ad
1429 2899 1704 2986 gratiam
1738 2898 2050 2985 Virginis,

518 3020 827 3086 Videatur
900 3016 1096 3083 etiam
1153 3020 1224 3081 D.
1298 3018 1749 3081 Bonaventura
1825 3017 1894 3081 in
1974 3020 2044 3081 3.

520 3139 676 3206 dist.
723 3140 828 3204 13.
870 3144 1095 3222 quoest.
1149 3137 1221 3199 3.

300 3272 378 3323 14.
606 3253 789 3320 Ratio
827 3262 1044 3318 autem
1083 3252 1156 3315 D.
1194 3249 1462 3315 Thomas
1521 3249 1861 3335 praemissa
1901 3248 2059 3316 satis

178 3336 497 3448 12¹3?ssssssoe
519 3390 809 3457 congrue
850 3367 1076 3454 probat
1114 3365 1290 3431 illam
1339 3366 1754 3444 seutentiam,
1793 3381 2059 3455 propter

194 3462 483 3584 ᾱοᾷἑῗξῷ,
527 3485 1072 3576 propinquitatem
1114 3484 1258 3571 ejus
1332 3482 1412 3549 ad
1470 3484 1800 3550 Christum
1842 3498 2060 3552 aucto-

178 3594 488 3714 expliggtur.
523 3624 660 3672 rem
699 3601 951 3690 gratiae,
996 3600 1149 3667 dum
1185 3599 1367 3666 illum
1409 3601 1706 3687 concepit
1749 3601 1828 3668 de
1862 3602 2064 3688 Spiri-

519 3734 590 3788 tu
622 3731 869 3798 sanct0,
908 3716 1019 3804 qui
1068 3717 1237 3784 sicut
1266 3716 1592 3803 disposuit
1631 3739 1867 3804 corpus
1923 3721 2064 3787 vir-

521 3837 762 3925 ginale,
798 3845 870 3902 ut
904 3856 1054 3901 eum
1088 3834 1457 3921 conciperet
1487 3855 1707 3916 carne,
1745 3836 1841 3901 sic
1869 3838 2066 3904 etiam

520 3955 664 4042 ejus
698 3965 1008 4033 mentem,
1065 3962 1135 4018 ut
1191 3972 1343 4018 eum
1394 3952 1769 4038 conciperet
1813 3953 1876 4019 in
1923 3955 2064 4041 Spi-

523 4072 675 4150 ritu,
761 4072 954 4157 juxta
1037 4068 1237 4135 illud:
1327 4069 1640 4143 Quinimo
1716 4069 1890 4135 beati
1956 4073 2071 4158 qui

522 4186 813 4253 audiunt
880 4184 1147 4250 verbum
1205 4185 1348 4263 Dei,
1414 4195 1475 4249 et
1541 4185 1921 4253 custodiunt
1991 4189 2067 4252 il-

208 4331 458 4380 Accessua
526 4304 664 4382 lud,
703 4316 825 4370 etc.
880 4304 957 4367 Et
995 4312 1168 4367 recte
1209 4301 1521 4387 probatur
1560 4302 1953 4368 antecedens
1987 4304 2066 4369 ab

206 4390 473 4520 ⁸232?th
523 4420 747 4486 eadem
798 4418 1181 4485 auctoritate
1222 4416 1536 4503 Dionysii,
1583 4419 1733 4504 quia
1784 4419 2066 4505 Spiritus

525 4535 846 4623 Angelici,
912 4554 1041 4621 quo
1102 4533 1312 4619 magis
1360 4532 1674 4599 accedunt
1713 4532 1792 4599 ad
1833 4539 2060 4614 Deum,

521 4674 597 4720 eo
640 4653 848 4738 magis
881 4650 1270 4738 participant
1302 4650 1805 4736 perfectionem;
1871 4663 1934 4718 et
1974 4652 2066 4718 si-

522 4769 764 4835 militer
821 4766 1131 4847 Ecclesia,
1216 4788 1344 4854 quo
1425 4767 1855 4854 propinquior
1930 4778 2070 4835 erat

521 4885 801 4963 Christ0,
838 4894 909 4950 ut
937 4883 981 4949 ii
1036 4883 1147 4971 qui
1190 4883 1516 4949 habebant
1558 4883 1881 4969 primitias
1931 4887 2073 4972 Spi-

182 5056 358 5106 Sfflu,
408 5049 502 5099 ,ἰῶ
526 5002 715 5084 ritus,
758 5022 834 5067 eo
894 4999 1104 5086 magis
1144 4999 1427 5085 perfecta
1468 4998 1614 5064 fuit.
1679 5002 1863 5080 Item,
1932 5004 2072 5069 nul·

181 5113 660 5246 {zrslggigggfllum
727 5127 964 5183 statum
1028 5116 1094 5180 in
1160 5115 1267 5181 via
1327 5114 1781 5201 perfectiorem
1844 5117 2073 5186 habuit

180 5255 504 5356 fuiffigscon·
529 5234 753 5319 Virgo,
804 5250 996 5318 quam
1073 5229 1159 5296 sit
1215 5228 1347 5308 ille,
1421 5230 1485 5294 in
1546 5251 1675 5317 quo
1742 5232 1904 5299 facta
1972 5247 2073 5301 est

231 5382 288 5416 ce
323 5364 461 5438 tique
532 5360 737 5415 mater
785 5348 921 5424 Dei.
959 5347 1337 5433 concipiens
1378 5347 1458 5413 de
1497 5349 1742 5434 Spiritu
1799 5365 2062 5431 sancto;

319 5429 417 5479 ¹¹¹⁸⁶
530 5465 747 5533 decuit
795 5485 952 5551 ergo
994 5485 1136 5530 eam
1178 5475 1333 5530 tunc
1381 5464 1823 5550 dignificatam
1866 5469 2069 5538 fuisse

534 5599 792 5648 summa
828 5578 1039 5666 gratia
1076 5577 1199 5663 ipsi
1240 5576 1584 5644 destinata.

3614 412 3730 477 459

2250 587 2583 655 Accedunt
2648 585 2727 653 ad
2802 585 2926 651 hoc
2977 580 3396 650 auctoritates
3458 585 3716 675 sancto-

2162 724 2304 769 rum
2347 706 2636 780 Patrum,
2676 701 2786 790 qui
2828 721 3094 767 causam
3143 708 3343 764 tantae
3381 692 3611 780 gratiae
3650 691 3717 756 in

2164 821 2302 907 ipsa
2381 818 2723 905 assignant
2802 816 3294 902 conceptionem
3392 808 3536 876 Filii
3577 806 3712 886 Dei,

2163 934 2338 1019 quia,
2395 944 2465 999 ut
2509 933 2665 998 dicit
2722 930 3093 998 Bernardus
3152 930 3325 994 hom.
3384 930 3448 991 3.
3518 941 3719 1009 super

2164 1050 2404 1114 Missus
2488 1060 2621 1114 est:
2694 1049 3022 1134 Leyimus,
3086 1044 3325 1132 inquit,
3398 1044 3472 1107 in
3537 1038 3719 1105 Actis

2165 1166 2650 1251 Apostolorum,
2689 1175 2749 1229 et
2789 1165 3206 1250 Stephanum
3241 1161 3513 1247 plenum
3560 1178 3716 1243 qra-

2166 1283 2285 1360 tia,
2342 1292 2401 1346 et
2451 1282 2777 1367 Apotolos
2840 1282 3049 1364 fuisse
3115 1278 3397 1363 repletos
3453 1276 3720 1361 Spiritu

2163 1407 2433 1475 sancto;
2489 1396 2604 1462 sed
2665 1396 2855 1482 lonye
2894 1394 3322 1459 dissimiliter
3379 1413 3422 1456 a
3461 1390 3703 1468 Maria,

2162 1533 2282 1577 nec
2305 1513 2379 1577 in
2410 1512 2750 1597 Stephano
2779 1509 3107 1575 habitavit
3145 1505 3496 1594 plenitudo
3542 1504 3715 1569 divi-

2165 1629 2398 1692 nitatis
2417 1628 2880 1712 corporaliter,
2912 1622 3461 1712 quemadmodum
3484 1621 3558 1686 in
3586 1621 3721 1685 Μα-

2166 1743 2296 1820 ria,
2352 1762 2468 1807 nec
2500 1742 2800 1828 Apostoli
2845 1748 3284 1825 conceperunt
3335 1736 3416 1801 de
3450 1737 3722 1822 Spiritu

2165 1871 2414 1938 sancto,
2452 1858 2773 1946 quomodo
2817 1855 3059 1934 Maria,
3106 1866 3230 1921 etc.
3295 1853 3478 1920 Unde
3519 1874 3715 1919 serm.

2170 1976 2279 2040 61.
2351 1973 2430 2038 de
2480 1973 2793 2060 Virgine.-
2864 1971 3054 2047 Quod
3104 1970 3407 2052 foemina,
3477 1968 3716 2055 inquit,

2171 2091 2544 2176 conciperet
2589 2091 2815 2166 Deum,
2858 2099 2971 2166 est,
3019 2096 3079 2152 el
3132 2087 3270 2171 fuit
3318 2084 3723 2150 miraculum

2171 2208 2670 2284 miraculorum,
2728 2215 2850 2272 etc.
2908 2202 3251 2289 Proposuit
3303 2222 3540 2286 nempe
3594 2220 3722 2266 non

2175 2324 2380 2391 fuisse
2402 2325 2664 2402 mirum,
2701 2335 2771 2388 ut
2804 2325 2970 2387 Deus
3004 2323 3192 2386 Pater
3236 2330 3581 2405 generaret
3620 2317 3722 2383 Fi-

2173 2440 2357 2516 lium,
2409 2439 2559 2525 quia
2611 2437 2785 2504 nulla
2840 2435 3294 2523 requirebatur
3345 2431 3715 2518 dispositiO,

2171 2576 2318 2622 cum
2343 2555 2402 2621 ei
2433 2576 2513 2620 ex
2540 2566 2763 2620 natura
2797 2552 3204 2630 conveniret,
3243 2548 3356 2616 sed
3391 2548 3562 2635 quod
3608 2547 3724 2613 foe-

2173 2674 2344 2738 mina
2384 2672 2755 2757 conciperet
2801 2675 3027 2748 Deum,
3079 2669 3284 2734 fuisse
3331 2664 3718 2732 miraculum

2171 2789 2657 2867 miraculorum,
2693 2799 2814 2854 etc.
2860 2790 2939 2852 Et
2975 2784 3195 2853 subdit
3227 2782 3722 2870 dispositionem

2169 2907 2248 2972 ad
2324 2907 2446 2971 hoc
2515 2902 2950 2970 necessariam
3021 2924 3036 2969 t
3110 2901 3425 2987 Oportuit
3516 2899 3718 2981 enim,

2172 3022 2408 3109 inquit,
2489 3032 2558 3087 ut
2604 3022 2700 3086 sic
2765 3019 3012 3097 dicam,
3058 3019 3410 3104 fceminam
3466 3015 3724 3081 elevari

2169 3140 2260 3206 ad
2297 3138 2655 3225 quamdam
2684 3138 2876 3224 quasi
2906 3136 3351 3223 aequalitatem
3387 3132 3714 3212 divinam,

2173 3278 2294 3344 per
2349 3257 2704 3344 quamdam
2757 3256 3156 3338 infinitatem
3231 3252 3718 3340 perfectionum

2174 3385 2234 3439 et
2297 3374 2697 3460 qratiarum,
2753 3393 2946 3457 quam
3007 3379 3318 3435 creatura
3377 3388 3716 3453 nunquam

2175 3501 2452 3576 est-perta
2507 3499 2623 3554 cst.
2677 3488 2860 3553 Unde
2930 3485 3032 3573 (ut
3095 3485 3316 3571 credo)
3375 3484 3464 3550 ad
3521 3485 3713 3550 illam
3748 3523 4074 3574 Abundantia

2176 3606 2482 3693 abyssum
2523 3603 3200 3690 imperscrutabilium
3237 3603 3713 3667 charismatum
3773 3584 4061 3714 752⁸&ss-

2177 3723 2478 3808 Spiritus
2506 3721 2741 3797 sancei,
2781 3739 2925 3805 quce
2955 3720 3028 3783 in
3067 3719 3343 3783 Beatam
3380 3717 3719 3803 Viryinem

2181 3837 2659 3904 descenderunt
2706 3836 2780 3900 in
2826 3837 2992 3900 hora
3046 3833 3301 3899 divinoe
3368 3835 3722 3919 Concepti-

2182 3957 2350 4034 onis,
2407 3952 2773 4018 intellectus
2830 3952 3181 4029 humanus,
3229 3950 3333 4015 vel
3370 3923 3725 4037 Anyelicus

2181 4091 2521 4156 nunquam
2585 4077 2944 4155 potueruut
3008 4067 3361 4151 attinqere,
3433 4077 3555 4132 ete.
3612 4064 3726 4130 Vi-

2181 4186 2455 4253 deantur
2530 4184 2942 4269 expositores
3001 4183 3065 4248 in
3147 4186 3338 4248 Lucae
3391 4186 3451 4246 1.
3528 4202 3728 4267 super

2181 4303 2312 4381 illa,
2349 4302 2573 4386 qratia
2603 4299 2827 4386 plena,
2876 4310 2938 4364 et
2979 4299 3045 4363 in
3076 4297 3413 4384 opusculis
3463 4309 3528 4364 et
3586 4317 3725 4363 ser-

2182 4417 2486 4483 monibus
2560 4414 2638 4481 de
2721 4415 3014 4500 Deipara.
3105 4413 3411 4491 Quinimo
3478 4412 3724 4480 nullam

2179 4533 2476 4621 agnoscit
2526 4530 2811 4598 Ecclesia
2854 4534 3168 4618 majorem
3219 4529 3720 4616 praerogativam

2181 4650 2247 4715 in
2296 4649 2592 4734 Virgine,
2639 4666 2835 4733 quam
2892 4646 3275 4731 concepisse
3341 4644 3420 4712 de
3478 4645 3725 4730 Spiritu

2182 4774 2404 4829 sancto
2437 4760 2676 4827 Filium
2709 4760 2820 4826 Dei
2850 4783 2865 4836 ;
2899 4759 3206 4846 congruit
3234 4779 3417 4846 erg0,
3457 4772 3525 4824 ut
3557 4760 3624 4823 in
3649 4780 3726 4824 eo

2184 4891 2355 4948 statu
2420 4890 2479 4945 et
2538 4878 2746 4966 gradu
2781 4876 3197 4964 perfectionis
3238 4896 3385 4943 eum
3426 4877 3727 4962 concipe·

2184 5010 2303 5076 ret,
2341 5017 2536 5083 quem
2572 4995 2790 5061 nullus
2827 4995 2996 5060 alius
3037 4994 3103 5059 in
3143 4994 3251 5060 via
3280 5006 3344 5060 et
3380 4994 3514 5059 vita
3557 5014 3727 5059 mor-

2185 5113 2294 5179 tali
2332 5114 2498 5198 ejuS,
2544 5111 2908 5190 excederet,
2947 5123 3018 5177 ut
3046 5111 3114 5176 in
3147 5109 3276 5176 illis
3309 5112 3528 5177 verbis
3560 5111 3728 5178 insi-

2184 5244 2341 5298 nuat
2381 5231 2775 5298 Bernardus.

2270 5349 2453 5416 Unde
2492 5347 2602 5435 qui
2645 5348 2870 5414 dicunt
2909 5369 3048 5414 eam
3094 5347 3440 5428 meruisse,
3484 5359 3555 5413 ut
3606 5348 3724 5414 fie-
3842 5328 3990 5452 91Ξώ

2181 5475 2277 5532 ret
2345 5476 2547 5531 mater
2587 5463 2724 5542 Dei,
2772 5463 2872 5530 vel
2913 5476 3088 5529 certe
3139 5484 3286 5530 eum
3356 5465 3721 5531 sanctitatis
3750 5452 4068 5566 essgrffifftgr

2179 5582 2456 5670 gradum
2496 5581 2819 5668 attigisse,
2877 5582 2988 5669 qui
3043 5581 3286 5668 dignus
3343 5582 3468 5649 hoc
3517 5582 3714 5669 privi-

3750 1002 4062 1056 Bet-nardus.

3842 5580 3961 5631 Dei.
