4287 6313
547 405 667 469 382

546 565 846 658 ptismo
880 567 1057 640 dari
1102 569 1181 640 in
1233 593 1524 651 munere,
1582 588 1743 641 non
1798 570 1878 641 in
1943 592 2088 651 usn,

552 688 664 767 ut,
700 706 885 758 cum
917 686 1012 757 ad
1047 685 1446 777 maJorem
1478 684 1856 759 venerint
1899 688 2093 757 aeta-

544 803 734 888 tem,
782 822 879 873 ex
934 822 1266 874 munere
1318 802 1780 876 sortiantur
1829 822 2090 882 usum,

544 915 705 989 nisi
756 938 901 1009 per
957 918 1304 991 liberum
1362 919 1802 993 arbitrium
1861 939 2096 990 usum

547 1034 910 1106 muneris
960 1035 1445 1126 extinguant
1520 1035 1961 1128 peccando;
2019 1036 2099 1107 et

544 1147 661 1221 ita
689 1170 788 1221 ex
818 1151 1059 1243 culpa
1098 1172 1386 1224 eorum
1434 1157 1583 1234 est,
1629 1173 1789 1223 non
1838 1171 1936 1224 ex
1976 1150 2099 1222 de-

551 1263 765 1337 fectu
802 1266 1119 1356 gratiae,
1168 1269 1375 1360 quod
1427 1267 1621 1340 mali
1669 1267 1909 1347 fiunt;
1965 1264 2099 1356 qui

543 1401 643 1452 ex
714 1382 862 1455 Dei
934 1401 1268 1456 munere
1351 1385 1717 1455 valentes
1804 1382 2101 1454 habere

552 1515 789 1567 usum
826 1495 1147 1579 bonum,
1188 1518 1332 1591 per
1382 1498 1727 1570 liberum
1769 1495 2104 1570 arbitri-

546 1631 684 1683 um
719 1617 1160 1686 renuerunt
1194 1618 1272 1686 et
1311 1636 1541 1686 usum
1579 1633 1920 1706 pravum
1952 1611 2101 1685 ele-

552 1734 878 1817 gerunt.

818 1875 1072 1962 (Finis
1151 1887 1367 1941 teaeeus
1430 1876 1760 1962 Maqistri.
1817 1880 1836 1957 )

696 2155 973 2230 ORDO
1084 2155 1953 2237 QUAERENDORUM.

647 2437 1082 2526 Postquam
1163 2438 1264 2524 (a)
1319 2434 1718 2525 Magister
1778 2434 1946 2524 egit
2012 2435 2105 2507 de

549 2550 975 2643 Baptismo
1022 2556 1413 2642 quantum
1464 2551 1559 2623 ad
1598 2553 1774 2641 ejus
1820 2550 2105 2624 intrin-

552 2686 761 2747 seca,
825 2666 954 2740 hic
1034 2667 1207 2758 agit
1282 2667 1372 2739 de
1479 2665 2105 2759 suscipientibus

551 2784 1090 2877 Baptismum,
1152 2786 1231 2857 et
1284 2782 1666 2857 consistit
1747 2785 1919 2855 tota
1978 2783 2107 2855 de-

548 2900 1026 2975 terminatio
1089 2889 1349 2973 istius‘
1397 2898 1949 2974 distinctionis
2023 2898 2106 2970 in

544 3015 1024 3087 declarando
1191 3016 1614 3106 quamdam
1707 3001 2106 3088 distincti-

552 3151 788 3204 onem
867 3131 1436 3205 trimembrem
1504 3130 1595 3203 de
1667 3129 2109 3224 suscipien-

550 3248 796 3331 tibus,
863 3270 1037 3342 quae
1086 3252 1236 3329 est,
1313 3247 1522 3339 quod
1583 3247 1834 3340 aliqui
1910 3246 2109 3318 reci-

552 3365 782 3457 piunt
818 3369 1442 3440 Sacramentum
1485 3369 1565 3439 et
1600 3385 1806 3452 rem;
1856 3361 2109 3455 aliqui

551 3485 1176 3557 Sacramentum
1217 3484 1296 3555 et
1346 3501 1506 3552 non
1568 3502 1779 3562 rem3
1853 3478 2105 3571 aliqui

551 3617 726 3670 rem
769 3603 849 3672 et
888 3617 1051 3669 non
1084 3600 1737 3676 Sacramentum;
1784 3598 1860 3667 et
1912 3594 2106 3666 divi-

551 3714 772 3787 ditur
807 3714 888 3786 in
949 3719 1148 3788 tres.
1207 3717 1295 3786 In
1344 3712 1633 3805 prima,
1705 3712 1944 3802 hujus
1999 3711 2107 3783 di-

546 3830 950 3902 visionem
1005 3829 1257 3922 ponit.
1318 3830 1407 3900 In
1478 3827 1858 3909 secunda,
1926 3845 2105 3898 eam

547 3947 906 4040 exponit.
1021 3949 1113 4019 In
1212 3947 1504 4028 tertia,
1600 3945 1829 4019 circa
1925 3963 2106 4015 eam

543 4062 1084 4136 dubitationes
1174 4064 1485 4142 movet;
1591 4066 1670 4133 et
1777 4059 2109 4152 ponitur

545 4178 892 4250 secunda
958 4176 1064 4249 ibi
1138 4199 1155 4245 ε
1222 4182 1733 4245 Sacramentum
1801 4187 1862 4242 ec
1934 4197 2098 4241 rem.

545 4295 824 4368 Tertia
913 4294 1020 4366 ibi
1094 4319 1107 4362 :
1185 4297 1368 4363 Solet
1453 4296 1664 4382 quoeri
1756 4294 1838 4359 de
1932 4293 2097 4358 illis.

551 4412 830 4484 Prima
908 4429 1099 4502 pars
1179 4411 1449 4482 manet
1529 4406 1896 4479 indivisa.
1974 4409 2102 4478 Se-

551 4528 806 4601 cunda
861 4526 1248 4600 dividitur
1301 4525 1382 4597 in
1424 4528 1622 4606 tres,
1670 4522 2102 4596 secundum

555 4644 723 4718 tria
795 4643 1181 4725 membra,
1275 4663 1449 4733 quae
1515 4640 1902 4713 declarat.
1979 4640 2108 4712 Se·

557 4762 904 4835 c‘undum
959 4756 1563 4848 membrumgibi
1604 4783 1618 4827 ε
1655 4760 1735 4825 Si
1771 4780 1924 4825 vero
1958 4758 2106 4822 sine

555 4881 714 4965 fide.
780 4877 1148 4951 Tertium
1219 4874 1325 4947 ibi
1375 4897 1389 4941 :
1432 4879 1604 4942 Sunt
1662 4885 1722 4941 et
1779 4875 1928 4940 alii.
2002 4871 2104 4942 Et

559 4999 908 5088 utraque
994 4994 1345 5066 istarum
1424 4988 1785 5083 partium
1867 4986 2108 5058 habet

555 5111 779 5192 duas,
847 5108 1034 5203 quia
1116 5107 1380 5201 primo
1468 5106 1831 5179 declarat
1899 5102 2110 5174 veri-

555 5228 835 5299 tatem.
904 5222 1261 5296 Secundo
1333 5220 1610 5311 objicit
1679 5224 1758 5292 et
1826 5217 2100 5298 solvit,

554 5349 633 5417 et
720 5345 1015 5415 contra
1089 5339 1307 5414 dicta
1389 5339 1469 5409 in
1553 5335 2104 5409 declaratione

558 5458 883 5533 secundi
950 5455 1286 5529 membri
1362 5453 1585 5545 ponit
1645 5452 1840 5524 duas
1904 5449 2107 5540 obJe-

558 5575 898 5653 ctiones.
956 5572 1232 5646 Prima
1287 5575 1413 5646 est
1462 5590 1562 5644 ex
1612 5567 2107 5644 auctoritate

1772 407 1917 471 121ss.
1948 407 2050 471 1v.
2082 397 2679 475 SENTENTIARUM

2224 571 2687 661 Augustini,
2760 571 2868 646 ibi
2936 597 2951 642 t
3036 575 3309 641 Videtur
3357 584 3577 639 tamen
3631 572 3766 638 Au-

2211 694 2536 778 9ustinus.
2627 691 2986 764 Secunda
3072 710 3171 761 ex
3266 685 3768 761 auctoritate

2211 806 2613 897 Apostoli,
2714 806 2819 878 ibi
2893 831 2908 875 ε
2989 811 3329 887 Quaerilur
3416 807 3763 895 quomode.

2214 923 2524 996 Contra
2588 922 2836 994 etiam
2901 922 3120 995 dicta
3179 922 3263 993 in
3340 918 3768 993 declarati·

2213 1055 2362 1107 one
2404 1036 2631 1110 tertii
2686 1037 3027 1109 membri
3071 1037 3297 1130 ponit
3376 1038 3570 1109 duas
3640 1035 3770 1107 du-

2219 1147 2678 1222 bitationes.
2746 1151 3045 1234 Prima,
3115 1150 3219 1222 ibi
3293 1176 3308 1219 ε
3372 1154 3495 1219 Eis
3547 1165 3768 1218 antem

2217 1267 2502 1336 videtur.
2659 1266 3019 1340 Secunda
3089 1265 3198 1339 ibi
3261 1293 3275 1337 :
3337 1269 3473 1337 Sed
3539 1269 3771 1335 dicunt

2214 1387 2451 1472 aliqui.
2515 1384 2792 1456 Tertia
2855 1405 3046 1476 pars
3107 1383 3584 1476 principalis
3663 1383 3769 1456 di·

2213 1498 2519 1570 viditur
2598 1498 2679 1570 in
2747 1500 2967 1581 duas,
3060 1500 3494 1572 secundum
3571 1500 3766 1571 duas

2215 1613 2789 1698 dubitationeS,
2855 1635 3054 1707 quas
3118 1620 3414 1688 movet.
3490 1614 3767 1686 Prima

2220 1734 2594 1803 movetur
2629 1731 2851 1803 circa
2893 1730 3230 1805 tertium
3286 1730 3764 1810 membrum,

2217 1850 2298 1918 et
2363 1845 2692 1937 ponitur
2762 1846 2869 1918 ibi
2946 1869 2961 1913 :
3032 1849 3216 1916 Solet
3302 1851 3537 1936 quaeri,
3612 1848 3764 1919 etc.

2219 1964 2577 2069 Secunda
2623 1967 2997 2038 movetur
3050 1964 3272 2037 circa
3325 1964 3764 2064 secundum

2223 2080 2698 2162 membrum,
2773 2081 2878 2152 ibi
2944 2107 2958 2149 ε
3030 2084 3211 2149 Solet
3265 2085 3467 2148 etiam
3528 2084 3762 2169 quoeri.

2221 2196 2588 2268 Primum
2641 2196 3121 2280 membrum,
3168 2196 3482 2271 scilicet
3531 2195 3775 2267 susci-

2221 2332 2412 2405 pere
2500 2333 2670 2385 rem
2729 2318 2808 2386 et
2871 2316 3517 2395 Sacramentum,
3605 2333 3773 2386 cer-

2218 2432 2391 2500 tum
2451 2434 2576 2502 est
2644 2430 2849 2521 quod
2917 2429 3295 2503 convenit
3376 2429 3765 2523 parvulis,

2223 2545 2695 2628 Secundum,
2743 2546 3108 2637 recipere
3150 2549 3768 2618 Sacramentum

2219 2666 2299 2734 et
2402 2681 2563 2733 non
2655 2681 2850 2746 rem,
2941 2666 3258 2735 certum
3362 2664 3484 2733 est
3560 2660 3767 2752 quod

2224 2782 2541 2851 tantum
2646 2778 3021 2852 convenit
3141 2777 3464 2851 adultis.
3585 2779 3769 2849 Ter-

2221 2894 2427 2968 tium
2482 2893 2934 2966 membrum
2997 2898 3266 2988 potest
3304 2897 3770 2986 competere

2226 3009 2629 3100 utrisque,
2748 3010 2936 3101 quia
3019 3011 3344 3102 utrique
3432 3014 3772 3102 possunt

2222 3126 2519 3198 habere
2596 3126 3107 3219 Baptismum
3197 3127 3616 3220 sanguinis
3686 3133 3767 3201 et

2219 3242 2599 3315 flaminis,
2659 3245 3104 3317 Secundum
3142 3245 3291 3317 hoc
3333 3264 3558 3336 ergo,
3615 3245 3778 3337 pri-

2223 3382 2351 3434 mo
2425 3361 2944 3452 quaerendum
3012 3366 3136 3434 est
3222 3362 3313 3433 de
3373 3361 3765 3455 parvulis.

2226 3479 2583 3551 Secundo
2644 3477 2736 3549 de
2804 3477 3123 3550 adultis.
3189 3478 3465 3551 Tertio
3529 3478 3769 3550 simul

2221 3594 2311 3666 de
2355 3594 2748 3686 utrisque.
2797 3599 3199 3676 Quantum
3244 3595 3338 3666 ad
3385 3596 3771 3687 parvulos

2222 3709 2389 3784 tria
2431 3730 2733 3801 quaero.
2785 3710 3084 3789 Primo,
3119 3714 3400 3783 utrum
3450 3711 3769 3804 parvuli

2224 3826 2386 3899 sint
2453 3825 2970 3917 baptizandi?
3042 3826 3428 3907 Secundo,
3491 3832 3760 3900 utrum

2223 3940 2544 4033 parvuli
2641 3938 3035 4033 baptizati
3106 3938 3507 4030 recipiant
3581 3940 3766 4012 effe-

2223 4063 2444 4130 ctum
2530 4055 3005 4150 Baptismi‘?
3101 4054 3404 4138 Terti0‚
3489 4062 3766 4129 utrum

2228 4174 2611 4265 parvulus
2653 4174 3020 4246 existens
3063 4173 3144 4245 in
3193 4178 3425 4247 utero
3474 4173 3765 4246 matris

2225 4291 2484 4380 possit
2525 4291 2986 4384 baptizari?

2685 4543 3318 4607 COMMENTARIUS.

2303 4755 2390 4837 (a)
2434 4762 2781 4835 Postquam
2830 4760 3160 4853 Maqister,
3217 4764 3363 4835 etc„
3416 4759 3766 4840 Postquam
3801 4784 3941 4836 Ordo
3993 4786 4118 4837 dist.

2220 4874 2286 4935 in
2347 4875 2672 4952 prioribus
2730 4891 2880 4936 cum
2935 4877 3237 4957 Magistro
3299 4879 3603 4956 exposuit
3660 4896 3767 4942 ex-

2223 4991 2504 5054 trinseca
2562 4993 2891 5071 Baptismi,
2947 4998 3268 5071 quantum
3324 4993 3409 5056 ad
3453 4993 3765 5066 formam,

2219 5109 2583 5181 materiam,
2686 5106 3166 5184 definitionem,
3266 5111 3767 5185 institutionem,

2218 5241 2395 5286 nunc
2443 5227 2738 5303 proxime
2782 5228 2912 5303 agit
2946 5225 3029 5286 de
3075 5227 3588 5302 suscipientibus
3646 5229 3767 5288 Ba·

2219 5342 2547 5417 ptismum,
2608 5341 2720 5420 qui
2775 5347 2927 5401 sunt
2957 5339 3240 5403 infantes
3293 5346 3360 5404 et
3395 5342 3624 5416 adulti,
3684 5342 3770 5404 ad

2223 5475 2388 5537 quos
2408 5461 2612 5536 possit
2645 5457 2982 5534 tripliciter
3012 5459 3399 5534 comparari,
3428 5459 3529 5520 vel
3566 5466 3637 5520 ut
3664 5477 3765 5522 re·
3849 5491 4052 5558 Triplex

3872 5554 4055 5606 modus

2221 5576 2468 5654 cipiunt
2516 5575 3011 5637 Sacramentum
3043 5579 3328 5652 tantum3
3362 5575 3468 5638 vel
3517 5590 3765 5639 secun-
