4287 6313
1627 429 1823 491 Dls'r.
1888 430 1932 489 1.
1968 426 2336 504 QUAESTIO
2386 429 2431 489 1.
2625 438 2628 443 '
3546 417 3625 481 29

413 589 643 659 existit,
676 592 767 651 ita
799 590 994 651 etiam
1026 595 1382 671 generatur
1414 590 1737 668 producto
1770 589 1953 668 igne,

414 714 482 769 ut
524 709 609 770 ad
651 710 880 789 ignem
925 712 1350 774 contrahitur.

127 822 391 931 &rigel-iffi
490 823 675 886 Unde
720 825 775 885 si
822 827 1293 905 quodcumque
1339 826 1516 888 aliud
1565 842 1801 902 corpus
1863 823 1964 883 di-

127 934 368 1051 in'itffiet
412 954 671 1000 versum
732 943 812 1002 ab
857 942 1037 1019 igne,
1084 942 1578 1016 annihilaretur,
1628 939 1841 1002 adhuc
1894 938 1960 999 in

409 1054 562 1132 igne
609 1056 977 1117 salveretur
1014 1059 1176 1118 ratio
1226 1059 1513 1135 corporis
1559 1054 1780 1135 quoad
1827 1056 1961 1114 exi-

410 1182 754 1250 stentiam3
805 1196 964 1259 ergo
998 1182 1174 1243 illam
1228 1199 1419 1261 quam
1471 1183 1727 1257 accepit
1769 1197 1804 1241 a
1850 1195 1963 1257 ge-

408 1303 687 1358 nerante
732 1301 980 1378 ignem,
1030 1315 1187 1378 ergo
1249 1300 1351 1359 vel
1410 1315 1750 1376 nunquam
1808 1296 1967 1356 ratio

406 1412 702 1491 corporis
746 1422 897 1476 nata
932 1421 1031 1476 est
1063 1433 1184 1493 per
1230 1433 1302 1477 se
1350 1416 1641 1493 produci.
1701 1415 1807 1477 vel
1849 1431 1969 1490 per

404 1542 474 1587 se
512 1528 927 1605 producitur,
980 1531 1246 1610 quando
1302 1530 1774 1610 quodcumque
1830 1548 1965 1590 cor-

406 1661 525 1720 pus
578 1646 1099 1708 determinatum
1160 1648 1583 1725 producitur:
1634 1646 1967 1708 mediante

411 1763 588 1822 enirn
631 1762 758 1821 hoc
808 1769 917 1823 aut
974 1763 1106 1836 illo,
1159 1771 1403 1825 tantum
1452 1766 1769 1840 competit
1828 1764 1966 1822 exi·

410 1879 655 1939 stentia
700 1884 947 1940 naturae
994 1881 1348 1940 communi.
1430 1880 1743 1940 Praeterea
1802 1882 1973 1940 sicut

411 2011 481 2055 se
512 1994 722 2056 habet
764 1994 848 2054 ad
895 1995 1330 2069 existentiam,
1360 1997 1445 2056 ita
1481 1997 1674 2057 etiam
1706 1994 1789 2056 ad
1822 2013 1968 2072 pro-

414 2109 826 2181 ductionem,
900 2125 1028 2187 qua
1083 2109 1314 2186 recipit
1378 2125 1566 2182 esse;
1632 2109 1735 2170 vel
1809 2125 1967 2187 ergo

415 2242 659 2302 corpus
693 2241 1031 2302 nunquam
1089 2243 1206 2303 per
1255 2242 1326 2285 se
1374 2225 1612 2300 existit,
1661 2224 1781 2285 sed
1826 2230 1966 2285 tan-

417 2345 551 2400 tum
592 2357 718 2417 per
761 2341 1109 2414 accidens;
1158 2340 1261 2400 vel
1313 2355 1432 2416 per
1473 2356 1545 2400 se
1592 2338 1973 2417 producitur

415 2470 488 2514 ea
552 2456 1014 2531 productione,
1079 2473 1208 2534 qua
1270 2454 1659 2531 producitur
1716 2455 1840 2515 hoc
1906 2459 1972 2515 et

411 2568 573 2629 illud
625 2587 891 2647 corpuS,
926 2572 1076 2649 quia
1109 2587 1234 2632 nec
1277 2571 1465 2631 aliter
1513 2569 1810 2646 produci,
1866 2574 1977 2629 aut

416 2684 705 2745 existere
741 2690 985 2761 potest.

254 2852 287 2873 ,,
492 2796 590 2878 (d)
664 2799 814 2859 Atia
861 2800 1168 2875 probatio
1254 2817 1396 2877 quae
1441 2800 1787 2861 adducitur
1855 2813 1976 2874 per

141 2888 314 3013 pmssss}
335 2951 389 3000 D.
416 2920 759 2975 auctorem
817 2917 893 2976 de
954 2919 1201 2991 causis,
1265 2921 1389 2976 etc.
1442 2914 1552 2975 Hic
1611 2915 1979 2991 respondet

178 3014 357 3062 rhome.
414 3032 659 3091 Doctor
704 3029 788 3090 ad
840 3031 1111 3092 alteram
1162 3029 1621 3107 probationem
1677 3031 1752 3088 D.
1812 3029 1977 3088 Tho-

411 3161 563 3220 mae,
657 3163 789 3224 qua
869 3146 1103 3225 probat
1178 3145 1355 3206 illam
1430 3146 1975 3223 propositionem,

413 3279 689 3341 nempe,
737 3282 868 3325 esse
911 3264 1201 3325 absolate
1247 3281 1377 3325 esse
1436 3268 1783 3340 proprium
1828 3263 1976 3336 effe·

414 3384 588 3439 ctum
648 3382 788 3451 Dei,
849 3383 905 3439 et
948 3381 1303 3440 terminum
1349 3380 1715 3451 creationis,
1763 3384 1829 3438 et
1874 3394 1977 3438 re-

414 3493 598 3555 ducit
642 3495 968 3554 rationem
1016 3495 1078 3554 in
1112 3495 1513 3571 oppositum,
1555 3497 1631 3553 ut
1678 3498 1855 3570 patet
1892 3510 1975 3554 ex

412 3611 651 3680 littera,
716 3608 1019 3689 adjungit
1076 3610 1266 3672 aliam
1326 3610 1845 3687 propositionem
1894 3628 1979 3670 ex

416 3729 522 3789 lib.
586 3732 675 3792 de
734 3731 976 3800 causis,
1041 3745 1190 3806 quae
1250 3733 1352 3789 est
1410 3732 1662 3807 quarta,
1728 3729 1973 3790 talem:

419 3847 726 3905 Primum
768 3860 993 3904 reru-m
1054 3848 1427 3904 creatarum
1487 3849 1571 3903 est
1630 3861 1781 3904 esse.
1850 3846 1973 3905 Re-

416 3963 735 4039 spondet,
798 3962 895 4022 vel
952 3960 1324 4022 secundum
1397 3962 1652 4038 aliquos
1709 3961 1982 4039 intelligi

420 4081 701 4153 primam
799 4076 1306 4155 intelligentiam
1392 4078 1750 4153 proximam
1817 4079 1980 4148 Deo,

166 3984 365 4034 Solrjtur.

414 4207 517 4266 vel
560 4209 854 4268 sumitur
915 4207 1156 4267 creatio
1228 4204 1648 4267 extendendo
1707 4204 1791 4266 ad
1847 4205 1978 4283 pri-

414 4351 587 4395 mam
638 4330 1151 4409 productionem
1216 4328 1589 4391 secundum
1635 4331 1977 4402 rationem,

419 4469 481 4524 et
537 4464 843 4542 primitas
903 4461 1073 4521 entis
1115 4460 1390 4521 sumitur
1454 4457 1820 4520 secundum
1893 4459 1981 4518 di-

418 4590 848 4648 stinctionem
912 4584 1239 4646 rationum
1285 4583 1643 4646 formalium
1712 4586 1773 4644 in
1821 4583 1981 4644 effe-

422 4715 551 4783 ctu,
603 4715 676 4770 et
741 4707 1110 4770 secundum
1158 4707 1500 4785 originem,
1570 4725 1700 4768 non
1747 4724 1982 4769 secun·

424 4832 576 4894 dum
624 4829 1124 4909 perfectionem,
1157 4837 1231 4892 ut
1273 4848 1509 4892 sensus
1545 4830 1628 4891 sit
1675 4830 1855 4908 quod
1902 4847 1981 4891 eo

431 4956 633 5018 modo
684 4972 817 5035 quo
869 4970 1015 5015 esse
1070 4956 1134 5014 in
1194 4955 1440 5015 effectu
1484 4953 1904 5032 distinguitur
1948 4971 1984 5014 a

428 5080 951 5158 perfectionibus
1023 5078 1505 5150 essentialibus»,
1589 5081 1804 5156 ipsum
1885 5083 1988 5139 est

431 5208 752 5266 terminus
827 5206 1045 5282 primae
1107 5203 1550 5280 productionis
1618 5203 1989 5265 secundum

430 5333 784 5393 rationem.
847 5329 986 5390 Haec
1037 5329 1248 5390 littera
1305 5327 1564 5390 videtur
1624 5329 1988 5407 aliquantu-

433 5457 564 5517 lum
597 5456 913 5524 obscura,
974 5452 1131 5531 quid
1185 5451 1686 5530 intelligendum
1726 5455 1820 5526 ,sit
1873 5472 1991 5533 per

434 5584 736 5659 primum
763 5595 919 5651 esse,
953 5578 1109 5657 quid
1140 5595 1260 5656 per
1278 5581 1706 5655 perfectiones
1732 5581 1991 5642 essenti-

2075 590 2232 665 ales,
2283 588 2439 666 quid
2484 605 2607 667 per
2644 591 2940 665 primam
2995 590 3490 666 productionem
3531 597 3624 643 se·

2075 708 2354 768 cundum
2386 704 2731 767 rationem.

2157 822 2270 883 Pro
2321 823 2510 901 cujus
2538 823 2970 901 intelligentia
3004 822 3486 886 advertendum
3519 830 3622 886 est
3773 811 3848 860 18.

3661 874 3733 923 Ex
3773 873 3947 922 onitur

2077 936 2384 1013 quaedam
2431 939 2644 1015 priora
2702 955 2848 1000 esse
2906 938 3273 999 secundum
3320 941 3622 1002 ordinem
3681 889 3942 1006 regponsio

2077 1062 2320 1116 naturae
2361 1071 2481 1116 seu
2526 1058 2794 1135 originis
2842 1062 2903 1117 et
2938 1056 3406 1136 generationis,
3452 1075 3624 1137 quae·
3683 999 3940 1049 pontons.

2081 1169 2229 1231 dam
2259 1187 2414 1232 vero
2449 1175 2660 1248 priora
2701 1172 3065 1233 secundum
3125 1174 3423 1236 ordinem
3475 1189 3625 1251 per-

2079 1286 2399 1348 fectionis.
2437 1290 2616 1348 Hunc
2650 1286 2976 1349 diversum
3012 1289 3304 1351 ordinem
3340 1291 3624 1369 explicat

2079 1403 2251 1465 bene
2287 1408 2524 1465 Doctor
2570 1407 2636 1467 in
2687 1407 2737 1468 l.
2793 1408 2854 1467 d.
2903 1408 2960 1465 3.
3013 1423 3074 1480 q.
3125 1409 3183 1467 2,
3239 1424 3628 1487 progressus

2078 1521 2447 1583 secundum
2497 1521 2776 1597 priorem
2835 1526 2931 1582 est
2965 1539 2998 1582 a
3033 1526 3322 1597 potentia
3384 1524 3466 1583 ad
3521 1544 3622 1585 ac-

2085 1641 2242 1709 tum,
2291 1642 2356 1697 et
2385 1640 2464 1696 ab
2499 1636 2984 1713 imperfectior-e
3026 1637 3109 1698 ad
3153 1638 3536 1715 perfectius,
3587 1660 3622 1702 e
3713 1633 3911 1744 nffffifn

2080 1758 2302 1815 contra
2352 1754 2649 1831 procedit
2691 1752 2849 1814 ordo
2889 1753 3335 1831 perfectionis,
3386 1774 3622 1833 nempe
3687 1727 3946 1818 diversos,

2084 1869 2164 1927 ab
2211 1876 2354 1929 actu
2426 1868 2510 1928 ad
2580 1872 2965 1945 potentiam,
3043 1876 3110 1931 et
3153 1870 3233 1931 ab
3308 1888 3385 1931 eo
3447 1871 3627 1949 quod
3677 1820 3948 1952 agg-3013?

2086 1982 2441 2060 perfectius
2492 1990 2589 2044 est
2630 1984 2712 2045 ad
2758 1983 3220 2060 imperfectius
3283 1988 3411 2049 Ens
3470 2004 3629 2065 ergo
3755 1960 3882 1994 ⁰⁰¹&

2085 2100 2451 2161 secundum
2495 2100 2897 2177 prioritatem
2944 2110 3188 2163 naturae
3247 2106 3313 2163 et
3360 2104 3630 2183 originis

2084 2230 2206 2275 seu
2234 2219 2680 2294 generationis
2726 2223 2826 2277 est
2875 2221 3181 2293 primum,
3235 2224 3303 2278 ut
3347 2220 3630 2294 ratione,

2086 2336 2199 2391 aut
2248 2347 2327 2391 ex
2371 2337 2599 2393 natura
2658 2333 2751 2392 rei
2812 2331 3231 2416 distinguitur
3274 2351 3311 2395 a
3365 2336 3636 2413 reliquis

2088 2446 2599 2523 perfectionibus
2655 2448 3099 2526 superadditis
3155 2456 3224 2512 et
3276 2453 3631 2513 essentiali·

2087 2564 2234 2636 buS‚
2271 2567 2346 2627 ut
2389 2565 2763 2625 substantiae
2795 2567 3111 2642 corporis,
3145 2571 3268 2635 etc,

2166 2682 2257 2741 Ex
2289 2698 2417 2758 quo
2455 2685 2630 2757 patet
2660 2679 2816 2758 quid
2847 2680 3165 2760 intelligat
3196 2698 3313 2757 per
3335 2684 3630 2758 primurn

2088 2813 2239 2870 esse,
2287 2812 2529 2873 nempe
2579 2796 2896 2856 rationem
2951 2797 3159 2867 entis;
3202 2799 3635 2873 perfectiones

2087 2912 2467 2982 essentiale&
2502 2917 2651 2972 sunt
2680 2912 3066 2985 substantia,
3116 2928 3375 2989 corpus,
3410 2913 3633 2986 home,

2094 3031 2219 3087 etc.
2268 3024 2612 3087 Productio
2648 3043 2805 3105 ergo
2837 3027 2931 3088 sic
2975 3032 3047 3087 ut
3091 3031 3391 3104 sequitur
3440 3031 3637 3089 natu-

2089 3158 2230 3201 ram
2274 3143 2372 3201 sui
2438 3142 2720 3215 termini,
2779 3142 2864 3203 ita
2943 3146 3164 3221 potest
3237 3144 3638 3207 considerari

2090 3257 2461 3319 secundum
2530 3261 2740 3323 varios
2813 3261 2958 3339 ejus
3026 3259 3273 3336 gradus
3347 3262 3632 3336 essendi,

2091 3391 2512 3453 quocumque
2566 3376 2756 3436 modo
2792 3375 3302 3456 distinguantur,
3352 3379 3487 3439 sive
3531 3394 3638 3438 ra-

2094 3491 2292 3564 tione,
2340 3494 2476 3554 sive
2525 3493 2909 3562 formaliter,
2957 3502 3020 3557 et
3059 3496 3249 3575 juxta
3307 3494 3637 3557 diversum

2090 3607 2268 3668 illum
2301 3609 2625 3679 ordinem,
2661 3628 2789 3688 quo
2824 3612 2997 3672 inter
3045 3627 3115 3670 se
3167 3610 3414 3689 gradus
3465 3609 3634 3671 entis

2091 3733 2588 3802 comparantur-3
2637 3726 2741 3788 hic
2787 3727 2957 3788 enim
2992 3730 3211 3806 agitur
3254 3727 3335 3788 de
3386 3726 3640 3805 produ-

2095 3841 2308 3901 ctione
2401 3843 2822 3904 materialiter
2915 3860 3030 3919 pro
3112 3860 3183 3905 re
3277 3852 3442 3915 acta,
3517 3858 3635 3904 seu

2092 3956 2337 4018 effectu
2385 3959 2524 4034 ipso
2572 3958 2637 4018 in
2690 3958 2851 4020 fieri.
2908 3958 3087 4020 Sicut
3137 3975 3295 4037 ergo
3353 3961 3417 4021 in
3465 3957 3640 4020 facto

2095 4087 2266 4144 esse,
2326 4089 2433 4133 res
2516 4073 2968 4137 consideratur
3044 4077 3232 4155 juxta
3308 4077 3640 4137 diversum

2091 4186 2275 4246 illum
2332 4187 2657 4257 ordinem,
2704 4207 2944 4269 nempe
3002 4191 3271 4269 originis
3317 4198 3381 4252 et
3429 4188 3643 4267 perfe-

2098 4303 2353 4375 ctioni8‚
2410 4307 2476 4363 in
2521 4322 2650 4383 quo
2696 4309 2979 4384 primum
3037 4309 3102 4366 in
3146 4325 3303 4378 un0,
3352 4311 3453 4367 est
3509 4323 3630 4383 po-

2095 4422 2411 4480 stremum
2455 4425 2518 4483 in
2568 4423 2795 4495 altem,
2830 4423 2922 4484 sic
2968 4424 3196 4484 eadem
3247 4439 3355 4484 res
3397 4423 3462 4482 in
3501 4421 3641 4482 fieri

3713 2694 3947 2744 Primum

3665 2773 3775 2806 esse
3786 2795 3798 2807 .
3856 2757 3985 2805 Per-

3699 2817 3941 2868 lectiones

3666 2897 3773 2932 esse
3780 2879 3983 2930 ntialeS.

2098 4536 2165 4594 θῑ
2235 4535 2685 4611 ΡῐὈᾶῦῦῑῑΟῐιΘ,
2757 4543 2830 4599 ut
2903 4538 3287 4600 transfertur
3357 4538 3439 4599 de
3507 4553 3640 4600 non
3690 4486 3978 4597 εῗέῗιῖιᾶῗιιιῗ

2099 4666 2246 4713 esse
2310 4649 2395 4711 ad
2466 4667 2637 4723 esse,
2712 4651 2988 4714 admittit
3057 4657 3413 4730 utrumque
3472 4652 3643 4714 ordi-
3703 4617 3956 4784 Μὲζζῗξω

3698 4751 3758 4785 ΟΓ
3795 4752 3956 4786 luem·

2098 4782 2274 4828 nem.
2339 4769 2425 4827 lta
2472 4784 2629 4846 ergo
2676 4765 3016 4844 productio
3076 4768 3446 4832 secundum
3513 4768 3640 4830 ori-

2098 4881 2324 4960 ginem
2369 4889 2467 4944 est
2495 4882 2775 4959 primum
2821 4884 3024 4961 ipsius
3060 4878 3241 4957 esse,
3276 4883 3646 4946 secundum

2100 4987 2574 5064 perfectionem
2641 4996 2739 5051 est
2796 4990 3080 5066 primum
3141 5006 3288 5052 esse
3337 4989 3647 5053 determi-

2103 5106 2270 5178 nati;
2320 5105 2383 5165 in
2448 5106 2644 5182 priori
2710 5122 2913 5166 sensu
2970 5106 3353 5187 intelligitur
3408 5124 3645 5185 propo·

2102 5221 2244 5282 sitio
2303 5220 2408 5280 illa
2456 5218 2538 5281 de
2601 5222 2863 5283 causis:
2899 5224 3192 5283 Primum
3236 5240 3461 5283 rerum
3504 5240 3648 5284 cre-

2105 5342 2368 5396 atarum
2446 5343 2532 5397 est
2629 5339 2843 5413 ipsum
2913 5356 3065 5413 esse,
3136 5344 3261 5399 etc.
3339 5338 3647 5401 videlicet
3683 5370 3981 5435 intelligitur

2103 5451 2332 5513 ordine
2378 5456 2871 5531 generationis;
2930 5471 3062 5516 non
3105 5455 3486 5534 intelligitur
3528 5473 3644 5517 au·
3749 5434 3932 5482 ⁰¹'d¹¹¹‘³

3742 5497 3965 5544 enerati-

2106 5581 2240 5637 tem
2313 5578 2711 5640 abstractum
2784 5584 2849 5640 et
2928 5577 3401 5639 transcendens
3473 5592 3643 5651 esse,
3707 5513 3741 5561 g
3798 5558 3910 5606 ⁰⁰1⁸
