4287 6313
308 1239 449 1290 Ordo

216 1302 352 1352 inter
405 1316 538 1354 com-

246 1363 537 1429 positiones.

308 1427 370 1477 01
383 1428 449 1477 do

280 1490 480 1542 ultimae

352 1553 418 1603 ad

246 1617 537 1672 secundam.

234 2981 515 3033 Intellectio

342 3045 422 3095 sui

242 3114 514 3161 concreata

270 3173 485 3238 Angelo.

280 4050 478 4101 Contra

273 4114 487 4163 Avicen-

308 4190 444 4226 nam.

563 381 644 444 ’16

563 554 628 610 et
677 543 963 630 potentia
1008 542 1371 629 objectiva;
1422 540 1737 630 quidquid
1785 539 1960 608 enim
2008 552 2109 607 est

565 679 708 738 enS,
743 670 807 725 et
844 670 1020 726 caret
1067 660 1285 747 aliqua
1336 659 1735 747 perfectione
1774 658 1966 734 entis,
2009 667 2109 724 est

565 774 954 861 simpliciter
1012 775 1349 862 possibile,
1394 788 1456 842 et
1504 774 1825 842 terminus
1884 786 2107 860 poten-

564 890 675 958 tiae
710 892 1120 980 simpliciter,
1166 894 1355 980 cujus
1386 893 1706 959 terminus
1739 913 1865 958 non
1899 904 2110 979 potest

564 1027 716 1074 esse
798 1029 915 1074 ens
993 1007 1383 1094 simpliciter
1450 1007 1807 1075 infinitum.
1896 1007 2108 1075 Tertia

566 1124 955 1211 compositio
996 1135 1097 1192 est
1136 1125 1415 1213 subjecti
1453 1146 1603 1191 cum
1639 1125 1993 1204 accidente,
2040 1136 2111 1192 ut

569 1240 802 1327 Angeli
843 1261 992 1307 cum
1034 1260 1153 1307 sua
1193 1240 1634 1307 intellectione
1671 1253 1733 1307 et
1766 1237 2103 1317 volitione,

571 1376 720 1443 quae
793 1366 947 1422 sunt
1027 1353 1408 1436 accidentia,
1476 1367 1599 1421 etc.
1672 1358 1823 1421 Haec
1882 1354 2109 1421 ultima

572 1472 958 1559 compositio
988 1471 1299 1559 supponit
1327 1471 1704 1555 secundam,
1753 1471 1905 1558 quia
1936 1470 2109 1558 quod

576 1608 704 1654 non
735 1588 933 1654 habet
970 1609 1052 1655 ex
1127 1609 1197 1654 se
1252 1609 1408 1669 esse,
1485 1587 1599 1654 sed
1647 1589 1728 1654 ab
1768 1587 1917 1668 aliu,
1982 1607 2109 1653 non

570 1702 765 1769 habet
794 1703 990 1769 etiam
1024 1702 1487 1789 perfectionem
1528 1704 1787 1772 essendi
1818 1703 2113 1770 acciden-

570 1817 764 1885 talem
832 1819 1043 1905 quoad
1112 1831 1326 1886 actum
1397 1819 1785 1900 secundum,
1841 1819 1965 1885 nisi
2045 1818 2111 1884 in

568 1933 814 2000 virtute
844 1934 1113 2002 alterius
1173 1934 1386 2002 dantis
1439 1957 1573 2001 esse
1602 1934 1800 2002 simul
1830 1956 1978 2001 cum
2008 1956 2110 2002 ac-

569 2060 636 2115 tu
680 2051 992 2147 secunde,
1046 2052 1151 2118 vel
1214 2051 1527 2118 virtutem
1579 2063 1877 2139 respectu
1931 2066 2113 2118 actus

567 2167 863 2236 secundi.

656 2282 721 2349 Si
786 2284 1097 2369 primum,
1173 2294 1357 2350 actus
1423 2281 1777 2362 secundus,
1840 2283 1944 2350 vel
2010 2293 2108 2350 est

563 2398 736 2466 idem
779 2421 918 2467 suae
950 2400 1361 2479 substantiae,
1398 2412 1460 2467 et
1498 2400 1880 2487 producitur
1910 2401 2108 2468 simul

564 2537 714 2583 cum
758 2537 877 2583 sua
935 2515 1302 2583 substantia
1341 2515 1565 2582 eadem
1637 2515 2105 2604 productione3

567 2635 669 2701 vel
729 2645 800 2700 ut
858 2631 1102 2719 aliquid
1163 2631 1681 2721 superadditum,
1730 2646 1794 2700 et
1852 2634 2113 2701 realiter

564 2748 975 2829 distinctum,
1015 2760 1085 2814 ut
1115 2759 1218 2815 est
1274 2748 1452 2814 calor
1492 2748 1559 2813 in
1601 2749 1778 2836 igne,
1826 2759 1900 2815 ut
1961 2749 2110 2837 qui-

568 2855 715 2923 dam
784 2858 1019 2924 volunt
1093 2878 1131 2924 a
1178 2870 1538 2945 generante
1595 2858 1855 2945 ignem;
1894 2859 1999 2924 vel
2041 2870 2113 2926 ut

571 2974 991 3059 probabiliter
1066 2972 1377 3041 sustineri
1448 2985 1681 3060 potest,
1752 2972 2111 3041 secundum

571 3092 909 3155 Doctorem
944 3090 1017 3155 in
1041 3088 1365 3176 proedicto
1396 3088 1689 3175 quodlib.
1760 3087 2111 3155 intellectio

570 3207 671 3273 sui
704 3206 770 3272 in
811 3207 1085 3294 Angelo,
1131 3227 1279 3292 quae
1311 3218 1412 3272 est
1460 3205 1584 3291 ipsi
1638 3207 2104 3286 connaturalis,

567 3333 668 3389 est
732 3343 769 3389 a
826 3326 954 3389 Deo
1020 3332 1359 3388 concreata
1409 3320 1579 3407 ipsi;
1624 3322 1821 3389 etsie
1866 3325 1933 3391 S.
1987 3327 2110 3389 Au-

566 3438 875 3528 gustinus
931 3438 1147 3503 variis
1187 3438 1262 3503 in
1312 3437 1494 3518 locis,
1554 3435 1743 3524 docet
1780 3439 2107 3526 Angelum

567 3567 632 3623 et
672 3554 957 3643 primum
990 3552 1324 3619 hominem
1365 3566 1616 3621 creatos
1650 3554 1853 3622 fuisse
1894 3555 1958 3622 in
1991 3557 2110 3622 bo-

547 3683 652 3739 'na
682 3670 1040 3750 voluntate,
1070 3681 1139 3736 ut
1171 3669 1313 3736 baec
1340 3669 1603 3736 denotat
1633 3686 1848 3738 actum
1880 3692 2109 3740 secun-

568 3788 749 3856 dum.

658 3920 725 3986 Si
765 3918 1127 3987 secundum
1189 3919 1315 3985 hoc
1371 3917 1648 3997 dicatur,
1691 3919 1969 3989 habetur
2008 3923 2111 3990 in-

567 4048 818 4104 tentum
865 4050 1089 4101 contra
1119 4035 1545 4114 Avicennam,
1608 4035 2110 4106 intellectionem

569 4174 698 4219 non
731 4171 877 4219 esse
906 4151 1344 4217 substantiam
1375 4151 1635 4237 Angeli,
1662 4152 1775 4219 sed
1808 4154 2110 4223 accidens

571 4268 833 4335 realiter
921 4266 1421 4353 superadditum
1490 4279 1554 4334 et
1619 4266 1999 4336 distinctum
2076 4293 2110 4338 a

572 4382 938 4452 substantia
981 4381 1264 4460 realiter,
1310 4381 1462 4470 quia
1503 4383 1709 4449 forma
1742 4384 2111 4455 subsistens

573 4501 799 4589 nequit
828 4520 1015 4578 esse;
1063 4500 1118 4565 si
1152 4508 1371 4565 autem
1413 4498 1552 4586 ipse
1618 4500 1907 4586 Angelus
1964 4524 2112 4589 pro-

571 4618 750 4685 ducit
779 4637 964 4683 suam
1009 4613 1544 4696 intellectionem,
1581 4615 1880 4703 sequitur
1910 4617 2106 4699 idem,

572 4735 724 4823 quia
764 4733 931 4800 actio
970 4731 1235 4798 diversa
1275 4743 1375 4797 est
1414 4732 1490 4797 ad
1544 4732 1880 4799 diversum
1933 4735 2115 4801 reali-

574 4863 696 4932 ter,
743 4848 916 4937 quod
979 4847 1205 4934 nequit
1271 4845 1584 4913 advenire
1650 4848 1927 4935 Ange10,
1990 4850 2112 4917 nisi

577 4988 695 5055 per
725 4963 991 5031 modum
1049 4961 1405 5030 accidentis
1455 4963 1868 5051 separabilis;
1942 4977 2114 5033 utra·

579 5104 707 5171 que
775 5092 992 5147 autem
1035 5078 1422 5166 compositio
1461 5080 1770 5166 supponit
1809 5079 2109 5167 primam,

576 5219 724 5287 quae
764 5196 1072 5263 fundatur
1111 5196 1177 5261 in
1243 5195 1521 5262 limitata
1563 5197 1931 5264 substantia
1987 5204 2116 5266 An-

576 5313 706 5404 geli
762 5311 1170 5401 dependente
1219 5325 1282 5378 et
1349 5312 1735 5400 participata
1793 5335 1827 5381 a
1903 5315 2115 5401 primo

575 5451 745 5519 ente,
790 5449 855 5505 et
884 5458 1078 5504 causa
1110 5436 1321 5525 prima
1356 5436 1610 5503 infinita
1657 5449 1718 5505 et
1760 5436 2110 5507 illimitata.

664 5563 848 5635 Unde
909 5564 1178 5655 egregie
1248 5569 1480 5633 Doctor
1553 5566 1977 5661 responsione
2036 5565 2116 5634 ad

1735 380 1881 442 tin.
1930 380 2031 441 w.
2065 334 2662 443 sumamsnum

2220 540 2576 608 secundum
2614 564 2727 629 pro
2755 542 3087 630 opinione,
3122 542 3429 622 declarat,
3475 542 3629 630 quid
3672 543 3758 608 sit
3919 628 3929 640 ⁸
4026 629 4037 639 ·

2217 676 2364 722 esse
2421 657 2879 746 participatum
2942 684 2957 727 ε
3023 660 3211 740 Dico,
3286 658 3522 744 inquit,
3584 656 3759 745 quod
3838 629 4066 743 Οξζξθω

2220 774 2610 861 participare
2648 787 2741 841 est
2774 776 2948 841 idem
2981 775 3156 862 quod
3197 787 3445 862 partem
3498 794 3753 861 capere,
3814 754 4095 872 9⁸{ffifffl‘

2219 893 2318 957 ita
2364 890 2540 978 quod
2588 891 2924 978 duplicem
2973 892 3367 957 relationem
3413 890 3752 966 importat,

2220 1020 2280 1073 et
2314 1010 2534 1095 partis
2572 1008 2662 1074 ad
2701 1018 2927 1087 totum,
2974 1019 3039 1073 et
3088 1007 3415 1093 capientis
3463 1004 3554 1071 ad
3603 1025 3762 1089 cap-

2222 1136 2380 1190 tum.
2416 1125 2651 1190 Prima
2681 1135 2773 1189 est
2799 1125 3026 1204 realis,
3065 1144 3184 1189 nec
3216 1134 3439 1189 tamen
3473 1122 3765 1187 sumitur

2220 1242 2315 1307 ibi
2350 1263 2511 1327 pars
2553 1244 2858 1328 proprie,
2900 1262 3027 1328 pro
3058 1262 3131 1306 eo
3163 1240 3337 1326 quod
3381 1250 3472 1305 est
3501 1236 3766 1324 aliquid

2220 1360 2343 1438 rei,
2379 1358 2493 1424 sed
2532 1360 2867 1424 extensive
2882 1369 3083 1446 prout
3123 1379 3314 1423 omne
3344 1357 3566 1421 vitinus
3594 1354 3761 1420 dici-

2224 1484 2333 1540 tur
2373 1494 2538 1561 pars
2570 1476 2889 1562 majoris,·
2976 1494 3169 1539 omne
3215 1483 3436 1538 autem
3494 1473 3764 1555 finitum

2224 1591 2376 1671 tate,
2414 1603 2506 1657 est
2542 1592 2941 1677 simpliciter
2970 1592 3191 1656 minus
3221 1590 3374 1669 tale,
3410 1590 3472 1654 si
3500 1589 3766 1676 aliqu-id

2224 1709 2357 1773 tale
2396 1719 2626 1774 natum
2677 1719 2770 1773 est
2822 1729 2956 1774 esse
3024 1708 3394 1790 infinitum,
3463 1705 3764 1792 quoelibet

2220 1835 2441 1890 autem
2468 1825 2798 1909 perfectio
2844 1825 3245 1910 simpliciter
3284 1834 3445 1888 nata
3485 1832 3578 1887 est
3627 1843 3759 1886 esse

2224 1941 2536 2023 infima,-
2577 1961 2733 2027 erqo
2780 1940 3167 2025 ubicumque
3203 1949 3296 2003 est
3332 1938 3555 2021 linita,
3615 1939 3762 2024 ipsa

2223 2068 2318 2123 est
2366 2059 2590 2124 minor
2639 2059 2782 2122 alia
2817 2058 3231 2143 perfectione
3275 2054 3510 2134 simili,
3566 2065 3627 2119 ct
3668 2056 3765 2120 ita

2218 2193 2383 2259 pars
2430 2174 2784 2252 extensive,
2832 2184 2957 2239 etc.
3010 2170 3226 2238 Sumit
3280 2181 3497 2236 autem
3558 2170 3762 2257 perfe-

2222 2289 2502 2356 ctionem
2537 2288 2923 2375 simpliciter
2962 2289 3091 2354 late
3135 2308 3251 2373 pro
3288 2289 3468 2353 omni
3502 2285 3758 2352 infinito

2221 2404 2547 2471 intensive
2611 2405 2802 2471 etiam
2863 2415 3036 2483 ente,
3097 2403 3248 2490 quia
3307 2401 3530 2469 eadem
3597 2403 3763 2469 ratio

2221 2520 2449 2598 currit,
2487 2533 2550 2587 et
2578 2520 2859 2608 objectio
2906 2522 3008 2587 cui
3070 2518 3444 2605 respondet,
3489 2538 3755 2585 concer-

2225 2636 2318 2701 nit
2358 2636 2806 2722 principaliter
2844 2647 3209 2702 creaturam
3249 2634 3653 2721 Angelicam,
3691 2644 3763 2701 ut

2223 2763 2322 2817 est
2363 2750 2820 2837 participatum
2860 2771 3003 2817 enS.

2311 2865 2636 2953 Supponit
2685 2887 2843 2953 ergo
2903 2871 3136 2933 Doctor
3166 2866 3336 2933 hanc
3373 2865 3759 2946 doctrinam,

2224 3002 2417 3068 quam
2458 2981 2619 3048 alias
2652 2983 2812 3047 locis
2861 2983 3085 3047 citatis
3132 2981 3455 3062 tractavit,
3531 3002 3765 3066 nempe
3818 2965 4141 3077 rffiffeffgta

2224 3097 2544 3185 Angelum
2580 3118 2729 3165 esse
2770 3096 3029 3165 finitum
3064 3098 3128 3163 in
3171 3118 3327 3179 esse,
3367 3097 3612 3165 habere
3650 3119 3760 3184 po-
3819 3088 4099 3155 ⁸²¹1>P⁰⁸st¹²

2222 3216 2492 3280 tentiam
2545 3213 3010 3280 intellectivam
3068 3213 3342 3293 finitam,
3389 3215 3628 3281 babere
3661 3215 3762 3280 in·
3793 3156 4145 3281 923⁰ssssss

2221 3331 2655 3422 tellectionem
2689 3329 3048 3410 finitam,et
3077 3351 3155 3396 ex
3189 3330 3312 3396 hac
3340 3331 3579 3418 triplici
3612 3353 3764 3419 sup·
3890 3293 4031 3329 rum.

2222 3451 2544 3537 positione
2586 3446 2878 3536 procedit
2907 3446 2987 3513 ab
3019 3446 3533 3525 inconvenienti,
3580 3447 3752 3535 quod

2223 3566 2521 3655 sequitur
2572 3588 2588 3633 ε
2646 3563 2702 3631 si
2735 3562 3030 3650 Angelus
3063 3584 3177 3649 per
3218 3562 3476 3630 unicam
3509 3564 3759 3633 intelle-

2222 3686 2501 3753 ctionem
2536 3691 2962 3768 cognosceret
3020 3679 3239 3746 omnia
3299 3679 3764 3767 intelligibilia,

2222 3804 2415 3870 etiam
2450 3799 2702 3867 infinita
2734 3812 2798 3866 et
2828 3800 3176 3886 disparata,
3203 3812 3588 3887 sequeretur
3617 3821 3767 3867 con-

2224 3916 2674 3985 tradictorium
2718 3915 2937 4003 primi,
2984 3914 3255 3980 secundi
3286 3927 3351 3981 et
3383 3915 3581 3995 tertii,
3619 3935 3769 4003 quae

2221 4043 2625 4121 supponunt,
2665 4025 2728 4098 et
2768 4031 3120 4098 admittunt
3154 4029 3558 4118 Philosophi.

2313 4149 2601 4216 Primum
2651 4148 2732 4215 de
2762 4147 3223 4215 intellectionis
3265 4146 3587 4214 infinitate
3626 4168 3771 4235 pro·
3827 4196 3848 4247 1
3855 4197 4130 4248 atellectio

2222 4267 2330 4334 bat
2358 4265 2600 4352 duplici
2650 4264 2886 4331 medio,
2926 4264 3241 4343 Primum,
3292 4264 3443 4350 quia
3493 4259 4139 4372 infinitoeiuflnggrum

2222 4382 2692 4450 intellectiones
2723 4382 3203 4468 disparaturum
3234 4381 3646 4466 objectorum
3674 4381 3771 4448 di·
3856 4383 4087 4436 infinita.

2222 4511 2440 4567 cerent
2490 4497 2953 4585 perfectionem
3013 4496 3337 4563 infinitam
3387 4496 3455 4562 in
3531 4518 3776 4585 genere

2229 4614 2710 4694 intellectioniS,
2792 4613 2946 4700 quia
3013 4612 3324 4701 quaelibet
3400 4612 3779 4701 superaddit

2224 4731 2546 4798 diversam
2614 4731 2695 4796 ab
2804 4750 2902 4807 ea,
3004 4750 3200 4816 quam
3293 4727 3491 4796 habet
3572 4729 3778 4795 altera

2226 4846 2605 4926 formaliter,
2648 4846 2817 4912 sicut
2854 4857 2953 4913 est
2985 4844 3228 4911 diversi
3271 4844 3508 4933 objecti
3543 4845 3782 4911 forma-

2226 4965 2339 5045 lis;
2384 4984 2541 5051 ergo
2581 4963 2634 5030 si
2704 4962 2894 5029 unica
2952 4962 3391 5030 intellectione
3458 4961 3782 5049 intellige-

2226 5094 2453 5149 rentur
2554 5079 2810 5147 infinita
2878 5079 2987 5146 illa
3042 5078 3368 5159 distincte,
3444 5078 3589 5145 haec
3687 5078 3786 5144 in-

2225 5197 2516 5265 cluderet
2590 5194 2954 5263 eminenter
3042 5204 3240 5262 totam
3332 5193 3786 5261 collectionem

2229 5312 2646 5404 perfectionis
2695 5312 2994 5390 aliarum,
3057 5322 3121 5377 et
3165 5310 3263 5378 sic
3308 5322 3485 5378 esset
3528 5310 3784 5378 infinita

2230 5439 2584 5517 intensive,
2641 5457 2768 5504 non
2799 5435 3136 5502 extensive
3174 5448 3452 5517 tantum,
3497 5435 3649 5523 quia
3686 5455 3793 5508 es-

2229 5576 2328 5636 Set
2374 5565 2630 5635 unicus,

3905 2902 3988 2952 87.
