4287 6313
1579 375 1772 437 Dts'r.
1832 374 1931 436 vl.
1982 373 2341 447 QUAEsTto
2384 378 2459 437 X.

426 537 526 593 est
581 534 974 613 rigorosum,
1034 538 1214 615 quod
1272 554 1405 600 non
1479 534 1683 598 debet
1751 533 1975 596 induci

440 654 581 713 sine
650 650 1082 717 fundamento
1155 655 1708 729 sufficienti38ed
1766 669 1981 733 neque

438 769 805 839 secundum
853 770 979 832 dici
1037 780 1255 849 potest
1297 790 1585 851 semper,
1647 772 1796 850 quia
1841 770 1979 830 nul-

438 883 573 945 lum
604 889 1003 964 praeceptum
1035 891 1334 953 naturale
1376 892 1626 971 obligat
1656 890 1738 951 ad
1769 890 1977 950 solum

437 1002 717 1075 veniale,
768 1004 888 1064 nisi
921 1007 1463 1089 excusetlevitas
1513 1008 1823 1077 materiae,
1871 1009 1984 1067 aut

438 1117 936 1205 indeliberatio;
995 1123 1105 1183 lex
1163 1126 1336 1186 enim
1394 1125 1702 1187 naturalis
1761 1128 1860 1185 est
1916 1124 1982 1183 in

436 1235 561 1307 his,
594 1253 737 1315 quae
778 1238 978 1300 habet
1007 1243 1450 1303 necessariam
1499 1242 1981 1303 connexionem

441 1367 585 1412 cum
629 1358 887 1428 natura,
934 1361 1005 1418 ut
1047 1356 1384 1420 ordinatur
1413 1358 1495 1420 ad
1527 1373 1718 1420 suum
1759 1355 1977 1428 finem,

441 1468 507 1530 in
584 1487 715 1549 qua
783 1474 921 1534 sola
992 1473 1472 1550 indeliberati0‚
1544 1481 1615 1537 ut
1685 1474 1843 1548 dixi,
1919 1479 1983 1535 et

438 1589 733 1664 paucItas
823 1593 1108 1654 materiae
1188 1598 1507 1654 excusant
1578 1591 1979 1655 deordinati-

441 1721 658 1780 onem,
718 1722 803 1768 ne
862 1710 1127 1770 omnino
1172 1713 1390 1790 gravis
1449 1712 1552 1783 sit,
1611 1726 1763 1771 cum
1825 1711 1983 1772 nihil

434 1822 522 1882 ita
594 1830 926 1903 repugnet
988 1830 1185 1887 rectae
1264 1827 1497 1887 rationi
1583 1831 1646 1887 et
1719 1826 1969 1906 regulae

437 1937 869 2016 agendorum,
945 1955 1142 2017 quam
1206 1938 1618 2003 deordinatio
1679 1942 1847 2001 circa
1902 1938 1982 1999 fi-

438 2066 614 2124 nem,
649 2068 800 2113 nam
833 2069 913 2114 ex
942 2054 1139 2117 modo
1186 2060 1252 2116 et
1300 2054 1531 2117 ordine
1581 2054 1981 2133 respiciendi

436 2164 634 2227 finem
706 2167 1171 2248 distinguimus
1241 2166 1718 2248 perfectionem
1788 2173 1979 2232 virtu-

442 2288 599 2355 tum,
662 2286 727 2345 et
799 2286 1108 2348 malitiam
1182 2290 1641 2363 peecatorum
1718 2292 1785 2348 et
1856 2288 1980 2348 hac

438 2401 674 2464 eadem
748 2402 1001 2464 ratione
1077 2403 1184 2464 lex
1249 2404 1533 2465 humana
1603 2404 1777 2465 cedit
1848 2404 1981 2484 legi

440 2516 688 2592 divinae,
739 2519 1003 2597 quando
1052 2520 1215 2581 circa
1247 2521 1553 2584 eamdem
1610 2522 1977 2594 materiam,

438 2640 511 2696 ut
567 2637 909 2699 contrariae
971 2644 1394 2711 concurrunt,
1477 2643 1544 2699 et
1596 2638 1704 2700 lex
1765 2638 1977 2702 divina

214 2793 276 2842 29
439 2753 712 2829 positiva
746 2754 1043 2816 naturali.

106 2850 412 2983 {33⁹5ssssss
519 2854 851 2943 Praeterea,
898 2874 1295 2948 sequeretur
1337 2870 1516 2949 quod
1572 2871 1771 2934 homo
1813 2889 1978 2934 sem-

108 2977 387 3094 ἕξξυτὲῧΐὲ
439 2999 560 3061 per
601 2984 878 3046 haberet
920 2984 1391 3060 obligationem
1448 2983 1766 3062 operandi
1815 2983 1980 3046 deli-

108 3105 305 3156 honesti
333 3102 388 3151 in
442 3101 691 3173 berate,
727 3100 905 3180 quod
939 3100 1082 3181 ejus
1110 3099 1445 3182 fragilitati
1491 3116 1614 3163 non
1656 3103 2001 3181 congruit.-

136 3181 366 3305 sgesstfiffi'r
442 3221 508 3279 et
575 3224 751 3280 esset
831 3217 1143 3298 obligatio
1221 3219 1304 3280 ad
1392 3219 1789 3297 impossibile
1864 3238 1979 3298 pro

114 3292 359 3360 obligatio
962 3340 972 3351 .
1815 3339 1826 3351 .
1966 3339 1978 3352 .

116 3353 367 3430 ouerandi
440 3342 612 3397 statu
676 3341 999 3414 praesenti.
1082 3337 1364 3417 Sequela
1436 3340 1641 3415 patet,
1720 3353 1870 3416 quia
1929 3355 1980 3399 s1

84 3421 153 3471 de
176 3421 391 3471 memte.
418 3454 633 3534 *homo
668 3455 998 3534 obligatur
1035 3454 1119 3515 ad
1153 3454 1557 3533 operandum
1593 3460 1760 3517 circa
1787 3455 1978 3517 fin'em

442 3571 828 3643 deliberate,
881 3575 1142 3632 tenetur
1195 3574 1391 3634 etiam
1448 3588 1786 3649 apponere
1833 3571 1977 3633 dili-

436 3690 728 3767 gentiam
810 3689 1277 3760 necessariam,
1337 3692 1412 3750 ut
1481 3692 1769 3766 apponat
1838 3687 1977 3750 m'e·

433 3814 612 3876 dium
661 3812 746 3874 ad
783 3813 911 3874 hoc
955 3813 1384 3891 requisitum3
1436 3813 1563 3874 hoc
1614 3819 1837 3874 autem
1883 3819 1982 3875 est

426 3930 568 4006 ipsa
642 3926 1048 4005 deliberati0‚
1130 3946 1288 4009 ergo
1366 3935 1628 3991 tenetur
1715 3947 1984 4009 semper

428 4047 685 4120 operari
748 4044 1134 4116 deliberate,
1181 4045 1305 4105 hoc
1363 4043 1604 4106 falsum
1650 4052 1772 4118 est,
1820 4062 1980 4126 ergo

429 4166 835 4239 praeceptum
878 4159 1036 4221 illud
1084 4160 1279 4221 ctiam
1311 4177 1444 4224 non
1475 4161 1794 4235 subsistit,
1834 4180 1979 4225 cum

430 4291 651 4354 neque
699 4287 780 4338 ex
823 4281 1055 4337 natura
1126 4275 1407 4337 hominis
1453 4293 1571 4353 pro
1629 4278 1755 4339 hoc
1814 4282 1986 4341 statu

433 4398 771 4471 sequatur,
846 4397 961 4454 aut
1032 4392 1369 4453 observari
1443 4394 1670 4469 poss1t,
1764 4407 1986 4471 neque

437 4512 632 4573 etiam
717 4524 799 4570 ex
873 4510 1024 4588 lege
1108 4508 1476 4571 extrinseca
1549 4510 1986 4587 promulgata,

437 4644 659 4705 neque
707 4644 787 4688 ex
833 4643 1035 4703 opere
1082 4627 1298 4704 aliquo
1352 4625 1751 4704 praescripto,
1800 4624 1986 4704 cujus

438 4745 991 4825 impedimentum
1087 4750 1265 4806 esset
1347 4760 1513 4821 opus
1605 4742 1987 4805 indifferens

443 4863 675 4943 magis,
740 4876 936 4939 quam
992 4860 1259 4921 omissio
1305 4860 1461 4920 boni
1526 4858 1744 4936 operis
1789 4875 1986 4937 supe·

442 4979 897 5058 rerogationiS,
946 4993 1142 5055 quam
1187 4992 1315 5038 non
1366 4993 1511 5039 esse
1568 4978 1983 5054 peccamino-

443 5112 582 5158 sam
613 5096 962 5159 admittunt
1005 5099 1308 5156 auctores
1361 5091 1627 5171 praefati,
1691 5092 1989 5156 docendo

449 5214 622 5275 enim
674 5230 806 5274 non
840 5211 977 5274 dari
1011 5226 1243 5290 puram
1290 5211 1739 5280 omissionem,
1773 5189 1994 5288 neque

439 5329 578 5409 jam
653 5330 872 5391 datam
931 5345 1077 5392 esse
1150 5329 1412 5389 malam.
1473 5327 1715 5389 Eodem
1792 5325 1990 5388 modo

443 5447 833 5510 statuendus
888 5451 988 5510 est
1053 5450 1239 5508 actus
1293 5445 1358 5506 in
1419 5443 1757 5505 individuo
1804 5442 1991 5504 indif-

443 5566 688 5639 ferenS,
746 5567 856 5643 qui
925 5563 1008 5625 ad
1066 5566 1376 5624 neutrum
1449 5567 1815 5623 extremum
1877 5561 1988 5622 ali·

573 5682 723 5732 Tom.
760 5679 906 5729 xvi.

3528 378 3642 441 641

2099 535 2286 613 cujus
2355 537 2606 599 virtutis
2682 557 2762 601 ex
2839 542 3100 621 objecto
3165 542 3449 612 inclinat,
3523 544 3636 602 aut

2093 649 2311 715 medio
2358 653 2504 732 eJus
2550 662 3036 734 consequenter
3081 663 3433 737 repugnat,
3478 657 3633 735 quin
3673 646 3678 651 ’

2094 768 2292 829 etiam
2320 769 2424 831 ille
2456 771 2597 848 ipse
2643 779 2852 848 acme,
2888 775 2989 836 cui
3024 791 3279 836 annexa
3312 780 3412 836 est
3441 773 3635 834 omis-

2092 888 2185 948 sio
2246 891 2464 964 operis
2517 891 2672 952 boni
2728 894 3354 973 supererogationiS,
3416 897 3638 970 potest

2092 1020 2240 1066 esse
2286 1005 2669 1068 indifferens
2716 1010 2913 1070 etiam
2943 1010 3009 1071 in
3038 1010 3398 1073 individuo.
3447 1010 3631 1071 Unde

2092 1122 2260 1184 sicut
2306 1129 2489 1185 actus
2537 1125 2921 1189 indifferens
2969 1144 3049 1188 ex
3101 1135 3330 1190 natura
3368 1129 3469 1189 sui
3502 1145 3632 1189 mo·

2096 1240 2202 1300 tivi
2246 1243 2576 1304 intrinseci
2609 1260 2739 1306 non
2768 1249 3096 1324 repugnat
3141 1245 3312 1306 actui
3354 1245 3634 1306 honesto

2092 1356 2370 1438 alicujus
2428 1358 2701 1431 virtutiS,
2765 1359 2877 1439 qui
2928 1360 3031 1421 hic
3087 1368 3150 1423 et
3198 1377 3375 1422 nunc
3432 1369 3528 1422 est
3569 1361 3635 1421 in

2092 1479 2444 1551 praecepto,
2487 1477 2580 1537 sic
2610 1478 2803 1538 etiam
2835 1496 2969 1541 non
3004 1484 3102 1540 est
3134 1477 3635 1539 fundamentum
3729 1452 3734 1457 ’

2093 1589 2363 1668 exlege
2411 1593 2710 1664 naturali,
2774 1599 2885 1655 aut
2941 1594 3081 1670 ipsa
3138 1596 3395 1667 natura,
3454 1593 3633 1655 unde

2094 1707 2689 1784 comprehendatur
2744 1708 2867 1770 sub
2924 1711 3031 1770 tali
3077 1715 3402 1789 praecepto
3450 1713 3633 1771 natu-

2092 1824 2249 1895 rali;
2287 1823 2393 1884 lex
2437 1826 2604 1885 enim
2657 1824 2972 1887 naturalis
3022 1825 3255 1903 recipit
3305 1827 3632 1903 interpre-
3733 1853 3917 1918 Legem
3981 1834 3982 1841 ’

2094 1941 2407 2003 tationem
2440 1960 2475 2003 a
2504 1942 2656 2022 lege
2703 1943 2976 2020 positiva
3007 1962 3021 2016 ;
3058 1943 3238 2004 unde
3285 1943 3453 2005 sicut
3497 1944 3631 2006 haec
3678 1918 3961 1966 naturalem

3678 1978 3813 2028 inter
3847 1985 3979 2030 reta-

2090 2056 2267 2116 nulla
2329 2061 2449 2131 est,
2511 2055 2775 2136 quando
2834 2072 2966 2119 non
3021 2057 3224 2118 habet
3291 2058 3630 2119 materiam
3720 1995 3954 2154 ῑῦῖῐὲῡδί·

2091 2171 2268 2247 boni,
2305 2178 2418 2234 aut
2446 2174 2711 2251 politici,
2747 2180 2858 2235 aut
2897 2175 3171 2244 virtutis,
3227 2189 3351 2235 nec
3398 2191 3654 2251 proce-1
3755 2110 3826 2154 m
3870 2145 3881 2156 ⁸

2093 2289 2188 2350 dit
2245 2290 2615 2353 secundum
2681 2293 2946 2371 regulas
3009 2292 3371 2371 prudentiae
3420 2292 3629 2353 aliter.

2088 2406 2333 2468 Eodem
2395 2407 2590 2469 modo
2651 2411 2919 2471 materia
2959 2406 3476 2471 indifferensrex
3525 2428 3634 2470 na-

2093 2529 2233 2585 tura
2263 2530 2379 2585 sua
2411 2528 2479 2585 et
2507 2524 2785 2604 objecto,
2814 2540 2894 2584 ex
2927 2524 3195 2585 naturali
3214 2525 3635 2586 inclinatione

2091 2644 2338 2702 naturae
2394 2644 2637 2701 nostrae
2680 2639 2764 2701 ad
2806 2641 3055 2702 bonum
3110 2640 3378 2702 rationis
3436 2641 3637 2702 hone-

2090 2762 2227 2828 stae,
2288 2758 2457 2818 sicut
2524 2773 2656 2818 non
2714 2761 2926 2818 mutat
2983 2757 3299 2834 speciem,
3358 2744 3446 2819 ita
3504 2775 3637 2819 non

2093 2873 2675 2951 comprehenditur
2715 2875 2839 2935 sub
2889 2880 3218 2952 praecepto
3260 2875 3483 2953 aliquo·
3521 2891 3639 2950 per

2092 3010 2163 3053 se
2233 2990 2508 3054 fundato
2593 2991 2658 3051 in
2736 2998 2988 3062 natura,
3078 2991 3161 3052 ad
3241 2991 3635 3069 praedictum

2091 3111 2365 3185 bonum,
2414 3107 2800 3187 explicando
2849 3109 2975 3173 hoc
3023 3107 3222 3169 modo
3263 3109 3483 3188 legem
3515 3125 3630 3170 na-

2095 3227 2393 3298 turalem,
2441 3225 2629 3306 Juxta
2678 3226 2949 3288 modum
2993 3224 3470 3303 interpretandi
3516 3242 3628 3288 eo·

2090 3360 2259 3416 rum,
2308 3342 2421 3420 qui
2464 3342 2635 3402 hanc
2694 3341 3166 3420 obligationem
3223 3344 3545 3403 statuunt.

2172 3461 2400 3538 Neque
2474 3460 2668 3520 etiam
2715 3474 2834 3535 per
2903 3456 3211 3519 accidens
3258 3459 3633 3519 continetur
3690 3509 3953 3577 obligatio

2091 3577 2212 3637 sub
2276 3575 2383 3637 tali
2427 3579 2755 3653 praecepto
2828 3573 2930 3635 hic
2994 3578 3061 3635 et
3121 3590 3320 3649 nunc,
3368 3573 3629 3653 quando
3661 3591 3751 3643 per
3796 3589 3876 3635 se,
3931 3577 3986 3623 et

2090 3696 2309 3771 ipsum
2351 3696 2752 3770 praeceptum
2796 3707 2928 3751 non
2980 3691 3229 3770 obligat
3256 3691 3321 3752 in
3373 3692 3634 3768 propria
3693 3653 3950 3753 aceffizns.

2092 3809 2390 3881 materia,
2438 3811 2590 3887 quia
2634 3807 2947 3887 obligatio
2993 3824 3114 3885 per
3155 3807 3463 3870 accidens
3509 3808 3634 3872 ori-

2098 3933 2199 3988 tur
2244 3943 2325 3987 ex
2367 3926 2493 3987 hoc
2536 3925 2829 4002 praecise,
2861 3931 2933 3987 ut
2980 3930 3472 3986 summoveatur
3518 3927 3637 3986 im-

2093 4043 2552 4122 pedimentum
2602 4048 2783 4103 actus
2835 4042 3167 4120 praecepti,
3225 4042 3331 4103 vel
3364 4047 3646 4119 ponatur

2093 4158 2384 4221 medium
2448 4171 2567 4236 per
2609 4173 2681 4217 se
2736 4156 2841 4217 hic
2889 4162 2955 4218 et
3015 4172 3191 4218 nunc
3255 4157 3645 4235 requisitum

2094 4275 2178 4337 ad
2208 4273 2620 4352 implendum
2665 4278 3102 4353 praeceptum,
3176 4274 3355 4345 verbi
3403 4274 3637 4353 gratia,

2100 4393 2591 4456 communicans
2659 4396 2922 4453 tenetur
2980 4389 3270 4454 confiteri
3338 4408 3420 4453 ex
3478 4408 3640 4468 prae-

2098 4515 2293 4588 cepto
2339 4509 2771 4583 Eucharistiae,
2814 4510 2868 4570 si
2920 4514 3020 4570 est
3070 4510 3216 4588 quis
3273 4512 3340 4572 in
3372 4515 3646 4588 peccato

2100 4627 2372 4700 mortali,
2441 4632 2507 4688 et
2563 4625 2809 4687 habeat
2881 4626 3135 4703 copiam
3221 4625 3645 4700 confessoriS,

2096 4744 2223 4804 hoc
2286 4740 2484 4802 modo
2560 4758 2680 4820 per
2750 4741 3085 4813 accidens,
3165 4743 3313 4820 quia
3387 4748 3650 4804 tenetur

2099 4860 2296 4939 digne
2341 4858 2664 4922 accedere
2690 4880 2706 4937 ;
2764 4859 3091 4937 obligatus
3124 4859 3208 4920 ad
3237 4876 3491 4920 sacrum
3543 4860 3648 4921 die

2099 4973 2291 5051 fest0‚
2344 4980 2606 5038 tenetur
2651 4975 2948 5038 similiter
3006 4977 3305 5037 omittere
3362 4993 3645 5056 occupa·

2103 5094 2374 5166 tionem,
2421 5092 2711 5171 alioquin
2777 5108 2912 5154 non
2961 5095 3377 5171 prohibitam,
3445 5099 3497 5157 si
3549 5097 3646 5157 in-

2104 5209 2537 5288 compatibilis
2616 5213 2715 5271 est
2807 5227 2953 5272 cum
3027 5210 3365 5274 auditione
3437 5214 3645 5288 sacri;

2101 5325 2258 5386 nihil
2290 5326 2520 5386 horum
2552 5326 2861 5405 competit
2902 5326 3006 5386 bic
3056 5333 3119 5387 et
3168 5344 3365 5403 nunc,
3416 5345 3645 5406 respe-

2105 5449 2213 5506 ctu
2270 5449 2455 5506 actus
2513 5442 2974 5518 indifferentiS,
3048 5461 3232 5525 erg0,
3301 5446 3425 5508 hoc
3472 5445 3647 5518 date,

2104 5560 2404 5639 sequitur
2435 5562 2616 5622 nullo
2651 5566 2977 5638 praecepto
3031 5563 3526 5639 comprehendi.

3447 5678 3504 5726 41
