4287 6313
619 408 737 471 290

617 575 944 637 taceretur
983 590 1261 653 persona
1304 567 1598 647 ministri,
1644 589 1730 635 ne
1788 573 2158 650 Baptismus

608 687 676 749 in
712 691 977 762 nomine
1010 693 1156 771 ejus
1212 691 1551 753 videretur
1595 690 1756 762 dari,
1790 695 1857 751 et
1899 689 2160 752 haeresis

606 820 758 865 mox
802 807 1221 886 subsequens
1250 809 1316 868 in
1349 807 1639 880 Oriente,
1705 823 1850 886 quae
1900 806 2160 883 Baptis-

605 935 790 981 mum
862 939 941 982 ex
1027 926 1277 986 meritis
1377 923 1652 985 ministri
1734 921 2156 992 metiebatur,

609 1036 909 1100 eamdem
956 1054 1222 1102 causam
1276 1039 1811 1101 subministravit.
1858 1039 1948 1099 Ex
2008 1037 2153 1115 qui-

607 1151 731 1212 bus
774 1158 958 1230 patet
990 1155 1319 1233 vasquem
1362 1169 1494 1214 non
1555 1126 1734 1216 recte
1791 1152 1859 1216 id
1914 1155 1982 1216 in
2033 1153 2159 1215 du-

610 1267 791 1330 bium
831 1285 1169 1343 revocare,
1211 1286 1431 1349 neque
1502 1271 1702 1343 bene,
1747 1275 1814 1331 et
1871 1268 1955 1331 ad
1999 1286 2153 1331 sen-

610 1400 757 1446 sum
851 1387 1194 1465 Augustini
1273 1386 1689 1464 explicuisse,
1769 1402 1912 1465 quae
1999 1387 2158 1448 dixit

611 1507 895 1564 tractatu
919 1504 980 1562 5.
1024 1504 1092 1564 in
1145 1506 1485 1574 Ioanne-m,
1530 1509 1602 1563 ut
1659 1507 1837 1579 patet
1887 1519 1968 1564 ex
2024 1503 2150 1565 alio

615 1620 759 1699 ejus
789 1619 933 1681 loco
980 1620 1106 1698 jam
1155 1618 1374 1680 citato.
1438 1619 1629 1694 Quod
1686 1625 1909 1681 autem
1965 1619 2162 1684 fuerit

610 1735 929 1798 aemulatio
964 1741 1031 1796 et
1074 1735 1251 1797 zelus
1283 1735 1765 1797 Corinthiorum
1810 1739 1982 1798 circa
2016 1755 2158 1799 ma-

611 1851 874 1929 gistrOS,
907 1867 1134 1913 verum
1168 1855 1308 1924 est3
1343 1851 1461 1912 sed
1504 1867 1635 1912 non
1667 1852 1883 1913 solum
1923 1853 1985 1914 in
2034 1854 2159 1914 hoc

615 1967 999 2028 terminatus
1056 1964 1174 2027 fuit
1245 1983 1448 2040 error,
1514 1969 1624 2045 qui
1700 1967 1781 2028 de
1830 1969 2157 2046 Baptismo

612 2084 899 2154 emersit,
949 2097 1146 2160 quem
1202 2081 1443 2142 Paulus
1531 2081 1850 2154 confutat,
1915 2087 2160 2162 gratias

610 2211 821 2275 agens
876 2213 949 2258 se
1035 2213 1280 2275 paucos
1351 2197 1721 2274 baptizasse
1760 2219 1774 2273 ;
1849 2206 1922 2262 ut
2007 2201 2165 2279 quid

610 2314 786 2375 enim
833 2317 1009 2376 tanta
1053 2313 1411 2377 dissereret
1457 2312 1541 2376 de
1595 2316 1926 2393 Baptismo
2000 2317 2162 2379 Pau-

613 2429 738 2502 lus,
790 2431 911 2492 nisi
945 2447 1143 2495 causa
1182 2432 1546 2496 subesset?

697 2551 983 2628 Uterque
1053 2548 1285 2611 modus
1343 2559 1559 2611 actum
1629 2550 1982 2613 ablutionis
2042 2568 2156 2614 ex-

396 2700 471 2752 16.
616 2666 942 2744 primendi
984 2668 1264 2731 habetur
1293 2685 1374 2730 ex
1406 2670 1757 2747 Scriptura,
1790 2672 1892 2733 vel
1913 2675 2157 2754 active,

319 2763 544 2874 [fssgfffie
613 2786 686 2842 ut
757 2781 1003 2843 faciunt
1076 2783 1307 2856 Latini,
1380 2800 1459 2844 ex
1517 2784 1788 2846 Matthaei
1860 2785 2152 2850 ultimo:

321 2888 536 2998 suffitur
617 2903 1021 2976 Baptizantes
1059 2919 1162 2965 eos
1205 2905 1270 2964 in
1322 2904 1577 2965 nomine
1633 2905 1846 2966 Patris
1874 2911 1932 2966 et
1980 2907 2150 2978 mii,

290 3015 576 3076 Scriptura.
615 3019 741 3078 etc.
789 3016 898 3077 ubi
942 3014 1218 3079 traditur
1255 3016 1460 3079 forma
1535 3019 1866 3095 Baptismi,
1927 3024 2001 3081 ut
2040 3020 2154 3082 Pa-

612 3137 745 3196 tres
790 3132 1075 3210 docent;
1122 3136 1228 3197 vel
1301 3138 1497 3198 etiam
1543 3136 1821 3213 passive,
1868 3143 1940 3198 ut
1991 3139 2153 3200 Mat-

609 3245 749 3308 thaei
794 3247 852 3309 3.
927 3251 1096 3310 Venit
1137 3255 1340 3323 lesus,
1402 3254 1529 3310 etc.
1574 3254 1642 3309 ut
1679 3250 2148 3326 baptizaretur,

599 3370 714 3427 etc.
745 3370 875 3442 qu
898 3382 941 3426 a
969 3372 1027 3427 te
1054 3367 1248 3428 debeo
1273 3368 1600 3444 baptizari
1610 3389 1632 3441 ,·
1659 3374 1727 3430 et
1754 3370 2063 3432 Actorum
2086 3371 2149 3434 2.

595 3483 970 3555 Baptz'zetur
996 3483 1433 3559 unusquisque
1461 3489 1742 3544 vestrum
1780 3487 1849 3544 in
1887 3486 2148 3547 nomine

586 3599 737 3658 Jesu
809 3597 1049 3658 Christi
1098 3598 1167 3659 in
1224 3600 1667 3660 remissionem
1724 3605 2145 3676 peccatorum

589 3720 969 3787 vestrorum,
1020 3719 1148 3776 etc.
1194 3717 1268 3777 Et
1296 3721 1648 3794 utrumque
1679 3717 1952 3779 modum
1997 3734 2147 3795 pro·

590 3829 844 3897 ferendi
875 3835 1201 3911 approbat
1234 3806 1710 3908 Florentinum,
1747 3839 1887 3897 sive
1960 3834 2141 3897 dica-

588 3956 688 4013 tur
718 3953 1082 4029 baptizatur
1122 3954 1260 4015 sive
1307 3952 1694 4031 baptizetur.

674 4067 990 4130 Caeterum
1035 4067 1212 4146 apud
1244 4068 1523 4144 Graecos,
1576 4075 1650 4130 ut
1693 4068 1898 4132 refert
1936 4073 2138 4132 Arcu-

594 4195 761 4272 diuS‚
808 4195 1232 4258 indicativum
1285 4210 1409 4255 seu
1454 4193 1935 4255 enuntiativum
1981 4210 2133 4255 ver-

534 4337 543 4345 ·
590 4326 750 4387 bum
782 4328 881 4384 est
926 4322 990 4382 in
1026 4337 1170 4393 usu,
1219 4324 1294 4381 ut
1322 4321 1696 4395 baptizatur
1741 4333 1990 4392 servus,
2044 4318 2147 4380 vel

592 4464 778 4511 serva
808 4452 948 4522 Dei,
992 4455 1120 4510 etc.
1169 4446 1455 4507 Verbum
1490 4448 1713 4505 autem
1757 4446 2139 4521 baptizetur,

592 4574 862 4654 quidam
903 4573 1289 4652 imperative
1323 4571 1571 4634 dictum
1601 4571 2137 4648 interpretantur,

245 4723 316 4772 1).
369 4724 556 4779 Thom.
593 4699 861 4779 quidam
932 4696 1376 4777 deprecative.
1461 4695 1749 4757 Primum
1822 4694 2019 4757 docet
2062 4695 2137 4755 D.

241 4786 551 4902 affigi-3¹33,
586 4829 886 4899 TliomaS‚
935 4825 1305 4887 secundum
1365 4829 1586 4885 autem
1634 4826 1862 4885 noster
1902 4822 2142 4884 Doctor

585 4952 714 5025 hic,
762 4949 1119 5013 Richardus
1151 4954 1275 5010 art.
1309 4950 1371 5009 2.
1405 4952 1532 5008 art.
1577 4948 1636 5008 3.
1685 4949 1777 5007 ad
1806 4947 1867 5008 9.
1901 4954 1966 5008 et
2008 4944 2138 5014 alii,

579 5080 731 5140 licet
781 5081 1017 5139 neuter
1088 5074 1332 5136 modus
1392 5075 1478 5134 sit
1514 5070 1885 5134 secundum
1942 5085 2140 5131 usum

575 5203 794 5268 formae
878 5200 1273 5271 Graecorum,
1372 5214 1516 5276 quae
1574 5201 1675 5259 est
1729 5195 2135 5270 indicativa;

564 5336 847 5405 uterque
881 5322 1120 5386 sufficit
1173 5320 1258 5384 ad
1287 5322 1640 5385 veritatem
1684 5320 2019 5398 Baptismi,
2070 5325 2138 5380 et

565 5452 902 5516 secundus
950 5447 1183 5512 modus
1241 5452 1452 5527 magis
1507 5448 1831 5527 congruit,
1877 5448 2138 5507 retenta

565 5570 840 5656 ratione,
899 5578 983 5641 ob
1043 5592 1245 5657 quam
1302 5574 1502 5636 Graeci
1552 5589 1686 5636 non
1748 5567 2138 5650 exprimunt

1739 411 1882 473 LIB.
1916 409 2016 473 lV.
2067 408 2665 474 SENTENTIARUM

2272 590 2625 651 personam
2664 573 2967 648 ministri,
3041 588 3126 636 ne
3162 571 3412 635 scilicet
3471 572 3538 633 in
3592 567 3812 645 seipso

2270 690 2608 770 glorietur,
2663 696 2774 754 aut
2817 693 3187 769 Baptismus
3218 689 3300 751 ab
3329 690 3472 767 ipso
3501 686 3810 748 virtutem

2269 807 2469 867 ullam
2519 808 2732 870 sortiri
2774 808 3196 887 intelligatur,
3231 811 3541 884 tanquam
3585 818 3623 863 a
3666 817 3811 863 cau·

2272 940 2345 985 sa
2412 924 2771 1003 principali,
2859 924 3014 1003 quia
3083 923 3507 1001 imperativus
3575 917 3813 979 modus
3886 991 4118 1040 Verbum

2274 1037 2577 1120 designat
2631 1041 3090 1101 auctoritatem
3145 1038 3447 1112 ministri;
3499 1036 3809 1113 depreoa·
3842 1052 4170 1118 imperative,

2275 1157 2440 1217 tivus
2483 1160 2705 1218 autem
2738 1173 2870 1219 non
2910 1158 3019 1229 ita,
3051 1155 3173 1218 sed
3214 1154 3425 1235 magis
3456 1153 3811 1216 auctorita·-
3840 1119 4173 1243 deprffitive

2274 1275 2406 1333 tem
2453 1288 2660 1334 causae
2711 1271 3107 1351 principallS,
3158 1288 3196 1333 a
3244 1287 3375 1351 qua
3434 1271 3812 1333 Sacramen·
3886 1241 4145 1352 {flfflssfn

2274 1392 2410 1449 tum
2437 1388 2640 1451 habet
2679 1404 2862 1449 suam
2906 1385 3288 1459 efficaciam,
3318 1385 3473 1447 licet
3525 1384 3812 1445 ministe·
3874 1365 4146 1478 32233225

2268 1504 2510 1566 rialiter
2548 1505 2628 1564 sit
2673 1519 2711 1565 a
2768 1500 3177 1566 conferente.
3235 1501 3586 1580 Imperium
3616 1501 3809 1561 etiam
3867 1490 4134 1617 coffgffit.

2269 1621 2406 1682 sive
2474 1619 2791 1700 dirigatur
2859 1618 2943 1680 ad
3016 1618 3327 1681 effectum
3383 1618 3808 1688 Sam-amenti,

2270 1737 2402 1797 sive
2457 1734 2540 1797 ad
2583 1751 2933 1814 personam
2977 1735 3275 1804 ministri,
3311 1751 3443 1796 non
3494 1738 3625 1795 tam
3654 1750 3816 1812 pro-

2271 1851 2434 1928 prie,
2496 1851 2642 1929 quia
2716 1865 2935 1930 neque
2984 1851 3107 1914 sibi
3166 1852 3429 1929 proprie
3500 1849 3645 1927 quis
3697 1850 3814 1910 im-

2267 1976 2475 2046 perat,
2523 1985 2748 2049 neque
2779 1969 3081 2042 effectuS,
3114 1967 3227 2046 qui
3271 1974 3373 2030 est
3401 1983 3439 2028 a
3470 1984 3667 2030 causa
3711 1985 3816 2029 su-

2270 2086 2552 2163 periore,
2588 2084 2761 2148 cadit
2806 2085 3069 2163 proprie
3138 2084 3260 2145 sub
3310 2085 3659 2161 imperium
3711 2086 3812 2146 in-

2268 2199 2544 2273 ferioriS,
2603 2204 2884 2264 maxime
2946 2199 3211 2278 quando
3269 2215 3403 2261 non
3475 2198 3811 2275 fundatur,

2266 2319 2331 2379 in
2403 2323 2730 2396 potestate
2778 2317 3254 2398 jurisdictionis
3302 2318 3812 2391 communicatae,

2267 2435 2436 2496 sicut
2506 2435 2785 2497 effectus
2840 2434 3262 2512 poenitentiae,
3317 2437 3429 2512 qui
3457 2433 3814 2510 procedita

2267 2555 2592 2627 potestate
2638 2551 2936 2612 clavium.
2978 2547 3112 2612 Sed
3141 2549 3462 2628 quidquid
3494 2548 3599 2627 sit,
3641 2555 3815 2613 uter-

2269 2684 2398 2745 que
2468 2666 2707 2728 modus
2755 2664 3077 2745 significat
3101 2666 3506 2729 ablutionem
3544 2667 3610 2727 in
3641 2667 3809 2745 fieri,

2270 2782 2447 2860 quod
2489 2779 2724 2843 sufficit
2793 2789 2859 2843 et
2902 2780 3254 2858 requiritur
3283 2779 3368 2841 ad
3430 2797 3655 2842 verum
3702 2783 3815 2843 Ba·

2270 2899 2603 2975 ptismum,
2667 2901 2774 2977 qui
2851 2897 3147 2959 consistit
3203 2896 3268 2957 in
3323 2912 3474 2972 usu,
3524 2901 3590 2959 et
3657 2896 3807 2959 ideo

2266 3015 2471 3077 forma
2506 3031 2633 3093 qua
2678 3019 2951 3075 utuntur
3005 3028 3180 3075 nunc
3212 3012 3488 3075 Chaldaei
3519 3029 3640 3088 per
3682 3030 3821 3075 ver-

2266 3131 2423 3193 bum
2457 3130 2762 3207 praeteriti
2792 3130 3155 3205 baptizatus
3209 3135 3319 3203 est,
3352 3127 3626 3191 invalida
3658 3144 3820 3191 cen-

2266 3251 2471 3320 setur,
2553 3252 2870 3325 quantum
2953 3243 3038 3306 ad
3089 3245 3815 3345 rigorem-verborum,

2264 3364 2390 3424 nisi
2424 3363 2833 3440 praeteritum
2881 3378 2997 3438 pro
3045 3359 3340 3437 praesenti
3381 3359 3557 3438 apud
3628 3359 3817 3437 ipsos

2262 3470 2329 3531 in
2369 3486 2498 3531 usu
2539 3470 2644 3532 sit.

2829 3662 3240 3721 SCHOLIUM.

2331 3816 2475 3871 Haec
2523 3815 2732 3872 littera
2779 3819 3053 3874 tractans
3084 3814 3161 3873 de
3192 3816 3393 3873 forma
3434 3820 3813 3887 necessaria,

2258 3914 2624 3969 necessitate
2674 3914 3082 3981 sacramenti,
3133 3915 3422 3971 continet
3451 3915 3688 3987 aliquot
3717 3914 3818 3973 di-

2258 4016 2375 4067 cta.
2454 4008 2754 4076 Primum,
2832 4012 3121 4066 minister
3224 4014 3286 4068 et
3350 4011 3415 4081 ly
3487 4026 3595 4079 eoo
3694 4028 3815 4070 non

2261 4108 2612 4163 necessario
2675 4109 3134 4179 exprimuntur.
3199 4108 3579 4175 Secundum,
3639 4116 3812 4167 actus

2257 4206 2318 4258 et
2346 4200 2697 4275 suspiciens
2765 4206 3117 4261 necessario
3154 4207 3621 4277 exprimuntur.
3658 4210 3810 4263 Ter-

2258 4302 2436 4369 tium,
2487 4302 2687 4373 quoad
2738 4305 3139 4360 mutationem
3179 4304 3546 4362 substantiae
3578 4305 3799 4363 verbo-

2257 4413 2415 4465 rum,
2450 4401 2500 4455 si
2532 4405 2802 4472 ponatur
2829 4400 3004 4458 aliud
3032 4400 3320 4468 verbum,
3355 4401 3522 4459 idem
3559 4403 3808 4460 eadem-

2253 4510 2373 4567 que
2406 4499 2645 4554 ratione
2676 4496 3058 4568 significae,
3100 4497 3309 4554 valide
3339 4499 3427 4556 fit.
3486 4502 3810 4567 Quartum,

2255 4608 2374 4649 non
2438 4596 2786 4665 Baptismus
2842 4594 3021 4652 datus
3060 4596 3123 4651 in
3181 4596 3430 4652 nomine
3484 4599 3809 4667 genitoris,

2254 4696 2371 4747 ete.
2415 4706 2526 4747 nec
2576 4694 2919 4751 Trinitatis
2979 4694 3298 4760 Quintum,
3348 4693 3693 4766 baptizatus
3733 4698 3800 4752 in

2255 4788 2504 4843 nomine
2537 4789 2790 4857 Christi,
2822 4788 3043 4846 dubius
3074 4795 3165 4848 est
3195 4790 3270 4846 de
3299 4805 3411 4846 suo
3463 4793 3810 4864 Baptism03

2253 4888 2401 4942 olim
2454 4893 2657 4942 tamen
2710 4888 2892 4944 licuit
2937 4890 3029 4945 sic
3076 4888 3418 4961 baptizare,
3468 4906 3544 4947 ex
3587 4893 3801 4950 Ambr.

2251 4983 2514 5041 adducto
2544 5001 2578 5041 a
2613 4986 2905 5055 Magistro
2934 4987 3074 5059 hic3
3105 4992 3166 5046 et
3194 4989 3518 5060 colligitur
3547 5006 3625 5048 ex
3656 4995 3800 5050 Act.

2252 5097 2301 5138 c.
2329 5084 2380 5137 8.
2416 5082 2499 5137 10.
2534 5087 2594 5138 et
2625 5083 2710 5138 19.
2746 5082 2849 5139 ubi
2882 5088 2976 5141 est
3016 5087 3246 5144 mentio
3274 5086 3351 5143 de
3392 5088 3705 5159 Baptismo
3735 5090 3801 5147 in

2253 5181 2504 5236 nomine
2560 5184 2704 5236 Jesu
2763 5182 3013 5250 Christi,
3072 5185 3208 5240 sine
3278 5184 3406 5242 ulla
3472 5187 3795 5246 Trinitatis

2248 5279 2668 5348 expressione,
2721 5281 2804 5336 ita
2854 5284 3015 5349 May.
3067 5281 3183 5339 nic.
3240 5262 3434 5341 Ateus.
3467 5286 3520 5340 4.
3553 5299 3613 5356 p.
3666 5300 3725 5357 q.
3755 5288 3810 5341 8.

2254 5390 2331 5430 m.
2360 5376 2413 5430 3.
2446 5379 2558 5433 art.
2588 5377 2643 5433 3.
2677 5378 2747 5434 D.
2780 5378 2991 5434 Thom.
3023 5378 3075 5434 3.
3103 5393 3163 5449 p.
3197 5393 3253 5450 q.
3279 5380 3367 5436 66.
3397 5384 3514 5437 art.
3545 5383 3602 5439 6.
3643 5380 3721 5438 ad
3766 5381 3811 5435 1·

2247 5477 2369 5530 Alb.
2401 5473 2521 5530 hic.
2573 5479 2687 5532 art.
2738 5479 2789 5533 2.
2846 5480 3175 5533 Bonaoent.
3223 5492 3281 5549 p.
3315 5479 3376 5552 ¹5?
3434 5484 3548 5538 art.
3577 5483 3630 5535 2.
3663 5496 3721 5552 q.
3752 5486 3807 5537 2.

2249 5575 2544 5632 Richard.
2596 5577 2714 5633 art.
2760 5578 2816 5632 2.
2849 5590 2909 5647 q.
2948 5577 3003 5634 3.
3037 5575 3115 5633 ad
3155 5578 3241 5634 10.
3286 5592 3434 5636 cum
3468 5582 3652 5638 Scoto
3700 5580 3805 5638 hic
