4287 6313
1615 410 1810 474 DIST.
1852 411 1926 480 11.
1970 409 2332 488 QUAESTIO
2372 411 2477 474 111.

3508 393 3631 475 415

422 576 572 658 quia
628 594 751 656 per
791 582 1045 656 partem
1107 575 1319 639 minus
1362 574 1792 655 principalem
1833 590 1966 636 non
2077 577 2145 635 et
2174 574 2528 653 improprie
2571 574 2718 652 quis
2761 571 3089 652 loquatur,
3119 589 3156 634 a
3190 588 3323 651 quo
3373 589 3628 654 genere

422 695 798 775 intelligunt
879 696 1197 758 Doctores
1277 693 1577 774 digitum,
1674 690 1971 771 quamvis
2078 686 2422 749 locutionis
2483 704 2612 749 non
2651 688 2854 751 debet
2903 688 3188 768 regulari
3235 681 3480 761 sermo,
3523 704 3637 749 ne-

422 811 606 872 vivus
648 810 755 883 sit,
800 810 919 871 sed
969 808 1145 872 illam
1191 825 1340 888 quae
1391 806 1772 870 immediate
1819 823 1975 868 con·

430 926 626 988 currit
681 923 764 987 ad
825 924 1360 1003 compositionem
1425 923 1816 1003 integralem
1878 932 2015 982 ’.ο-ο

435 1044 580 1118 tius,
629 1047 700 1103 ut
730 1045 831 1104 est
860 1058 1004 1119 peS‚
1051 1042 1153 1103 vel
1192 1058 1447 1114 manus,
1481 1040 1637 1102 etin
1670 1055 1801 1119 qua
1844 1055 1976 1101 non

437 1164 537 1220 est
577 1157 949 1236 principalis
990 1155 1236 1219 functio
1281 1157 1444 1230 vitae,
1489 1157 1579 1217 ita
1609 1159 1685 1217 ut
1720 1155 1863 1217 sine
1902 1169 1979 1215 ea

434 1273 632 1333 homo
666 1269 1054 1332 consisteret
1100 1269 1164 1329 in
1211 1268 1381 1342 vita;
1434 1272 1652 1329 tamen
1686 1264 1986 1328 dubitant

442 1388 524 1450 de
574 1387 899 1464 Baptismo
950 1387 1015 1447 in
1072 1386 1192 1447 hac
1238 1390 1448 1464 parte,
1498 1390 1562 1447 et
1611 1382 1985 1447 iterandum

180 1512 324 1586 Quid
445 1507 688 1571 docent
744 1507 863 1567 sub
943 1502 1344 1577 conditione,
1422 1506 1714 1582 quamvis
1789 1503 1988 1564 etiam

105 1581 392 1691 requaiguur
444 1643 579 1689 non
632 1626 1008 1704 requiritur,
1066 1629 1140 1687 ut
1208 1627 1337 1686 tota
1396 1638 1651 1692 manu8‚
1711 1623 1818 1683 vel
1869 1635 1989 1697 pes

148 1717 416 1819 ffiffiffi‘*
448 1742 757 1821 tingatur.
802 1741 1154 1821 requiritur
1197 1747 1417 1802 tamen
1462 1744 1535 1800 ut
1596 1741 1882 1818 tingatur
1925 1738 1989 1799 in

164 1832 349 1887 ²⁰⁶⁰&
446 1857 552 1920 illa
597 1866 779 1939 parte
837 1857 1202 1921 secundum
1251 1874 1446 1936 quam
1502 1859 1722 1934 potest
1782 1853 1994 1915 deno-

447 1977 675 2039 minari
742 1981 875 2039 tota
957 1991 1214 2049 manus,
1288 1979 1362 2034 ut
1426 1972 1609 2035 verbi
1655 1972 1859 2050 gratia
1930 1971 1993 2029 in

446 2095 690 2173 palmo,
737 2094 889 2172 quia
924 2093 1159 2156 dicitur
1191 2107 1424 2153 manus
1479 2088 1635 2152 lota.
1694 2086 1796 2148 Ad
1825 2088 1996 2148 hanc

446 2218 660 2272 autem
709 2208 1315 2273 denominationem
1358 2222 1491 2270 non
1545 2206 1808 2269 videtur
1861 2200 1994 2264 suf-

440 2326 663 2403 ficere,
721 2332 797 2389 ut
850 2327 1142 2407 tingatur
1205 2324 1473 2404 digitus,
1539 2323 1641 2387 vel
1705 2339 1855 2400 pars
1902 2320 2000 2383 di·

448 2445 589 2524 giti,
657 2444 807 2523 quia
867 2444 932 2504 in
1013 2441 1241 2522 digito,
1276 2447 1387 2503 aut
1473 2441 1734 2503 minima
1815 2444 1998 2517 parte

450 2562 654 2641 ipsius
697 2576 830 2622 non
874 2558 1165 2622 consistit
1207 2556 1541 2620 sufficiens
1583 2558 1746 2618 ratio
1797 2555 2002 2617 deno·

453 2676 743 2738 minandi
790 2680 994 2737 totam
1038 2692 1306 2736 manum
1338 2672 1782 2752 principaliter
1824 2669 2004 2750 (quia

456 2800 556 2856 est
585 2810 736 2872 pars
779 2791 1091 2873 mediata)
1144 2809 1225 2854 ex
1271 2806 1399 2870 qua
1443 2788 1855 2853 redundaret
1894 2785 2000 2848 de·

460 2909 818 2972 nominatio
853 2908 1068 2971 totius.

542 3028 725 3089 Ratio
797 3030 1019 3087 autem
1083 3026 1384 3104 vasquez
1439 3040 1571 3086 non
1651 3019 2004 3090 concludit,

154 3119 386 3235 δοτιζῖξξῑ
468 3139 620 3204 dicit
696 3143 869 3204 enim
945 3138 1547 3227 denominationem
1603 3141 1668 3197 et
1738 3133 2011 3196 formam

152 3249 411 3311 vasquez.
465 3254 890 3317 intrinsecam
962 3258 1156 3317 totius
1248 3271 1381 3317 non
1459 3269 1606 3317 esse
1679 3249 2004 3315 absolute.

467 3368 589 3429 nisi
662 3366 872 3431 forma
929 3368 1035 3431 illa
1092 3367 1244 3429 insit
1311 3364 1682 3428 secundum
1726 3363 2012 3440 aliquam

466 3486 703 3546 saltem
735 3490 987 3565 partem
1021 3484 1475 3562 principalem,
1509 3498 1642 3543 non
1672 3480 1759 3542 ita
1793 3474 2012 3558 quoad

470 3599 1037 3663 denominationes
1088 3602 1515 3670 extrinsecaS,
1549 3613 1669 3658 seu
1712 3610 1749 3655 a
1789 3591 2014 3654 formis

467 3718 879 3778 extrinsecus
936 3732 1009 3777 se
1068 3714 1500 3786 habentibus;
1547 3710 1731 3774 unde
1780 3707 2018 3770 dicitur

463 3833 659 3895 homo
710 3832 1098 3910 simpliciter
1146 3838 1211 3894 et
1261 3832 1562 3893 absolute
1610 3827 2015 3895 vulneratuS,

464 3969 882 4032 quacumque
928 3952 997 4014 in
1046 3960 1227 4030 parte
1273 3949 1657 4012 vulneratus
1718 3944 1821 4019 sit,
1872 3938 2014 4001 talis

469 4072 569 4131 est
600 4069 868 4132 ablutio.
904 4070 1196 4148 Negatur
1239 4064 1602 4144 disparatas
1631 4061 1766 4122 haec
1799 4054 2018 4137 quoad

468 4184 709 4250 formas
751 4187 1104 4250 intrinsece
1138 4190 1205 4247 et
1234 4183 1605 4246 extrinsece
1649 4194 1721 4241 se
1774 4175 2021 4237 haben·

477 4307 601 4378 teS,
651 4304 803 4383 quia
850 4301 1292 4366 denominatio
1345 4300 1623 4360 sumitur
1665 4296 1745 4358 ab
1780 4295 2024 4356 effectu

477 4420 723 4493 formae,
773 4427 838 4484 et
892 4423 979 4484 ita
1037 4436 1109 4481 se
1169 4419 1370 4480 habet
1429 4414 1514 4478 ad
1573 4418 1805 4484 totum,
1853 4398 2019 4472 sicul

477 4537 870 4615 principium
947 4534 1379 4597 denominans
1445 4529 1530 4592 ad
1588 4534 1844 4602 totum;
1919 4523 2027 4587 illa

481 4656 702 4714 autem
747 4668 896 4730 pars
953 4658 1103 4712 nata
1148 4656 1249 4711 est
1305 4648 1519 4711 solum
1593 4645 2023 4706 denominare

483 4775 691 4833 totum
740 4769 1062 4842 absolute,
1113 4783 1254 4845 quae
1308 4763 1635 4828 concurrit
1682 4760 1899 4837 seipsa
1945 4756 2030 4818 ad

482 4888 622 4965 ejus
653 4887 1210 4957 constitutionem,
1246 4890 1312 4946 et
1333 4900 1463 4947 non
1494 4887 1772 4952 remote,
1806 4892 2030 4955 neque

483 5004 766 5068 mediate
813 5008 879 5066 et
934 5001 1303 5065 secundum
1362 4999 1543 5079 quid,
1599 5001 1672 5059 ut
1726 4999 1877 5075 quia
1938 4999 2037 5055 est

485 5139 634 5199 pars
666 5121 865 5200 partis
907 5121 1145 5181 saltem
1173 5119 1652 5197 heterogenea,
1693 5114 1798 5176 vel
1830 5111 2036 5191 hujus

489 5239 683 5301 etiam
716 5254 886 5316 pars,
918 5238 1150 5315 Neque
1205 5232 1574 5311 exemplum
1626 5229 1709 5292 de
1745 5222 2038 5291 'vulnere

489 5355 801 5424 subsistit,
851 5354 1004 5432 quia
1055 5367 1188 5413 non
1245 5363 1677 5428 quaecumque
1727 5346 1898 5409 laesio
1948 5345 2041 5405 di-

489 5469 605 5550 giti
658 5470 1042 5532 denominat
1091 5465 1420 5527 hominem
1471 5464 1889 5526 vulneratum
1935 5460 2044 5520 ab·

490 5590 730 5661 solute,
768 5589 833 5648 et
864 5583 1236 5675 secundum
1267 5581 1580 5660 rigorem,
1613 5578 1737 5641 nisi
1766 5575 2043 5639 abusive

243 3056 319 3107 17.

2085 821 2216 883 que
2274 809 2469 868 etiam
2530 806 2765 867 veritas
2819 805 3101 868 materiae
3150 812 3217 869 et
3269 804 3488 867 formae
3529 806 3637 866 Sa—

2085 920 2424 993 cramenti,
2456 919 2582 982 sed
2611 939 2648 982 a
2681 922 3110 998 proprietate,
3160 928 3224 983 et
3261 920 3635 984 secundum

2086 1051 2279 1097 usum
2308 1043 2647 1114 receptum
2682 1037 3196 1115 etapprobatum
3244 1040 3636 1116 sapientum.

2170 1152 2383 1225 DiceS,
2417 1168 2576 1231 ergo
2608 1152 3007 1233 sacrilegum
3052 1160 3228 1215 esset
3272 1154 3450 1216 illum
3481 1170 3640 1232 pue-

2090 1279 2238 1323 rum
2267 1263 2595 1342 baptizare
2624 1265 2689 1325 in
2736 1264 2963 1345 digito.
3017 1265 3481 1344 Respondetur
3531 1282 3641 1329 ne-

2094 1378 2318 1459 gando
2376 1380 2940 1459 consequentiam,
3011 1382 3160 1459 quia
3219 1397 3326 1443 res
3385 1388 3487 1445 est
3541 1384 3642 1445 in·

2102 1498 2279 1555 certa
2324 1511 2404 1556 ex
2437 1512 2515 1557 eo
2550 1497 2729 1575 quod
2777 1495 3054 1571 definiri,
3108 1502 3402 1578 nequeat
3434 1514 3648 1578 quan-

2098 1615 2238 1671 tum
2295 1612 2380 1674 ad
2454 1614 2787 1676 materiam
2866 1615 3291 1688 Sacramenti,
3355 1632 3438 1677 an
3508 1614 3651 1678 talis

2102 1727 2345 1791 ablutio
2417 1728 2698 1791 sufficiat
2776 1747 2857 1792 ex
2927 1731 3334 1793 institutione
3410 1732 3651 1808 divina,

2103 1842 2393 1924 ideoque
2477 1848 2621 1909 sine
2706 1849 3128 1912 irreverentia
3227 1851 3654 1924 Sacramenti,

2103 1966 2389 2041 urgente
2427 1965 2847 2036 necessitate,
2892 1966 3292 2043 applicatum
3341 1965 3448 2028 hic
3481 1969 3657 2029 enim

2106 2093 2240 2138 non
2288 2082 2389 2139 est
2418 2076 2923 2142 fundamentum
2966 2082 3333 2156 asserendi,
3382 2087 3498 2145 aut
3540 2102 3651 2147 ne-

2107 2192 2332 2271 gandi,
2382 2209 2464 2255 ex
2514 2196 2915 2258 revelatione
2975 2196 3217 2269 divina,
3251 2201 3489 2275 praeter
3530 2215 3655 2279 ge-

2108 2311 2335 2372 nerale
2401 2312 2582 2388 illud,
2666 2313 2845 2392 quod
2915 2330 3160 2392 nempe
3227 2313 3480 2377 ablutio
3541 2317 3663 2379 ho-

2111 2426 2306 2486 minis
2396 2425 2480 2487 sit
2569 2430 2845 2490 materia
2916 2430 3248 2505 Baptismi.
3333 2432 3655 2494 Doctores

2113 2543 2336 2601 autem
2397 2539 2727 2603 disserunt
2778 2543 2861 2606 de
2914 2545 3251 2608 ablutione
3296 2547 3668 2610 secundum

2115 2672 2311 2718 usum
2370 2665 2437 2719 et
2493 2661 2947 2738 acceptionem
2995 2662 3196 2736 vociS,
3251 2679 3382 2725 non
3437 2680 3521 2726 ex
3569 2680 3668 2726 re—

2116 2773 2371 2847 velatiS,
2409 2781 2780 2854 quaerentes
2825 2793 2910 2838 an
2939 2778 3022 2839 sit
3054 2779 3298 2841 ablutio
3334 2779 3439 2842 illa
3473 2779 3670 2858 partis

2116 2887 2471 2958 sufficiens,
2535 2896 2602 2951 et
2634 2895 2951 2972 quaen'am-
3001 2894 3083 2955 sit
3145 2893 3533 2959 sufficiens?
3593 2901 3661 2962 in

2122 3020 2252 3083 qua
2285 3007 2611 3070 certitudo
2653 3009 3111 3073 Mathematica
3154 3015 3385 3091 nequit
3415 3013 3668 3079 haberi.

2205 3125 2447 3188 Doctor
2501 3124 2773 3191 adducit
2832 3133 3357 3210 congruentiam,
3406 3149 3490 3197 ex
3538 3152 3669 3215 qua
3725 3164 4022 3239 congruan-

2125 3238 2495 3317 Baptismus
2534 3243 2597 3305 in
2645 3251 2824 3322 parte
2873 3244 3085 3308 minus
3131 3247 3470 3326 principali
3514 3268 3670 3328 pro·
3811 3234 3902 3279 ¹¹⁸·

2124 3355 2321 3418 betur
2348 3359 2625 3437 validus,
2662 3365 2813 3440 quia
2860 3379 3101 3442 nempe
3132 3366 3237 3426 illa
3292 3373 3393 3428 est
3419 3371 3670 3444 vivens,

2128 3479 2197 3535 et
2225 3475 2424 3538 habet
2470 3481 2671 3539 totam
2702 3478 3009 3542 animam.
3042 3481 3355 3544 Eamdem
3405 3485 3676 3545 assumit

2127 3590 2480 3653 Durandus
2523 3596 2668 3655 dist.
2699 3594 2759 3656 6.
2801 3580 2879 3656 iet
2918 3596 3177 3660 Gabriel
3225 3615 3451 3676 supra.
3497 3602 3672 3662 Hanc

2127 3713 2350 3769 autem
2410 3711 2730 3771 rationem
2803 3712 2890 3773 ita
2948 3714 3466 3791 interpretantur
3535 3718 3680 3798 qui·

2132 3821 2303 3896 dam,
2339 3827 2406 3885 et
2445 3825 2772 3904 rejiciunt,
2806 3830 2880 3888 ut
2909 3827 3177 3906 Vaquez
3207 3829 3348 3910 jam
3401 3832 3677 3908 citatus;
3744 3849 3994 3913 vasquez.

2129 3937 2311 4017 quod
2363 3954 2607 4019 nempe
2668 3943 2882 4004 anima
2934 3960 3085 4023 quae
3146 3949 3469 4012 contraxit
3517 3966 3684 4027 pec-

2131 4061 2349 4117 catum
2392 4058 2709 4138 originale
2758 4062 2825 4123 in
2868 4060 2978 4123 illa
3033 4068 3221 4141 parte
3270 4069 3353 4128 sit
3398 4070 3560 4136 tota.
3605 4082 3682 4128 ac

2130 4170 2411 4248 proinde
2482 4173 2660 4235 ablui
2739 4173 3018 4239 dicatur.
3081 4178 3396 4241 Eamdem
3484 4182 3681 4242 etiam

2132 4286 2348 4367 rejicit
2419 4289 2657 4350 Suarez
2725 4292 2819 4352 sic
2894 4290 3317 4365 intellectam,
3390 4296 3543 4376 quia
3611 4298 3678 4358 in

2135 4406 2353 4466 anima
2395 4410 2498 4468 est
2537 4407 2811 4471 effectus
2855 4409 3205 4474 ablutionis
3254 4414 3683 4491 baptismalis,

2139 4525 2207 4581 et
2235 4537 2370 4583 non
2401 4525 2500 4583 est
2528 4523 2906 4603 subjectum
2953 4524 3094 4602 ejus
3145 4529 3520 4606 ablutionis,
3566 4530 3690 4593 sed

2135 4634 2360 4698 homo.
2418 4638 2629 4700 Verba
2691 4641 2983 4703 Doctoris
3034 4648 3191 4705 sunt
3250 4663 3265 4704 :
3332 4646 3414 4708 Si
3471 4653 3689 4708 autem
3808 4670 3962 4723 Ratio

2141 4757 2459 4827 appareat
2509 4770 2671 4830 pars
2731 4757 2947 4819 minus
2992 4760 3405 4836 principalis,
3453 4761 3691 4825 scilicet
3747 4732 4007 4788 ¹³⁰⁰¹⁰¹⁴⁸·

2140 4883 2378 4931 manas
2418 4868 2518 4930 vel
2553 4887 2689 4945 pes,
2749 4871 2872 4933 illa
2928 4878 3016 4934 est
3058 4873 3475 4953 baptizanda,
3538 4883 3693 4957 qaia

2145 4985 2242 5046 ibi
2277 4989 2365 5047 est
2407 4990 2540 5046 tota
2578 4988 2824 5059 anima,
2872 4987 3017 5050 licet
3044 5006 3171 5052 non
3202 4995 3410 5057 omnis
3451 5011 3691 5073 sensus,

2146 5103 2310 5163 sicut
2353 5102 2421 5162 in
2450 5105 2678 5178 capite,
2715 5109 2839 5167 etc.
2886 5105 3041 5181 Quae
3109 5109 3277 5171 ratio
3328 5129 3463 5176 non
3512 5119 3692 5178 recte

2149 5214 2540 5294 intelligitur
2594 5233 2627 5277 a
2688 5217 2965 5296 praefatis
3040 5223 3460 5301 DoctoribuS,
3541 5230 3694 5309 quia
3753 5224 4047 5297 Explicatur

2151 5347 2287 5392 non
2341 5330 2493 5393 ideo
2569 5331 2722 5396 dicit
2777 5350 2926 5396 esse
3002 5341 3202 5399 totam
3277 5345 3560 5405 animam
3629 5345 3697 5406 in
3752 5303 4021 5404 ὶιιιὲἶιῗῗιω.

2153 5452 2366 5526 parte,
2415 5450 2600 5528 quasi
2657 5451 2869 5512 anima
2925 5458 3103 5515 esset
3143 5457 3520 5538 subjectum
3584 5464 3700 5526 a'b-

2150 5575 2415 5653 utioniS,
2448 5575 2571 5639 sed
2604 5578 2908 5659 loquitur
2955 5585 3335 5662 respective
3365 5586 3453 5651 ad
3496 5595 3730 5678 caput,

3713 1177 3940 1300 Obi108ctio

3724 1303 3960 1356 solvitur.

3768 4345 3973 4397 Suarez.
