4287 6313
287 2657 508 2718 Tempus

259 2722 534 2769 secundum

260 2782 524 2854 Βορυεῳί,

252 2859 536 2896 successive

261 2906 535 2972 incipiebat

231 2969 390 3020 variis
413 2969 553 3021 locis.

275 3462 421 3514 lsaiae
446 3465 494 3515 2.

351 4256 428 4307 12.

271 4320 508 4379 Quatuor

276 4388 507 4447 tempora

223 4444 547 4501 circumcisi·

318 4506 453 4559 onis.

1747 459 1944 523 ms'r.
1986 460 2090 523 nl.
2136 455 2498 535 QUAESTlO
2544 457 2642 521 lV.

583 622 1030 697 thenticam
1100 623 1458 715 ejusdem
1528 625 1713 715 post
1774 620 2141 693 Ascensi-

594 761 826 813 onem
904 741 1235 820 Christi,
1311 740 1427 814 ita
1496 738 1703 829 quod
1782 736 2138 829 primum

590 861 908 949 tempus
959 857 1266 928 nullam
1318 854 1557 929 habet
1594 852 2138 926 differentiam

590 994 735 1067 per
769 976 1116 1044 mortem
1161 970 1494 1053 Christi,
1532 990 1675 1042 nec
1718 972 1893 1062 post
1928 989 2132 1051 eam,

587 1112 681 1164 ex
751 1090 900 1162 hoc
955 1090 1130 1162 solo
1193 1090 1395 1183 quod
1464 1089 1710 1163 aliter
1767 1086 2138 1161 cucurrit

595 1208 771 1299 post
814 1205 1284 1298 Baptismus
1321 1224 1560 1296 quam
1604 1205 1815 1275 ante.
1855 1205 2137 1275 Secun—

586 1323 771 1396 dum
860 1326 1131 1395 autem
1227 1323 1573 1412 tempus,
1665 1322 1778 1410 (ut
1867 1301 2135 1411 eredo)

584 1439 882 1532 incepit
943 1438 1025 1511 in
1090 1438 1213 1512 die
1283 1439 1803 1512 Pentecostes
1874 1438 1954 1510 in
2012 1439 2135 1509 Je-

578 1555 961 1637 rusalem,
1000 1553 1185 1647 quia
1219 1574 1469 1645 usque
1502 1553 1593 1625 ad
1637 1552 1864 1624 illum
1897 1554 2129 1636 diem,

583 1673 952 1766 Apostoli
1008 1692 1169 1743 non
1201 1670 1854 1764 praedicaverunt
1888 1670 2134 1763 publi·

578 1811 693 1877 ce,
778 1789 1018 1880 juxta
1112 1787 1307 1860 illud
1393 1785 1733 1859 verbum
1821 1786 2133 1861 Christi

582 1908 774 1982 Luc.
827 1908 937 1978 24.
997 1908 1115 1972 Vos
1151 1919 1371 1972 aulem
1416 1905 1633 1972 sedete
1699 1907 1773 1971 in
1836 1907 2126 1987 civitate,

578 2026 785 2094 donec
817 2025 1207 2090 induamini
1245 2025 1490 2089 virtute
1518 2044 1606 2089 οτι)
1636 2023 1793 2089 alte.
1852 2018 1997 2092 Sed
2048 2018 2128 2091 in

578 2138 700 2211 die
746 2139 1265 2210 pentecostes
1316 2136 1567 2208 misso
1603 2134 1911 2228 Spiritu
1956 2153 2128 2206 san-

581 2257 738 2336 cto,
788 2253 1268 2327 solemniter
1320 2252 1991 2345 praedicaverunt,
2044 2255 2122 2324 et

578 2369 957 2464 apposita
992 2373 1178 2442 sunt
1233 2369 1372 2442 illo
1417 2370 1542 2441 die
1591 2369 1932 2441 circiter
1966 2368 2128 2442 tria

581 2487 863 2569 millia,
888 2491 969 2560 et
993 2485 1380 2578 baptizati
1417 2490 1628 2566 sunt,
1654 2489 1795 2553 Act.
1829 2487 1896 2557 2.
1936 2484 2121 2556 Inde

577 2609 853 2679 autem
888 2602 982 2675 ad
1015 2602 1219 2675 alias
1253 2601 1655 2681 civitates,
1693 2602 2126 2674 seeundum

580 2721 967 2802 ordinem,
1024 2717 1353 2792 cuilibet
1414 2717 1615 2798 loco,
1686 2716 1812 2788 vel
1872 2717 2118 2808 genti,

577 2842 759 2912 erat
790 2840 1112 2929 tempus
1148 2834 1607 2917 secundum,
1659 2835 1968 2926 quando
2015 2833 2120 2905 ibi

580 2952 893 3046 publice
960 2955 1039 3024 et
1111 2950 1588 3023 solemniter
1641 2949 2119 3042 praedicaba-

579 3075 716 3145 tur
764 3069 893 3141 lex
943 3066 1439 3159 evangelica,
1502 3064 1618 3140 ita
1661 3067 1865 3159 quod
1921 3070 2116 3139 tem·

580 3209 725 3282 pus
774 3207 934 3258 non
1006 3184 1304 3278 incepit
1349 3182 1591 3256 simul
1627 3184 1832 3276 apud
1894 3204 2124 3275 quos-

578 3323 943 3396 cumque,
1026 3303 1159 3374 Sed
1212 3304 1293 3369 de
1354 3305 1521 3369 Sion
1579 3304 1802 3369 exibat
1870 3304 2000 3384 lex,
2065 3315 2124 3368 et

591 3421 864 3488 Verbum
940 3422 1215 3486 Domini
1281 3419 1362 3485 de
1427 3420 1818 3497 Jerusalem,
1886 3416 2124 3506 juxta

578 3534 1095 3629 prophetiam
1169 3532 1444 3614 Isaiae;
1516 3536 1596 3605 et
1649 3532 2120 3625 quibusdam

577 3651 877 3744 incepit
911 3655 1230 3742 tempus
1274 3648 1706 3721 secundum
1762 3650 1854 3722 ad
1911 3668 2123 3720 men·

575 3788 744 3843 sem
781 3773 964 3862 post
1005 3768 1563 3846 Pentecosten,
1607 3771 1687 3840 et
1721 3766 2121 3859 aliquibus

575 3886 669 3958 ad
720 3905 1047 3963 annum,
1098 3883 1501 3976 aliquibus
1552 3883 1645 3955 ad
1687 3884 1957 3956 decem
1990 3904 2121 3955 an-

577 4024 749 4085 nos,
806 4006 887 4075 et
939 4002 1054 4075 sic
1086 4001 1484 4094 deincepS‚
1523 4000 1731 4074 sicut
1764 4001 1881 4074 eis
1918 4020 2122 4093 prae-

575 4117 1024 4193 dicabatur.

664 4235 812 4309 Sed
862 4238 1255 4326 quantum
1304 4235 1411 4323 (g)
1458 4233 1553 4304 ad
1608 4231 2122 4306 Circumcisi-

578 4374 834 4435 onem,
880 4352 1289 4443 distinguo
1323 4355 1679 4442 quatuor
1715 4356 2117 4445 tempora,

580 4473 735 4542 Pro
810 4469 1076 4562 primo
1136 4470 1314 4539 erat
1391 4466 1899 4550 necessaria;
1973 4486 2118 4561 pro

560 4587 916 4663 =secundo
953 4584 1203 4668 utilis,
1239 4604 1399 4656 non
1432 4584 1930 4665 necessaria;
1971 4605 2119 4677 pro

574 4700 822 4775 tertio
886 4721 1030 4773 nec
1098 4699 1350 4782 utilis,
1413 4719 1557 4772 nec
1625 4699 2114 4780 necessaria,

573 4823 845 4892 tamen
907 4817 1179 4900 licita;
1235 4837 1384 4910 pro
1441 4822 1734 4908 quarto
1792 4816 2118 4889 omnino

573 4934 866 5009 illicita
898 4939 978 5008 et
1023 4933 1482 5007 mortifera.

660 5051 1022 5123 Primum
1080 5056 1394 5143 tempus
1447 5048 2118 5123 Circumcisionis

571 5168 989 5259 praecessit
1025 5172 1458 5258 utrumque
1500 5171 1818 5256 tempus
1852 5166 2119 5256 Bapti-

571 5284 750 5356 smi.
825 5283 1273 5358 Secundum
1354 5286 1672 5373 tempus
1751 5280 2118 5355 Circum-

570 5401 905 5475 cisionis
940 5398 1495 5474 comitabatur
1535 5398 1888 5492 primum
1924 5401 2117 5471 tem-

574 5538 722 5611 pus
754 5517 1181 5610 Baptismi,
1218 5536 1402 5589 nam
1441 5515 1650 5589 sicut
1693 5533 1892 5606 argu
1910 5534 2118 5586 men-

576 5640 751 5709 tum
840 5634 996 5708 fuit
1073 5633 1328 5726 priuS,
1415 5653 1514 5705 ex
1605 5652 1760 5726 quo
1853 5630 2115 5725 primo

3681 454 3800 517 357

2258 618 2837 693 consulebatur
2884 615 3378 713 Baptismus,
3423 638 3584 691 non
3651 617 3806 693 fuit

2261 735 2798 810 Circumcisio
2841 736 3309 810 necessaria
3339 735 3646 809 volenti
3676 737 3805 807 ba-

2256 851 2578 943 ptizari,
2637 853 2767 924 sed
2818 856 3008 926 tunc
3067 852 3438 925 cucurrit
3500 856 3807 926 utrum-

2255 988 2404 1059 qne
2473 968 2618 1040 sub
2675 968 3240 1062 disjunctione,
3325 973 3411 1042 ut
3479 969 3803 1042 Judaeus

2251 1084 2595 1173 eligeret
2629 1085 3180 1177 quodcumque
3221 1084 3490 1159 vellet.
3540 1085 3807 1159 Licuit

2252 1201 2468 1275 enim
2540 1206 2620 1275 et
2663 1201 2973 1294 profuit
3034 1200 3139 1274 ibi
3181 1201 3681 1286 circumcidi,
3727 1202 3796 1276 si

2249 1318 2511 1391 voluit
2551 1320 2725 1407 (nec
2756 1319 2971 1390 enim
3009 1318 3157 1392 fuit
3194 1325 3381 1392 tunc
3419 1325 3808 1394 revocata

2253 1435 2644 1524 quantum
2680 1432 2775 1504 ad
2807 1431 3028 1515 utile,
3077 1454 3222 1508 neo
3275 1439 3662 1525 quantum
3708 1434 3802 1507 ad

2251 1549 2618 1640 licitum),
2666 1548 2897 1621 licuit
2945 1549 3194 1622 etiam
3229 1549 3404 1633 sibi,
3444 1550 3605 1622 imo
3645 1551 3807 1624 lau-

2248 1667 2506 1740 dabile
2540 1668 2693 1741 fuit
2734 1666 3136 1760 baptizari
3174 1694 3189 1750 ;
3245 1672 3322 1741 et
3357 1668 3505 1742 hoc
3548 1669 3796 1742 etiam

2250 1783 2453 1857 satis
2489 1802 2943 1874 congruum
2986 1784 3164 1865 fuit,
3215 1786 3415 1876 quod
3470 1786 3551 1858 in
3602 1790 3796 1859 tem·

2249 1919 2447 1992 pore
2510 1899 2990 1972 intermedio
3047 1900 3263 1972 inter
3302 1901 3496 1972 duas
3543 1900 3791 1995 leges,

2248 2018 2564 2108 quando
2607 2039 2768 2090 non
2824 2019 3091 2092 subito
3136 2018 3400 2110 prima
3443 2018 3794 2103 tollitur,

2246 2154 2390 2205 nec
2471 2133 2816 2206 secunda
2883 2133 3382 2225 imponitur,
3465 2133 3634 2217 illo,
3690 2135 3799 2207 in-

2251 2269 2518 2341 quam,
2570 2249 3221 2342 tempore,simul
3255 2253 3596 2324 currant
3635 2270 3799 2324 am-

2246 2366 2363 2439 bae
2418 2365 2563 2438 sub
2601 2366 3165 2459 disjunctione.

2336 2483 2696 2555 Tertium
2765 2482 2868 2571 (h)
2919 2485 3191 2555 autem
3234 2486 3554 2575 tempus
3617 2482 3793 2555 Cir·
3825 2515 4145 2570 Circumcisi·

2243 2599 2768 2673 cumcisionis
2812 2600 3175 2674 cucurrit
3220 2620 3402 2672 cum
3453 2599 3796 2672 secundo
3827 2597 4140 2694 fuissnfiffcim

2242 2722 2612 2808 tempore
2691 2716 3128 2809 Baptismi;
3190 2722 3272 2790 et
3334 2716 3486 2788 hoc
3550 2707 4145 2820 quan-⁸¹}‚Qeggfi‘

2244 2841 2416 2909 tum
2504 2833 2597 2904 ad
2680 2833 3024 2916 JudanS,
3106 2855 3356 2925 usque
3424 2833 3517 2905 ad
3597 2833 3789 2905 illud
3905 2837 4071 2958 32231

2242 2956 2562 3044 tempus
2598 2951 2855 3032 Pauli,
2893 2952 2984 3023 de
3028 2972 3182 3044 quo
3234 2955 3620 3043 argutum
3663 2955 3789 3025 est
3877 2955 4082 3069 23¹1&ss

2244 3071 2525 3164 prius;
2599 3070 2764 3142 imo
2833 3070 3283 3143 verisimile
3351 3073 3498 3153 est,
3583 3072 3787 3164 quod
4065 3056 4078 3069 ⁹

2239 3188 2437 3260 bene
2471 3187 2715 3268 ultra,
2772 3188 2960 3280 quia
3003 3192 3368 3280 tempore
3419 3190 3808 3282 purifica-.

2241 3303 2490 3376 tionis
2536 3303 2763 3375 Pauli
2825 3303 3303 3378 videbantur
3346 3302 3650 3378 fratres
3712 3305 3792 3377 in

2241 3420 2786 3512 Jerosolymis
2846 3420 3304 3513 approbare
3366 3421 3797 3493 observan-

2238 3534 2441 3608 tiam
2484 3536 2715 3627 legis,
2753 3538 2831 3607 et
2872 3536 2962 3608 de
2996 3556 3088 3608 ea
3124 3536 3552 3609 consulere
3597 3540 3796 3610 Pau-

2245 3653 2344 3724 10.
2411 3652 2555 3726 Sed
2619 3658 3010 3744 quantum
3053 3652 3147 3724 ad
3200 3653 3557 3726 Gentiles
3613 3675 3797 3727 con-

2239 3790 2525 3842 versos
2566 3770 2657 3841 ad
2699 3769 2955 3851 fidem,
2995 3770 3426 3843 secundum
3472 3775 3793 3864 tempus

2239 3887 2640 3977 Baptismi
2742 3890 2821 3959 et
2899 3890 3283 3978 quartum
3353 3886 3789 3961 Circumci-

2241 4002 2495 4075 sionis
2541 4002 2782 4076 simul
2826 4008 3451 4085 concurrerunt,
3500 4004 3790 4078 saltem

2241 4122 2425 4211 post
2473 4120 3083 4211 quatuordecim
3137 4139 3392 4192 annos
3442 4139 3490 4190 a
3542 4121 3791 4212 passi-

2242 4256 2390 4309 one
2454 4236 2788 4318 Christi,
2851 4236 2978 4308 vel
3047 4235 3408 4318 circiter,
3478 4239 3790 4328 quando

2241 4353 2554 4427 scilicet
2598 4353 2897 4425 Paulus
2960 4353 3318 4428 ascendit
3368 4354 3790 4444 Jerosoly-

2242 4486 2453 4540 mam
2502 4468 2594 4540 ad
2650 4468 3040 4551 seniores,
3098 4488 3341 4561 super
3392 4468 3535 4540 illa
3578 4488 3790 4560 quae-

2240 4586 2503 4662 stione
2572 4585 3029 4667 consulenS,
3090 4585 3180 4657 de
3242 4605 3398 4677 qua
3454 4584 3789 4659 habetur

2240 4709 2512 4773 Acutum
2555 4725 2700 4790 cap.
2768 4704 2877 4775 15.
2952 4699 3083 4772 ubi
3146 4700 3410 4793 primo
3481 4700 3787 4793 allegat

2240 4820 2532 4892 Petrus
2610 4816 2916 4890 factum
3002 4816 3384 4896 Cornelii,
3457 4817 3548 4889 de
3626 4838 3783 4909 quo
3850 4847 4105 4914 Loquitur

2235 4934 2583 5008 habetur
2637 4938 2905 5002 Accua-m
2948 4936 3054 5006 10.
3110 4937 3190 5005 et
3238 4933 3512 5005 deinde
3558 4912 4136 5035 ,laco-ffffigfflflffi,

2235 5051 2381 5122 bus
2424 5055 2803 5143 tanquam
2855 5048 3301 5140 Episcopus
3336 5048 3416 5120 in
3460 5051 3785 5122 Jeroso-
3813 5037 4125 5148 q¹¹³³ib¹fffl³

2236 5166 2480 5257 lymis
2548 5165 2868 5258 profert
2956 5165 3443 5238 sententiam
3516 5185 3789 5239 secun·
3842 5160 4101 5287 p‘ssfflit‘

2235 5285 2418 5355 dum
2491 5283 2986 5373 Magistrum
3056 5281 3623 5362 historiarum,
3686 5282 4133 5398 di·{⁶⁰1‘¹5tsif,‘ssss·

2235 5418 2422 5470 cens
2499 5419 2513 5462 t
2583 5402 2721 5486 qu
2777 5400 3013 5486 judico
3052 5421 3190 5465 non
3248 5402 3616 5486 inquietari
3651 5420 3781 5480 eos,
3853 5383 4130 5479 'similans

2235 5521 2349 5605 qm'
2405 5540 2489 5583 em
2530 5517 2830 5604 yencibns
2888 5528 3368 5583 convertuntur
3415 5517 3507 5582 ad
3554 5518 3779 5595 Deum,
3813 5476 4132 5603 Jassss'ssfffioe

2233 5637 2348 5703 sed
2413 5636 2700 5702 scribere
2749 5636 2839 5703 ad
2879 5658 3008 5717 eos,
3072 5646 3141 5701 ut
3191 5636 3565 5701 abstineant
3629 5655 3697 5700 se
3751 5655 3793 5698 a
3863 5596 4088 5711 ‘Qiffis
