4287 6313
413 3313 487 3364 12.

387 3377 516 3435 Quae

316 3435 584 3549 325533’333

332 3562 562 3612 annullet

325 3623 573 3676 formam!

637 356 756 422 320

633 519 861 591 duram
931 522 1072 590 loco
1120 523 1432 612 ambiguo
1519 536 1586 591 et
1652 523 1928 600 difficili.
1980 545 2178 613 quam

631 634 1028 704 admittatur.
1061 659 1299 706 sensus
1355 660 1703 718 erroneus;
1762 660 1974 728 neque
2015 661 2181 726 prae-

634 748 803 818 dicta
868 755 1193 840 expositio
1244 755 1332 822 ita
1382 767 1483 822 est
1538 756 1725 835 dura,
1770 757 1930 844 quin
1979 761 2182 825 verba

632 881 698 934 et
748 869 1089 939 discursus
1138 874 1467 940 Ambrosii
1536 875 1748 943 eidem
1809 877 2018 962 possit
2071 899 2181 944 ac-

633 984 1056 1053 commodari.
1088 989 1239 1054 Haec
1258 997 1513 1056 tantum
1546 990 2025 1058 insinuaverim
2052 1012 2182 1057 non

635 1102 1060 1186 repugnando
1097 1105 1430 1171 communi
1464 1106 1685 1172 sensui
1718 1106 2022 1188 aliorum,
2061 1107 2174 1193 qui

631 1217 1048 1286 Ambrosium
1111 1220 1302 1287 aliter
1368 1222 1770 1309 intelligunt,
1861 1223 2016 1311 quia
2067 1224 2174 1289 vi-

635 1333 821 1400 detur
879 1336 1090 1423 magis
1174 1339 1504 1424 expedire,
1575 1353 1645 1405 ut
1706 1340 1992 1426 benigne
2066 1361 2183 1426 pro

634 1431 998 1518 reverentia
1080 1452 1509 1541 intelligatur,
1589 1467 1782 1540 prout
1862 1455 1972 1522 alii
2078 1457 2184 1542 pie

639 1585 792 1631 eum
826 1566 1362 1655 interpretantur,
1397 1570 1567 1638 sicut
1617 1571 2178 1651 Altisiodorensis,

630 1684 705 1748 D.
750 1685 1057 1764 Thomas,
1116 1696 1181 1751 et
1213 1689 1689 1767 Bonaventura,
1727 1688 2089 1755 Richardus
2121 1700 2186 1753 et

631 1797 764 1877 alii,
828 1820 994 1886 quos
1051 1802 1276 1869 videre
1330 1804 1478 1870 licet
1516 1806 1687 1891 apud
1749 1806 1934 1872 alios.
1967 1809 2185 1872 „Pater

631 1917 921 2002 Vasquez
951 1937 1210 1984 omnem
1253 1919 1851 2005 interpretationem
1894 1923 2037 2007 ejus
2074 1911 2185 1988 ex-

633 2030 861 2111 cludit,
899 2033 1005 2098 alii
1038 2037 1369 2130 Doctores,
1410 2046 1478 2101 ut
1514 2048 1733 2103 noster
1768 2042 1998 2103 Doctor
2033 2059 2185 2104 cum

635 2149 1000 2216 reverentia
1043 2162 1463 2237 praetereunt,
1520 2165 1584 2219 et
1613 2153 2030 2221 dissimulant
2066 2154 2186 2220 dif-

634 2263 1015 2343 ficultatem,
1096 2279 1448 2335 tractantes
1514 2271 1947 2356 quaestionem
1995 2272 2185 2358 juxta

634 2399 1052 2449 communem
1092 2382 1491 2450 decisionem
1529 2385 1862 2453 Ecclesiae.

1203 2603 1287 2660 SC
1296 2605 1603 2663 HOLIUM.

708 2809 1140 2880 Incongruitas
1172 2810 1237 2865 in
1268 2808 1389 2866 fine
1420 2812 1781 2880 verborum,
1814 2814 1864 2868 si
1899 2813 2184 2883 singulo-

635 2923 776 2968 rum
824 2907 1162 2964 verborum
1195 2912 1525 2979 conceptus
1583 2910 1720 2979 capi
1752 2914 2029 2982 possunt,
2061 2926 2183 2968 non

637 3004 948 3074 annullat,
1027 3007 1088 3060 et
1160 3005 1326 3062 idem
1405 3012 1498 3064 est
1572 3006 1648 3065 de
1704 3010 2189 3081 transpositione

642 3107 921 3162 mutante
976 3109 1342 3177 conceptum
1373 3106 1697 3163 orationis,

619 3344 626 3345 f
730 3311 844 3382 De
916 3308 1168 3382 tertia
1214 3311 1318 3400 (k)
1367 3311 1830 3385 variatione
1883 3312 2186 3404 princi-

959 3432 1348 3517 quantum
1456 3431 1552 3502 ad
1661 3429 2183 3513 Qualitatem,
2284 3488 2289 3491 .

698 3427 834 3506 ali,

641 3447 714 3615 ipd
779 3547 929 3621 est,
1003 3544 1656 3625 terminationes,
1749 3568 1924 3637 quae
2015 3567 2187 3638 per-

631 3660 896 3735 tinent
1008 3662 1103 3733 ad
1229 3663 1862 3753 congruitatem,
1964 3666 2187 3755 patet

639 3798 780 3869 per
814 3777 1028 3857 illud,
1093 3779 1360 3870 capite
1427 3779 1517 3850 de
1587 3799 1951 3851 consecr.
1996 3779 2180 3853 dist.

630 3896 699 3965 4.
777 3896 1198 3975 Retulerunt,
1246 3892 1377 3966 ubi
1442 3895 1668 3985 Papa
1753 3897 2186 3988 respondet
2272 3913 2276 3951 1

621 4011 725 4084 de
822 4012 1254 4085 Sacerdote
1341 4011 1476 4103 qui
1570 4012 2015 4104 baptizavit
2105 4016 2187 4082 in

633 4130 907 4196 nomine
996 4131 1259 4209 Patria,
1362 4140 1422 4195 ec
1502 4132 1677 4214 filia,
1786 4142 1850 4197 et
1937 4134 2187 4218 spiritu

632 4256 889 4313 sancta.
965 4243 1186 4324 Quod
1257 4243 1326 4315 si
1405 4242 1555 4316 hoc
1616 4243 1807 4317 Fecit
1876 4265 1975 4316 ex
2045 4245 2186 4318 im-

636 4359 937 4453 peritia
995 4358 1293 4451 linguae
1332 4359 1666 4443 Latinae,
1731 4382 1891 4433 non
1936 4361 2186 4436 inten—

635 4478 827 4550 dens
960 4475 1341 4549 inducere
1464 4497 1866 4560 errorem,
1991 4500 2186 4552 vere

636 4591 1105 4685 baptizavit.
1240 4593 1460 4675 Quod
1575 4593 2183 4686 intelligendum

639 4711 789 4788 est,
855 4707 1169 4799 quando
1224 4711 1372 4780 -est
1455 4707 1641 4780 talis
1723 4708 2185 4800 incongrui-

640 4827 768 4898 tas
851 4824 931 4896 in
1016 4824 1172 4896 fine
1275 4824 1679 4907 dictionis,
1772 4846 1944 4917 quae
2021 4845 2187 4899 non

607 4939 1022 5035 *prohibet
1081 4939 1272 5032 quin
1365 4941 1626 5033 possit
1728 4941 1909 5032 capi
1994 4963 2186 5015 con-

604 5060 924 5149 “ceptus
985 5054 1490 5169 significatus
1535 5076 1679 5149 per
1715 5057 2179 5131 dictionem.

607 5174 739 5245 -Et
843 5174 1233 5264 quomodo
1331 5173 1484 5246 hoc
1575 5174 1683 5248 sit
1769 5174 2175 5267 possibile,

632 5289 828 5361 bene
867 5288 1406 5380 experiuntur
1464 5289 1714 5382 aliqui
1767 5291 2181 5365 audientes

599 5406 1023 5498 *quosdam
1100 5406 1568 5489 illiteratos,
1644 5410 1774 5500 qui
1845 5410 2182 5501 loquun-

603 5527 807 5601 etur.
864 5521 1390 5617 incongrue„
1451 5530 1531 5599 et
1620 5526 1896 5600 tamen
1986 5524 2185 5599 bene

2274 4011 2682 4091 articulo,

2270 4129 2408 4201 sssit
2503 4128 2774 4208 verba,
2849 4148 3022 4219 quae
3099 4131 3289 4200 sunt
3361 4124 3846 4217 principalia

2268 4244 2379 4316 rin
2416 4243 2683 4316 forma
2733 4243 2897 4324 illa,
2951 4247 3031 4316 et
3094 4262 3265 4334 quae
3320 4260 3481 4314 non
3552 4239 3846 4331 princi-

2268 4362 2540 4456 palia,
2600 4362 2913 4436 scilicet
2945 4365 3219 4434 actum
3267 4364 3347 4433 et
3389 4359 3851 4452 suscipien-

2268 4484 2495 4560 ·-tem;

1817 365 1957 428 ΜΒ.
1991 362 2092 426 lV.
2124 361 2725 430 SENTENTIARUM

2297 526 2765 620 concipiunt
2872 525 3054 617 quid
3154 524 3436 597 volunt
3541 521 3834 604 dicere,

2294 642 2546 715 etiam
2592 646 2981 735 quantum
3024 642 3120 715 ad
3188 640 3515 732 singula
3560 640 3835 713 verba.

2328 754 2332 757 ⁴
2382 761 2496 832 De
2556 763 2850 850 quarta
2889 758 2971 850 (l)
3018 757 3483 832 variatione
3544 756 3836 850 princi-
3992 796 4064 847 13,

2297 874 2485 968 pali,
2567 874 2881 948 scilicet
2948 877 3092 956 Ubi,
3171 874 3349 947 dico
3420 874 3627 966 quod
3697 872 3835 946 ali·
3984 859 4057 908 ⁰⁶

2295 1013 2451 1085 qua
2527 991 3070 1085 transpositio
3171 991 3499 1064 omnino
3567 990 3840 1064 variat

2298 1108 2810 1190 sententiam,
2883 1113 2972 1181 ιιι
3039 1107 3108 1179 si
3154 1107 3567 1181 diceretur
3618 1133 3633 1178 :
3698 1111 3841 1196 Eqn

2295 1230 2523 1294 Patris
2578 1229 2842 1314 baptizo
2890 1238 2951 1293 te
2992 1230 3066 1293 in
3101 1229 3372 1293 nomi-ne
3442 1226 3637 1303 Filii,
3682 1228 3838 1299 etc.

2296 1342 2590 1433 Aliqua
2619 1344 2892 1414 autem
2934 1340 3473 1434 transpositio
3521 1340 3847 1433 permit-

2295 1449 2399 1531 tit
2475 1463 2563 1531 ut
2642 1458 3151 1549 transposita
3217 1460 3548 1530 teneant
3610 1445 3841 1547 quasi

2295 1574 2658 1645 eamdem
2716 1573 3111 1645 virtutem
3179 1572 3259 1644 in
3311 1571 3488 1663 ipsa
3547 1569 3839 1648 forma,
3958 1653 3963 1660 ‚

2299 1690 2385 1760 ut
2458 1686 2525 1764 Si
2565 1688 3037 1761 diceretur:
3102 1689 3177 1754 In
3214 1689 3485 1755 nomine
3549 1687 3718 1752 Filii
3783 1698 3844 1752 ct

2296 1806 2524 1872 Patris
2571 1810 2723 1878 etc.
2800 1805 2900 1877 Et
2963 1803 3230 1895 prima
3300 1798 3839 1891 transpositio
3909 1803 4157 1929 9¹2¹&ss

2299 1919 2653 2012 impedit,
2756 1920 2944 2011 quia
3022 1919 3292 1991 aufert
3362 1923 3840 2009 conceptum

2301 2034 2730 2117 orationis,
2793 2040 2881 2109 ut
2932 2034 3313 2109 instituta
3353 2037 3504 2106 est.
3553 2036 3840 2106 Secun-
4012 2120 4023 2131 ,

2294 2153 2391 2223 da
2459 2169 2620 2223 non
2689 2151 3050 2244 impedit,
3136 2150 3321 2243 quia
3408 2152 3566 2223 etsi
3653 2170 3842 2222 con·
3908 2120 4166 2251 ⁰‘d3}{⁰‘¹¹'

2298 2285 2595 2357 gruum
2699 2272 2914 2341 esset
3037 2287 3372 2340 servare
3482 2267 3841 2340 ordinem
3873 2246 4190 2296 ⁸⁸⁸²'¹¹¹⁸¹¹⁵·

2290 2384 2779 2474 proferendo
2849 2404 3266 2478 personas,
3327 2383 3619 2476 quiest
3666 2402 3836 2476 per-

2300 2519 2690 2572 sonarum
2750 2500 3184 2573 secundum
3270 2498 3697 2589 originem,
3764 2502 3845 2571 et

2300 2617 2855 2692 necessarium
2904 2617 3011 2692 sit
3061 2617 3213 2690 hoc
3282 2621 3675 2708 quantum
3748 2617 3844 2688 ad

2299 2733 2796 2815 ministrum,
2901 2737 3174 2807 tamen
3275 2751 3439 2805 non
3511 2731 3838 2805 videtur

2305 2850 2634 2923 omnino
2729 2847 3291 2921 necessarium-
3407 2868 3506 2919 ex
3610 2849 3844 2939 parto

2304 2966 2840 3048 Sacramenti‚
2928 2965 3117 3057 quia
3195 2983 3568 3056 personae
3656 2983 3843 3054 quo·

2301 3105 2643 3177 cumque
2730 3082 3007 3165 ordine
3096 3081 3562 3162 nominatae,
3649 3085 3839 3151 sunt

2306 3220 2551 3273 unum
2672 3197 3029 3272 efficiens
3166 3198 3616 3291 principale
3760 3195 3841 3268 in

2300 3315 2746 3408 Baptismo‚
2825 3319 2906 3387 et
2985 3317 3070 3385 ut
3134 3311 3248 3385 sic
3325 3313 3837 3386 invocantur.

2391 3432 2504 3504 Ad
2564 3430 2920 3523 primum
2981 3430 3557 3520 argumentum
3617 3430 3843 3522 patet

2299 3569 2399 3619 ex
2469 3546 2734 3639 primo
2786 3544 3169 3626 articulo,
3225 3545 3411 3636 quid
3472 3544 3579 3616 sit
3657 3563 3839 3635 pro-

3898 920 4166 973 variatione

3892 983 4165 1035 secundum

3976 1045 4056 1096 ubi
4066 1080 4081 1096 .

3978 1942 4095 1977 rum

3888 1993 4165 2042 secundum

3953 2070 4101 2104 suum

4004 3445 4087 3495 14-

3875 3506 3961 3557 Ad
3987 3522 4106 3573 arg.
4147 3506 4174 3557 1
4193 3545 4207 3559 .

2272 3662 2477 3757 prie
2538 3663 2806 3734 forma
2869 3660 3026 3740 hic.
3071 3664 3151 3734 et
3205 3660 3555 3753 qualiter
3596 3658 3844 3731 verba

2302 3783 2493 3853 sunt
2568 3778 2858 3852 forma.

2388 3896 2503 3971 Ad
2579 3896 3014 3970 secundum
3070 3898 3295 3987 patet
3352 3914 3452 3966 ex
3498 3894 3842 3967 secundo
3944 3909 4028 3959 Ad
4073 3907 4140 3959 2.

2787 4011 2996 4103 quod
3066 4010 3446 4084 Christus
3522 4029 3846 4100 expres-

2597 4478 2871 4550 sedin
2971 4479 3377 4568 potestate
3469 4474 3854 4554 Ecclesiae

2297 4593 2453 4665 fuit
2541 4592 3092 4667 determinare
3188 4590 3479 4681 quibus
3565 4589 3848 4662 verbis

2297 4709 2586 4803 'primae
2665 4709 2823 4782 vel.
2874 4708 3239 4780 secundae
3313 4727 3711 4799 personae,
3766 4711 3849 4779 et

2298 4823 2712 4899 indicativi
2779 4823 2911 4896 vel
2959 4823 3304 4917 optativi
3340 4823 3551 4896 modi
3583 4821 3852 4915 expri-

2264 4944 2722 5016 ³merentur
2828 4938 3275 5032 suscipiens
3387 4943 3469 5013 et
3573 4941 3847 5016 actus:

2297 5061 2379 5130 et
2448 5055 2812 5131 Ecclesia
2901 5055 3196 5130 Latina
3263 5054 3512 5146 elegit
3578 5052 3851 5145 expri-

2266 5195 2525 5248 2mere
2645 5173 3225 5267 suscipientem
3319 5172 3403 5244 in
3482 5170 3832 5245 secunda

2260 5310 2676 5385 persona,
2761 5294 2835 5364 et
2927 5293 3201 5362 actum
3269 5287 3699 5361 indicative
3765 5291 3852 5360 et

2303 5408 2931 5489 rationabiliter,
2996 5411 3084 5481 ut
3165 5410 3493 5480 notaret
3572 5402 3850 5474 minis-

2298 5529 2522 5599 trum
2615 5543 2808 5598 vere
2909 5523 3287 5597 conferre
3373 5523 3845 5601 Sacramen-
