4287 6313
552 440 672 502 474

575 604 643 662 et
732 607 955 665 tamen
1038 607 1362 681 negarent
1432 595 1788 659 infantulos
1871 591 2117 653 habere

572 726 946 796 peccatum,
1006 738 1043 781 a
1104 737 1234 799 quo
1299 715 1648 780 emaculari
1696 717 1762 774 et
1831 708 2118 804 abstergi

573 839 848 913 possent
914 852 1037 912 per
1087 835 1511 912 Baptismum,
1585 826 1936 891 efficaciter
1997 823 2112 886 de·

574 948 760 1011 duxit
807 956 1032 1011 contra
1085 965 1200 1010 eos
1269 946 1651 1016 Concilium,
1709 941 1986 1004 formam
2039 939 2112 999 il·

575 1067 730 1142 lam,
808 1085 1005 1147 quam
1075 1068 1500 1148 assignabant
1559 1069 1626 1126 in
1677 1062 2121 1123 remissionem

569 1192 1010 1260 peccatorum,
1068 1192 1194 1247 etc.
1263 1199 1411 1244 esse
1469 1180 1724 1253 falsam,
1787 1178 1943 1239 dum
2001 1191 2122 1253 per

581 1315 729 1361 eam
782 1317 862 1362 ex
911 1318 1137 1363 eorum
1187 1300 1481 1362 doctrina
1538 1297 1790 1358 nullum
1835 1292 2119 1355 remitte-

580 1416 774 1477 batur
818 1422 1188 1492 peccatum.
1237 1413 1420 1477 Unde
1470 1412 1646 1473 idem
1696 1412 1924 1471 auctor
1971 1422 2121 1468 con-

576 1538 939 1612 sequenter
1013 1538 1215 1612 negat
1288 1530 1645 1592 Concilium
1717 1546 1796 1589 eo
1869 1543 2121 1588 canone

581 1646 918 1729 quidpiam
978 1648 1293 1710 assertive
1357 1649 1760 1717 enuntiasse,
1818 1648 1931 1704 aut
2004 1640 2118 1702 de·

584 1768 868 1827 clarasse
913 1765 1222 1843 Baptismi
1277 1762 1555 1824 formam
1614 1778 1744 1822 non
1788 1775 2034 1831 veram,
2069 1757 2119 1816 si

587 1881 835 1960 parvuli
878 1884 1152 1958 peccato
1207 1880 1525 1940 carerent.

235 2012 539 2127 ἒέἓῖιιξὶιῖἷυ
666 1998 991 2061 Caeterum
1023 1999 1155 2061 haec
1186 1995 1631 2074 interpretatio
1681 1994 1910 2071 nequit
1952 2007 2123 2051 com-

246 2112 558 2208 Concilium:
588 2118 786 2179 mode
832 2117 1163 2189 sustineri,
1213 2131 1432 2192 neque
1479 2119 1580 2175 est
1609 2128 1785 2184 vera,
1844 2125 1997 2171 nam
2042 2125 2119 2169 eo

244 2202 522 2335 ‚Bugffina
582 2237 753 2313 ipso,
827 2234 1006 2312 quod
1091 2250 1171 2294 ex
1244 2230 1962 2308 Constantinopolitano
2028 2227 2125 2306 (ut

241 2340 296 2375 ¹¹²
322 2325 552 2375 remissi-
584 2352 948 2428 Scripturas
980 2357 1044 2411 et
1076 2351 1296 2412 Patres
1339 2346 1739 2426 omittamus)
1789 2347 1980 2407 datur
2009 2349 2123 2405 Ba-

323 2402 471 2438 onem

275 2456 512 2515 9200210·
580 2471 818 2546 ptisma
861 2470 927 2529 in
970 2468 1409 2528 remissionem
1456 2468 1875 2541 peccatorum
1918 2461 2124 2541 (quod

330 2527 464 2563 rum.

582 2586 858 2664 perinde
889 2584 1140 2663 priores
1191 2581 1491 2644 Canones
1536 2578 1917 2649 Tridentini,
1964 2579 2125 2639 alia-

583 2718 713 2780 que
744 2702 928 2781 plura
969 2702 1113 2762 loca
1153 2701 1295 2780 jam
1349 2702 1538 2763 citata
1582 2704 1811 2776 aperte
1858 2696 2124 2777 docent)

582 2834 713 2878 non
759 2818 972 2895 potuit
1021 2817 1228 2879 forma
1285 2816 1596 2895 Baptismi
1652 2831 1787 2876 non
1858 2814 1996 2875 dari
2059 2815 2122 2873 in

580 2936 1037 2998 remissionem
1122 2940 1584 3013 peccatorum3
1673 2932 1853 3010 quod
1928 2931 2123 2993 etiatn

582 3054 733 3114 satis
792 3056 1050 3112 constat
1108 3067 1189 3111 ex
1246 3051 1401 3128 ipsis
1452 3050 1597 3129 ejus
1644 3049 1885 3111 verbiS.

238 3167 552 3283 Hatffitigrin
659 3164 931 3228 Accedit
976 3166 1155 3243 quod
1215 3164 1557 3243 praedictus
1616 3165 1837 3226 Canon
1895 3163 2123 3224 iisdem

266 3294 528 3347 Conciliis.
585 3285 802 3347 verbis
862 3284 1227 3362 concipitur
1279 3288 1343 3346 in
1401 3284 1538 3344 aliis
1601 3282 1901 3345 Conciliis
1959 3280 2127 3343 Afri-

261 3358 530 3472 (gssssfflnssita
587 3404 761 3464 canis
817 3403 939 3463 sub
971 3403 1249 3476 ZozimO,
1298 3401 1624 3464 Bonifacio
1661 3408 1725 3463 et
1754 3401 2120 3472 Caelestino;

268 3483 529 3598 ἓδξξζῗῗξζῗ
587 3519 867 3582 habetur
909 3522 973 3578 in
1026 3519 1313 3580 decretis
1372 3518 1679 3592 Gratiani,
1747 3515 2123 3590 Burchardi,

592 3637 823 3701 lvonis,
884 3640 1114 3716 Neque
1157 3643 1545 3699 consuetum
1605 3639 1688 3699 sit
1729 3638 1795 3698 in
1841 3635 2120 3699 definiti·

588 3752 823 3813 onibus
892 3752 1193 3814 Ecclesiae
1247 3752 1493 3830 aliquid
1570 3762 1798 3830 praeter
1868 3753 2127 3814 asserti-

585 3884 780 3930 onem
829 3866 1192 3946 professam
1248 3873 1568 3932 intexere.
1630 3872 1720 3932 Ne
1798 3887 1954 3950 ergo
2018 3887 2122 3932 re-

583 3990 889 4062 petamus
953 3988 1122 4064 quod
1181 3987 1337 4049 alias
1394 4004 1593 4065 supra
1640 3987 1942 4058 diximus,
1996 3992 2121 4049 tra-

583 4112 834 4172 ctantes
889 4105 973 4167 de
1024 4107 1374 4178 erroribuS,
1438 4105 1551 4184 qui
1616 4110 1841 4168 contra
1896 4110 2125 4170 verita-

582 4234 713 4291 tem
784 4231 1095 4308 Baptismi
1140 4236 1575 4299 emerserunt,
1651 4233 1716 4289 et
1781 4230 2123 4306 speciatim

582 4345 738 4423 quid
774 4344 1120 4407 docuerint
1163 4344 1516 4424 Pelagiani,
1565 4349 1631 4404 et
1662 4342 2125 4419 responderint

579 4447 664 4508 ad
736 4446 858 4506 hoc
935 4449 1421 4523 argumentum,
1530 4440 1708 4520 quod
1796 4442 2127 4521 urgebant

576 4563 802 4623 Patres
849 4577 931 4622 ex
985 4557 1190 4620 forma
1254 4560 1592 4634 Baptismi,
1630 4562 1720 4644 ⁹et
1765 4562 2124 4618 consuetu-

580 4681 731 4743 dine
788 4679 1096 4739 Ecclesiae
1152 4676 1577 4738 exorcizantis
1628 4679 1693 4736 et
1736 4665 2124 4750 baptizantis

579 4793 885 4877 parvulos
940 4797 1005 4855 in
1049 4794 1504 4856 remissionem
1560 4797 2005 4870 peccatorum,
2053 4798 2125 4855 ut

248 4944 521 4998 Vaeillatio
578 4919 759 4993 patet
802 4929 884 4974 ex
912 4911 1207 4990 pluribus
1252 4909 1410 4972 locis
1452 4910 1820 4988 Augustini,
1876 4909 2123 4972 ibidem

259 5006 816 5099 haeretic⁰’‘citatiS,
883 5025 1065 5089 divisi
1125 5031 1279 5087 sunt
1336 5026 1401 5087 in
1461 5025 1624 5086 duas
1681 5033 1941 5102 partes;
2018 5027 2123 5086 alii

317 5085 452 5132 rum,

253 5131 518 5246 (ιέἑηῗῑζξὶ
578 5145 1015 5209 admittebant
1059 5145 1371 5221 baptizari
1421 5160 1535 5206 eos
1566 5146 1628 5204 in
1670 5143 2120 5205 remissionem

226 5257 513 5384 afgsgffiffin
579 5263 1053 5343 peccati,{unon
1107 5261 1461 5341 originaliS‚
1523 5261 1704 5340 quod
1760 5263 2118 5342 negabant,

253 5383 491 5451 Prosper.
527 5364 539 5377 ⁰
577 5383 699 5444 sed
760 5379 1057 5453 actualiS,
1103 5380 1278 5459 quod
1343 5379 1599 5457 propria
1660 5380 2025 5459 voluntate,
2057 5382 2122 5443 in

576 5501 860 5581 parvulis
913 5504 1013 5561 est
1059 5502 1498 5562 commissum.
1562 5500 1679 5562 Alii
1722 5519 1878 5563 vero
1941 5500 2122 5564 dice-

575 5621 737 5683 bant
790 5620 1104 5700 baptizari
1180 5625 1428 5682 tantum
1487 5627 1558 5681 ut
1612 5620 2124 5700 ingrederentur

1716 434 1859 495 LlB.
1893 432 1992 496 lV.
2043 428 2639 494 SENTENTIARUM

2228 605 2511 668 regnum
2583 589 2914 661 coelorum,
2976 602 3108 649 non
3180 586 3246 648 in
3315 581 3774 646 remissionem

2233 707 2516 781 peccati3
2569 705 2651 766 de
2698 706 2935 783 quibus
2975 702 3124 764 fuse
3166 700 3568 780 Augustinus
3617 698 3776 758 locis

2229 841 2424 901 supra
2487 826 2712 899 citatiS‚
2793 825 2980 904 cujus
3035 822 3418 901 ‚doctrinam
3478 817 3776 879 secutum

2232 948 2332 1004 est
2373 944 2730 1007 Concilium
2778 943 3242 1015 Milevitanum,
3293 940 3394 1001 cui
3460 935 3772 1006 interfuit,

2233 1068 2296 1121 et
2355 1060 2651 1121 conditor
2715 1077 2861 1121 cum
2918 1059 3191 1137 reliquis
3247 1056 3451 1133 ipsius
3495 1052 3776 1114 Canonis

2229 1176 2372 1250 fuit,
2446 1184 2520 1240 ut
2556 1156 2564 1162 ’
2607 1178 2909 1254 Prosper,
2959 1175 3246 1235 carmine
3323 1172 3407 1234 de
3477 1169 3773 1250 ingralIS,

2232 1296 2512 1373 loquens
2572 1293 2656 1355 de
2707 1309 2785 1354 eo
2848 1292 3132 1353 Concilio
3170 1309 3184 1350 :
3218 1292 3363 1369 βαι·
3404 1290 3542 1350 dux
3584 1291 3778 1345 Aure-

2235 1413 2765 1487 lius,‘inqenium
2822 1411 3212 1485 Auqustinus
3254 1410 3420 1477 erat,
3486 1407 3612 1465 etc.
3674 1402 3777 1462 Vi-

2240 1526 2471 1587 deatur
2537 1527 2734 1585 etiam
2793 1523 3067 1599 epistola
3135 1517 3464 1599 Synodica
3535 1515 3619 1577 ad
3677 1516 3779 1576 ln-

2237 1640 2644 1712 nocentium,
2708 1642 2774 1699 et
2831 1637 2954 1697 alia
3014 1632 3374 1697 innocentii
3424 1629 3507 1691 ad
3562 1630 3783 1690 Patres

2237 1758 2500 1822 Concilii
2561 1756 2931 1828 Milevitani,
2980 1753 3218 1832 quibus
3263 1764 3499 1811 sensus
3555 1747 3780 1808 Eccle-

2235 1875 2341 1936 siae
2389 1872 2784 1934 declaratur.

2317 1987 2444 2049 Sed
2493 1989 2709 2049 omnia
2763 1984 3024 2046 remitto
3072 1978 3291 2060 quoad
3342 1978 3467 2039 hoc
3519 1975 3603 2038 ad
3634 1976 3780 2037 loca

2235 2104 2580 2183 Augustini
2663 2117 2860 2178 supra
2932 2098 3146 2172 citata,
3221 2101 3287 2158 et
3369 2093 3781 2171 apertissime

2233 2218 2555 2298 colligitur
2585 2233 2667 2277 ex
2713 2215 2926 2278 verbis
2969 2210 3530 2290 subsequentibus
3577 2206 3780 2283 ipsius

2233 2335 2616 2409 Tridentini,
2676 2333 3000 2394 rationem
3055 2329 3522 2409 subjungentis
3577 2326 3775 2387 dicto·
3832 2350 4068 2404 ‘ri-idem.

2234 2470 2381 2515 rum
2426 2470 2507 2513 ex
2564 2452 2898 2529 Apostolo,
2949 2454 3016 2511 et
3058 2446 3606 2524 interpretatione
3667 2445 3777 2506 Ec-

2239 2572 2446 2633 clesiae
2481 2590 2495 2631 ε
2537 2574 2874 2641 Quoniam,
2933 2568 3163 2645 inquit,
3211 2581 3331 2625 non
3380 2563 3574 2626 aliter
3601 2562 3776 2625 intet-

2235 2691 2562 2766 tiqendum
2593 2692 2680 2746 est
2725 2688 2790 2746 in
2833 2683 3007 2759 quod
3046 2684 3215 2743 dixit
3256 2679 3648 2765 Apostolusz·
3663 2694 3784 2755 per
3859 2732 3869 2739 .

2237 2824 2436 2867 unum
2467 2807 2790 2867 hominem
2828 2809 3165 2882 peccatum
3192 2799 3469 2880 „intravit
3497 2793 3778 2877 injmun·

2237 2929 2413 2993 dum,
2478 2928 2535 2983 et
2590 2937 2710 2999 per
2778 2925 3118 2996 peccatum
3196 2931 3395 2989 mors,
3455 2919 3511 2975 et
3555 2914 3648 2973 ita
3715 2913 3786 2972 in

2235 3058 2450 3103 omnes
2490 3041 2776 3100 homines
2813 3035 3211 3113 pertransiit,
3270 3034 3337 3093 in
3393 3046 3519 3106 quo
3569 3045 3785 3091 omnes

2229 3163 2675 3236 peccaverunt,
2723 3156 2852 3216 nisi
2895 3151 3443 3229 quemadmodum
3503 3146 3780 3209 Ecclesia

2239 3275 2572 3338 Catholica
2637 3272 2874 3347 ubique
2917 3268 3158 3342 diffusa
3213 3282 3466 3342 semper
3525 3263 3773 3326 intelte-

2234 3395 2375 3466 ,τίη
2422 3395 2692 3469 propter
2747 3387 2916 3449 enim
2962 3384 3266 3460 requtam
3313 3383 3471 3458 fidei
3508 3397 3594 3442 ex
3633 3387 3772 3443 tra-

2236 3508 2472 3569 ditione
2542 3502 2987 3580 Apostolorum
3055 3499 3250 3559 etiam
3311 3495 3607 3572 parvuli,
3666 3495 3783 3570 qui

2236 3623 2399 3686 nihil
2431 3627 2848 3699 peecatorum
2879 3621 2944 3678 in
2972 3615 3327 3690 semetipsis
3372 3613 3583 3674 adhue
3612 3627 3778 3672 com-

2236 3745 2485 3803 mittere
2550 3743 2918 3815 potuerunt,
2990 3734 3132 3794 ideo
3202 3732 3270 3792 in
3347 3732 3782 3791 remissionem

2230 3864 2646 3938 peccatorum
2700 3854 3019 3913 veraciter
3090 3848 3521 3926 baptizantur,
3588 3850 3657 3904 ut
3716 3846 3784 3904 in

2235 3980 2325 4038 eis
2366 3972 2850 4050 reqeneratione
2893 3966 3257 4036 mundetur,
3311 3962 3485 4037 quod
3519 3976 3787 4036 ρεπεν-α-

2236 4097 2404 4156 tione
2435 4095 2891 4152 contraxerunt
2925 4100 2939 4113 ·
2978 4081 3109 4142 nisi
3140 4080 3312 4141 enim
3353 4080 3498 4154 quis
3523 4081 3789 4137 renatus

2233 4211 2457 4287 fuerit,
2514 4213 2640 4267 etc.
2688 4201 2936 4278 Quibus
2998 4197 3211 4268 verbis
3260 4194 3453 4256 totius
3504 4191 3784 4253 Canonis

2234 4324 2735 4388 fundamentum
2800 4318 3081 4379 habetur
3124 4329 3204 4375 ex
3262 4310 3612 4387 Scriptura,
3659 4313 3784 4368 tra-

2238 4444 2481 4506 ditione
2568 4437 2893 4505 Ecclesiae,
2967 4431 3173 4496 forma
3237 4425 3636 4519 baptizandi,
3717 4429 3782 4487 et

2236 4563 2634 4628 necessitate
2666 4552 2993 4634 baptismi.

2319 4683 2564 4742 Sensus
2644 4691 2802 4753 ergo
2879 4669 3161 4731 Canonis
3242 4664 3501 4741 planuS,
3578 4676 3776 4739 quem
3821 4650 4106 4713 Angustia.

2239 4798 2548 4874 colligere
2592 4794 2743 4853 licet
2789 4803 2869 4849 ex
2915 4781 3277 4862 Augustino
3335 4780 3525 4842 variis
3572 4778 3637 4838 in
3686 4776 3777 4837 10-

2238 4920 2351 4985 cis,
2387 4918 2456 4974 et
2482 4908 2852 4988 specialiter
2880 4904 2992 4965 tib.
3041 4901 3101 4961 2.
3151 4902 3226 4960 de
3268 4902 3530 4974 peccato
3572 4897 3781 4971 oriqi-

2240 5034 2396 5105 nati,
2448 5044 2589 5103 cap.
2644 5026 2743 5086 40.
2806 5022 2916 5100 qui
2952 5020 3077 5082 hoc
3121 5019 3507 5094 argumento
3551 5013 3774 5082 utitur,

2237 5164 2369 5211 non
2439 5142 2864 5214 simulatorie,
2954 5132 3077 5198 sed
3153 5128 3549 5210 dogmatice,
3628 5142 3779 5187 nam

2239 5281 2388 5327 cum
2428 5259 2758 5323 docuisset
2803 5269 3036 5316 omnes
3081 5248 3245 5312 filios
3300 5244 3532 5317 Adam,
3581 5243 3777 5305 etiam

2236 5399 2272 5443 a
2325 5377 2702 5461 parentibus
2765 5369 3163 5442 Christianis,
3230 5380 3378 5428 esse
3434 5361 3557 5424 sub
3615 5377 3773 5439 pec-

2238 5502 2377 5558 cato
2443 5502 2507 5556 et
2584 5488 3028 5560 damnatione,
3103 5482 3317 5544 donec
3388 5477 3453 5539 in
3526 5475 3775 5538 Christo

2237 5618 2740 5699 regenerantur,
2806 5607 3084 5672 subdit:
3137 5577 3423 5681 Denique
3466 5602 3607 5678 ipsa
3664 5600 3775 5658 Ec-
