<?xml version="1.0" encoding="UTF-8"?>
<!DOCTYPE html PUBLIC "-//W3C//DTD XHTML 1.0 Transitional//EN"
    "http://www.w3.org/TR/xhtml1/DTD/xhtml1-transitional.dtd">
<html xmlns="http://www.w3.org/1999/xhtml" xml:lang="en" lang="en">
 <head>
  <title>
</title>
<meta http-equiv="Content-Type" content="text/html;charset=utf-8" />
  <meta name='ocr-system' content='tesseract 3.04.00' />
  <meta name='ocr-capabilities' content='ocr_page ocr_carea ocr_par ocr_line ocrx_word'/>
</head>
<body>
  <div class='ocr_page' id='page_1' title='image "./joannisdunsscot01waddgoog_0638.png"; bbox 0 0 4287 6313; ppageno 0'>
   <div class='ocr_carea' id='block_1_1' title="bbox 648 392 2782 459">
    <p class='ocr_par' dir='ltr' id='par_1_1' title="bbox 648 392 2782 459">
     <span class='ocr_line' id='line_1_1' title="bbox 648 392 2782 459; baseline 0.001 -3"><span class='ocrx_word' id='word_1_1' title='bbox 648 392 771 457; x_wconf 61' lang='lat'>692</span> <span class='ocrx_word' id='word_1_2' title='bbox 1836 395 1978 457; x_wconf 86' lang='lat' dir='ltr'><strong>LIB.</strong></span> <span class='ocrx_word' id='word_1_3' title='bbox 2028 395 2129 457; x_wconf 79' lang='grc' dir='ltr'>Ν.</span> <span class='ocrx_word' id='word_1_4' title='bbox 2186 393 2782 459; x_wconf 79' lang='lat' dir='ltr'>SENTENTIARUM</span> 
     </span>
    </p>
   </div>
   <div class='ocr_carea' id='block_1_2' title="bbox 590 551 4190 2504">
    <p class='ocr_par' dir='ltr' id='par_1_2' title="bbox 649 551 3856 1458">
     <span class='ocr_line' id='line_1_2' title="bbox 652 551 3834 646; baseline -0.001 -21"><span class='ocrx_word' id='word_1_5' title='bbox 652 553 1050 635; x_wconf 90' lang='lat' dir='ltr'>absoluta,</span> <span class='ocrx_word' id='word_1_6' title='bbox 1130 555 1292 627; x_wconf 91' lang='lat' dir='ltr'>imo</span> <span class='ocrx_word' id='word_1_7' title='bbox 1356 554 1655 628; x_wconf 85' lang='lat' dir='ltr'>sufficit</span> <span class='ocrx_word' id='word_1_8' title='bbox 1723 553 1802 626; x_wconf 93' lang='lat' dir='ltr'>in</span> <span class='ocrx_word' id='word_1_9' title='bbox 1880 552 2187 633; x_wconf 89' lang='lat' dir='ltr'>multis,</span> <span class='ocrx_word' id='word_1_10' title='bbox 2302 551 2537 624; x_wconf 90' lang='lat' dir='ltr'>domo</span> <span class='ocrx_word' id='word_1_11' title='bbox 2581 553 2870 646; x_wconf 89' lang='lat' dir='ltr'>patris,</span> <span class='ocrx_word' id='word_1_12' title='bbox 2917 573 3153 644; x_wconf 90' lang='lat' dir='ltr'>quem</span> <span class='ocrx_word' id='word_1_13' title='bbox 3184 572 3344 624; x_wconf 90' lang='lat' dir='ltr'>non</span> <span class='ocrx_word' id='word_1_14' title='bbox 3378 555 3644 645; x_wconf 88' lang='lat' dir='ltr'>potest</span> <span class='ocrx_word' id='word_1_15' title='bbox 3675 571 3834 624; x_wconf 89' lang='lat' dir='ltr'>non</span> 
     </span>
     <span class='ocr_line' id='line_1_3' title="bbox 652 668 3855 762; baseline -0 -21"><span class='ocrx_word' id='word_1_16' title='bbox 652 671 853 760; x_wconf 90' lang='lat' dir='ltr'>quod</span> <span class='ocrx_word' id='word_1_17' title='bbox 912 670 1019 743; x_wconf 90' lang='lat' dir='ltr'>sit</span> <span class='ocrx_word' id='word_1_18' title='bbox 1088 672 1647 744; x_wconf 89' lang='lat' dir='ltr'>tantummodo</span> <span class='ocrx_word' id='word_1_19' title='bbox 1708 670 2002 742; x_wconf 88' lang='lat' dir='ltr'>relatio</span> <span class='ocrx_word' id='word_1_20' title='bbox 2068 689 2192 739; x_wconf 89' lang='lat' dir='ltr'>ra·</span> <span class='ocrx_word' id='word_1_21' title='bbox 2303 668 2541 743; x_wconf 85' lang='lat' dir='ltr'>filius.</span> <span class='ocrx_word' id='word_1_22' title='bbox 2589 673 2691 745; x_wconf 90' lang='lat' dir='ltr'>Et</span> <span class='ocrx_word' id='word_1_23' title='bbox 2724 671 3048 746; x_wconf 89' lang='lat' dir='ltr'>iterum,</span> <span class='ocrx_word' id='word_1_24' title='bbox 3112 690 3360 762; x_wconf 88' lang='lat' dir='ltr'>nepos</span> <span class='ocrx_word' id='word_1_25' title='bbox 3445 668 3680 742; x_wconf 87' lang='lat' dir='ltr'>habet</span> <span class='ocrx_word' id='word_1_26' title='bbox 3715 669 3855 740; x_wconf 90' lang='lat' dir='ltr'>ali-</span> 
     </span>
     <span class='ocr_line' id='line_1_4' title="bbox 649 785 3853 880; baseline -0.001 -19"><span class='ocrx_word' id='word_1_27' title='bbox 649 787 925 861; x_wconf 82' lang='lat' dir='ltr'>tionis.</span> <span class='ocrx_word' id='word_1_28' title='bbox 999 786 1218 870; x_wconf 82' lang='lat' dir='ltr'>Quod</span> <span class='ocrx_word' id='word_1_29' title='bbox 1272 787 1672 880; x_wconf 89' lang='lat' dir='ltr'>probatur</span> <span class='ocrx_word' id='word_1_30' title='bbox 1757 785 2192 859; x_wconf 88' lang='lat' dir='ltr'>secundum</span> <span class='ocrx_word' id='word_1_31' title='bbox 2306 807 2547 877; x_wconf 91' lang='lat' dir='ltr'>quam</span> <span class='ocrx_word' id='word_1_32' title='bbox 2617 788 3206 861; x_wconf 83' lang='lat' dir='ltr'>auctoritatem</span> <span class='ocrx_word' id='word_1_33' title='bbox 3285 786 3724 879; x_wconf 80' lang='lat' dir='ltr'>exequendi</span> <span class='ocrx_word' id='word_1_34' title='bbox 3778 805 3853 857; x_wconf 89' lang='lat' dir='ltr'>a·</span> 
     </span>
     <span class='ocr_line' id='line_1_5' title="bbox 649 901 3851 995; baseline -0.001 -19"><span class='ocrx_word' id='word_1_35' title='bbox 649 924 814 981; x_wconf 92' lang='lat' dir='ltr'>eos,</span> <span class='ocrx_word' id='word_1_36' title='bbox 899 902 1087 995; x_wconf 87' lang='lat' dir='ltr'>quia</span> <span class='ocrx_word' id='word_1_37' title='bbox 1166 902 1748 995; x_wconf 91' lang='lat' dir='ltr'>Episcopatum</span> <span class='ocrx_word' id='word_1_38' title='bbox 1846 921 2005 973; x_wconf 91' lang='lat' dir='ltr'>non</span> <span class='ocrx_word' id='word_1_39' title='bbox 2081 901 2198 973; x_wconf 89' lang='lat' dir='ltr'>di-</span> <span class='ocrx_word' id='word_1_40' title='bbox 2313 902 2613 994; x_wconf 87' lang='lat' dir='ltr'>liquem</span> <span class='ocrx_word' id='word_1_41' title='bbox 2721 909 3020 987; x_wconf 87' lang='lat' dir='ltr'>actum,</span> <span class='ocrx_word' id='word_1_42' title='bbox 3086 904 3275 976; x_wconf 92' lang='lat' dir='ltr'>licet</span> <span class='ocrx_word' id='word_1_43' title='bbox 3347 901 3851 986; x_wconf 87' lang='lat' dir='ltr'>inferiorem,</span> 
     </span>
     <span class='ocr_line' id='line_1_6' title="bbox 650 1017 3856 1109; baseline -0.002 -17"><span class='ocrx_word' id='word_1_44' title='bbox 650 1025 846 1094; x_wconf 90' lang='lat' dir='ltr'>cunt</span> <span class='ocrx_word' id='word_1_45' title='bbox 884 1040 1062 1092; x_wconf 87' lang='lat' dir='ltr'>esse</span> <span class='ocrx_word' id='word_1_46' title='bbox 1114 1021 1475 1092; x_wconf 86' lang='lat' dir='ltr'>ordinem</span> <span class='ocrx_word' id='word_1_47' title='bbox 1535 1019 1757 1093; x_wconf 90' lang='lat' dir='ltr'>ultra</span> <span class='ocrx_word' id='word_1_48' title='bbox 1816 1017 2195 1092; x_wconf 83' lang='lat' dir='ltr'>Sacerdo-</span> <span class='ocrx_word' id='word_1_49' title='bbox 2311 1025 2546 1107; x_wconf 88' lang='lat' dir='ltr'>quem</span> <span class='ocrx_word' id='word_1_50' title='bbox 2577 1036 2734 1087; x_wconf 92' lang='lat' dir='ltr'>non</span> <span class='ocrx_word' id='word_1_51' title='bbox 2774 1019 3039 1109; x_wconf 90' lang='lat' dir='ltr'>potest</span> <span class='ocrx_word' id='word_1_52' title='bbox 3074 1037 3231 1088; x_wconf 91' lang='lat' dir='ltr'>non</span> <span class='ocrx_word' id='word_1_53' title='bbox 3266 1035 3552 1109; x_wconf 90' lang='lat' dir='ltr'>nepos;</span> <span class='ocrx_word' id='word_1_54' title='bbox 3601 1019 3680 1088; x_wconf 93' lang='lat' dir='ltr'>et</span> <span class='ocrx_word' id='word_1_55' title='bbox 3723 1034 3856 1109; x_wconf 93' lang='lat' dir='ltr'>po-</span> 
     </span>
     <span class='ocr_line' id='line_1_7' title="bbox 655 1130 3855 1229; baseline -0.003 -18"><span class='ocrx_word' id='word_1_56' title='bbox 655 1136 887 1217; x_wconf 91' lang='lat' dir='ltr'>tium,</span> <span class='ocrx_word' id='word_1_57' title='bbox 1006 1141 1278 1211; x_wconf 90' lang='lat' dir='ltr'>tamen</span> <span class='ocrx_word' id='word_1_58' title='bbox 1393 1135 1842 1229; x_wconf 79' lang='lat' dir='ltr'>Episcopus</span> <span class='ocrx_word' id='word_1_59' title='bbox 1956 1132 2198 1206; x_wconf 91' lang='lat' dir='ltr'>habet</span> <span class='ocrx_word' id='word_1_60' title='bbox 2308 1133 2566 1204; x_wconf 84' lang='lat' dir='ltr'>testas</span> <span class='ocrx_word' id='word_1_61' title='bbox 2614 1130 2773 1205; x_wconf 90' lang='lat' dir='ltr'>ista</span> <span class='ocrx_word' id='word_1_62' title='bbox 2817 1132 2931 1204; x_wconf 91' lang='lat' dir='ltr'>sic</span> <span class='ocrx_word' id='word_1_63' title='bbox 2968 1132 3492 1225; x_wconf 77' lang='lat' dir='ltr'>praecipiendi</span> <span class='ocrx_word' id='word_1_64' title='bbox 3551 1131 3678 1204; x_wconf 84' lang='lat' dir='ltr'>vel</span> <span class='ocrx_word' id='word_1_65' title='bbox 3712 1130 3855 1203; x_wconf 91' lang='lat' dir='ltr'>im-</span> 
     </span>
     <span class='ocr_line' id='line_1_8' title="bbox 656 1248 3855 1344; baseline -0.001 -20"><span class='ocrx_word' id='word_1_66' title='bbox 656 1255 1143 1344; x_wconf 90' lang='lat' dir='ltr'>potestatem</span> <span class='ocrx_word' id='word_1_67' title='bbox 1215 1252 1460 1326; x_wconf 89' lang='lat' dir='ltr'>talem</span> <span class='ocrx_word' id='word_1_68' title='bbox 1543 1250 2194 1333; x_wconf 75' lang='lat' dir='ltr'>ministerialem,</span> <span class='ocrx_word' id='word_1_69' title='bbox 2311 1248 2644 1340; x_wconf 88' lang='lat' dir='ltr'>perandi</span> <span class='ocrx_word' id='word_1_70' title='bbox 2679 1268 2841 1322; x_wconf 94' lang='lat' dir='ltr'>non</span> <span class='ocrx_word' id='word_1_71' title='bbox 2888 1252 3010 1323; x_wconf 91' lang='lat' dir='ltr'>est</span> <span class='ocrx_word' id='word_1_72' title='bbox 3053 1250 3211 1323; x_wconf 90' lang='lat' dir='ltr'>nisi</span> <span class='ocrx_word' id='word_1_73' title='bbox 3263 1249 3650 1342; x_wconf 80' lang='lat' dir='ltr'>cognatio</span> <span class='ocrx_word' id='word_1_74' title='bbox 3725 1249 3855 1321; x_wconf 83' lang='lat' dir='ltr'>vel</span> 
     </span>
     <span class='ocr_line' id='line_1_9' title="bbox 657 1364 2626 1458; baseline 0 -20"><span class='ocrx_word' id='word_1_75' title='bbox 657 1386 895 1458; x_wconf 89' lang='lat' dir='ltr'>quam</span> <span class='ocrx_word' id='word_1_76' title='bbox 965 1386 1126 1438; x_wconf 90' lang='lat' dir='ltr'>non</span> <span class='ocrx_word' id='word_1_77' title='bbox 1198 1365 1438 1439; x_wconf 91' lang='lat' dir='ltr'>habet</span> <span class='ocrx_word' id='word_1_78' title='bbox 1485 1385 1648 1436; x_wconf 92' lang='lat' dir='ltr'>non</span> <span class='ocrx_word' id='word_1_79' title='bbox 1691 1364 2140 1456; x_wconf 82' lang='lat' dir='ltr'>Episcopus</span> <span class='ocrx_word' id='word_1_80' title='bbox 2181 1389 2196 1446; x_wconf 88' lang='grc'>;</span> <span class='ocrx_word' id='word_1_81' title='bbox 2309 1364 2626 1438; x_wconf 79' lang='lat' dir='ltr'>filiatio.</span> 
     </span>
    </p>

    <p class='ocr_par' dir='ltr' id='par_1_3' title="bbox 656 1478 4072 1691">
     <span class='ocr_line' id='line_1_10' title="bbox 656 1478 4072 1576; baseline 0.001 -25"><span class='ocrx_word' id='word_1_82' title='bbox 656 1485 781 1554; x_wconf 91' lang='lat' dir='ltr'>est</span> <span class='ocrx_word' id='word_1_83' title='bbox 833 1480 1049 1553; x_wconf 89' lang='lat' dir='ltr'>enim</span> <span class='ocrx_word' id='word_1_84' title='bbox 1110 1480 1596 1553; x_wconf 87' lang='lat' dir='ltr'>conveniens</span> <span class='ocrx_word' id='word_1_85' title='bbox 1665 1478 2043 1553; x_wconf 73' lang='lat' dir='ltr'>minister</span> <span class='ocrx_word' id='word_1_86' title='bbox 2121 1479 2202 1550; x_wconf 89' lang='lat' dir='ltr'>in</span> <span class='ocrx_word' id='word_1_87' title='bbox 2405 1481 2533 1556; x_wconf 84' lang='lat' dir='ltr'>Sic</span> <span class='ocrx_word' id='word_1_88' title='bbox 2575 1481 2823 1555; x_wconf 92' lang='lat' dir='ltr'>etiam</span> <span class='ocrx_word' id='word_1_89' title='bbox 2873 1489 3218 1576; x_wconf 87' lang='lat' dir='ltr'>apparet</span> <span class='ocrx_word' id='word_1_90' title='bbox 3259 1485 3352 1556; x_wconf 89' lang='lat' dir='ltr'>ad</span> <span class='ocrx_word' id='word_1_91' title='bbox 3399 1483 3581 1555; x_wconf 90' lang='lat' dir='ltr'>illas</span> <span class='ocrx_word' id='word_1_92' title='bbox 3633 1486 3857 1574; x_wconf 91' lang='lat' dir='ltr'>pote-</span> <span class='ocrx_word' id='word_1_93' title='bbox 4017 1520 4072 1571; x_wconf 67' lang='lat' dir='ltr'>g,</span> 
     </span>
     <span class='ocr_line' id='line_1_11' title="bbox 662 1596 3860 1691; baseline 0 -25"><span class='ocrx_word' id='word_1_94' title='bbox 662 1597 983 1689; x_wconf 82' lang='lat' dir='ltr'>aliquod</span> <span class='ocrx_word' id='word_1_95' title='bbox 1025 1601 1237 1678; x_wconf 92' lang='lat' dir='ltr'>actu,</span> <span class='ocrx_word' id='word_1_96' title='bbox 1285 1598 1416 1670; x_wconf 88' lang='lat' dir='ltr'>cui</span> <span class='ocrx_word' id='word_1_97' title='bbox 1456 1599 1671 1672; x_wconf 90' lang='lat' dir='ltr'>Deus</span> <span class='ocrx_word' id='word_1_98' title='bbox 1715 1596 2058 1677; x_wconf 78' lang='lat' dir='ltr'>assistit,</span> <span class='ocrx_word' id='word_1_99' title='bbox 2114 1600 2205 1668; x_wconf 92' lang='lat' dir='ltr'>ut</span> <span class='ocrx_word' id='word_1_100' title='bbox 2316 1597 2600 1682; x_wconf 81' lang='lat' dir='ltr'>stateS,</span> <span class='ocrx_word' id='word_1_101' title='bbox 2638 1597 2729 1670; x_wconf 93' lang='lat' dir='ltr'>de</span> <span class='ocrx_word' id='word_1_102' title='bbox 2785 1596 3068 1691; x_wconf 81' lang='lat' dir='ltr'>quibus</span> <span class='ocrx_word' id='word_1_103' title='bbox 3121 1599 3508 1690; x_wconf 83' lang='lat' dir='ltr'>arguitur</span> <span class='ocrx_word' id='word_1_104' title='bbox 3550 1599 3628 1672; x_wconf 90' lang='lat' dir='ltr'>in</span> <span class='ocrx_word' id='word_1_105' title='bbox 3690 1617 3860 1691; x_wconf 89' lang='lat' dir='ltr'>spe-</span> 
     </span>
    </p>

    <p class='ocr_par' dir='ltr' id='par_1_4' title="bbox 659 1711 3862 2042">
     <span class='ocr_line' id='line_1_12' title="bbox 662 1711 3859 1806; baseline -0.001 -17"><span class='ocrx_word' id='word_1_106' title='bbox 662 1717 743 1789; x_wconf 94' lang='lat' dir='ltr'>in</span> <span class='ocrx_word' id='word_1_107' title='bbox 784 1721 970 1790; x_wconf 90' lang='lat' dir='ltr'>actu</span> <span class='ocrx_word' id='word_1_108' title='bbox 1025 1716 1466 1799; x_wconf 86' lang='lat' dir='ltr'>ordinandi,</span> <span class='ocrx_word' id='word_1_109' title='bbox 1503 1722 1582 1791; x_wconf 93' lang='lat' dir='ltr'>et</span> <span class='ocrx_word' id='word_1_110' title='bbox 1614 1738 1774 1789; x_wconf 94' lang='lat' dir='ltr'>non</span> <span class='ocrx_word' id='word_1_111' title='bbox 1819 1716 2206 1790; x_wconf 89' lang='lat' dir='ltr'>similiter</span> <span class='ocrx_word' id='word_1_112' title='bbox 2317 1711 2535 1782; x_wconf 89' lang='lat' dir='ltr'>ciali.</span> <span class='ocrx_word' id='word_1_113' title='bbox 2607 1714 2814 1785; x_wconf 90' lang='lat' dir='ltr'>Nam</span> <span class='ocrx_word' id='word_1_114' title='bbox 2867 1718 3232 1806; x_wconf 88' lang='lat' dir='ltr'>potestas</span> <span class='ocrx_word' id='word_1_115' title='bbox 3315 1713 3737 1788; x_wconf 85' lang='lat' dir='ltr'>ordinandi</span> <span class='ocrx_word' id='word_1_116' title='bbox 3778 1720 3859 1787; x_wconf 92' lang='lat' dir='ltr'>et</span> 
     </span>
     <span class='ocr_line' id='line_1_13' title="bbox 659 1827 3862 1924; baseline 0 -21"><span class='ocrx_word' id='word_1_117' title='bbox 659 1832 1117 1915; x_wconf 74' lang='lat' dir='ltr'>assisteret,</span> <span class='ocrx_word' id='word_1_118' title='bbox 1183 1833 1250 1904; x_wconf 90' lang='lat' dir='ltr'>si</span> <span class='ocrx_word' id='word_1_119' title='bbox 1293 1831 1506 1904; x_wconf 91' lang='lat' dir='ltr'>alter</span> <span class='ocrx_word' id='word_1_120' title='bbox 1543 1853 1704 1904; x_wconf 91' lang='lat' dir='ltr'>non</span> <span class='ocrx_word' id='word_1_121' title='bbox 1755 1831 2205 1924; x_wconf 89' lang='lat' dir='ltr'>Episcopus</span> <span class='ocrx_word' id='word_1_122' title='bbox 2313 1827 2871 1910; x_wconf 87' lang='lat' dir='ltr'>confirmandi,</span> <span class='ocrx_word' id='word_1_123' title='bbox 2916 1830 2983 1902; x_wconf 86' lang='lat' dir='ltr'>si</span> <span class='ocrx_word' id='word_1_124' title='bbox 3028 1836 3153 1905; x_wconf 84' lang='lat' dir='ltr'>est</span> <span class='ocrx_word' id='word_1_125' title='bbox 3211 1831 3504 1912; x_wconf 85' lang='lat' dir='ltr'>activa,</span> <span class='ocrx_word' id='word_1_126' title='bbox 3543 1851 3706 1902; x_wconf 91' lang='lat' dir='ltr'>non</span> <span class='ocrx_word' id='word_1_127' title='bbox 3735 1835 3862 1904; x_wconf 87' lang='lat' dir='ltr'>est</span> 
     </span>
     <span class='ocr_line' id='line_1_14' title="bbox 659 1943 3857 2042; baseline 0 -23"><span class='ocrx_word' id='word_1_128' title='bbox 659 1952 1204 2042; x_wconf 86' lang='lat' dir='ltr'>exequeretur</span> <span class='ocrx_word' id='word_1_129' title='bbox 1263 1948 1616 2022; x_wconf 87' lang='lat' dir='ltr'>similem</span> <span class='ocrx_word' id='word_1_130' title='bbox 1661 1951 1960 2021; x_wconf 89' lang='lat' dir='ltr'>actum.</span> <span class='ocrx_word' id='word_1_131' title='bbox 2008 1952 2204 2022; x_wconf 88' lang='lat' dir='ltr'>Con·</span> <span class='ocrx_word' id='word_1_132' title='bbox 2320 1943 2476 2015; x_wconf 83' lang='lat' dir='ltr'>nisi</span> <span class='ocrx_word' id='word_1_133' title='bbox 2528 1946 2622 2017; x_wconf 92' lang='lat' dir='ltr'>ad</span> <span class='ocrx_word' id='word_1_134' title='bbox 2694 1946 3316 2022; x_wconf 85' lang='lat' dir='ltr'>ministrandum</span> <span class='ocrx_word' id='word_1_135' title='bbox 3386 1947 3857 2021; x_wconf 87' lang='lat' dir='ltr'>convenien-</span> 
     </span>
    </p>

    <p class='ocr_par' dir='ltr' id='par_1_5' title="bbox 590 2059 3861 2157">
     <span class='ocr_line' id='line_1_15' title="bbox 590 2059 3861 2157; baseline 0 -21"><span class='ocrx_word' id='word_1_136' title='bbox 590 2063 597 2070; x_wconf 80' lang='grc'><em>’</em></span> <span class='ocrx_word' id='word_1_137' title='bbox 663 2065 1050 2137; x_wconf 89' lang='lat' dir='ltr'>similiter</span> <span class='ocrx_word' id='word_1_138' title='bbox 1125 2065 1625 2139; x_wconf 88' lang='lat' dir='ltr'>constitutus</span> <span class='ocrx_word' id='word_1_139' title='bbox 1679 2065 1922 2156; x_wconf 90' lang='lat' dir='ltr'>judex</span> <span class='ocrx_word' id='word_1_140' title='bbox 1982 2063 2048 2135; x_wconf 91' lang='lat' dir='ltr'>si</span> <span class='ocrx_word' id='word_1_141' title='bbox 2100 2064 2206 2137; x_wconf 83' lang='lat' dir='ltr'>fe·</span> <span class='ocrx_word' id='word_1_142' title='bbox 2317 2063 2448 2133; x_wconf 89' lang='lat' dir='ltr'>ter</span> <span class='ocrx_word' id='word_1_143' title='bbox 2480 2059 2561 2132; x_wconf 92' lang='lat' dir='ltr'>in</span> <span class='ocrx_word' id='word_1_144' title='bbox 2594 2061 2740 2135; x_wconf 90' lang='lat' dir='ltr'>tali</span> <span class='ocrx_word' id='word_1_145' title='bbox 2786 2066 2969 2136; x_wconf 88' lang='lat' dir='ltr'>actu</span> <span class='ocrx_word' id='word_1_146' title='bbox 3000 2065 3150 2136; x_wconf 90' lang='lat' dir='ltr'>tali</span> <span class='ocrx_word' id='word_1_147' title='bbox 3186 2065 3652 2147; x_wconf 89' lang='lat' dir='ltr'>domino‚ut</span> <span class='ocrx_word' id='word_1_148' title='bbox 3686 2066 3861 2157; x_wconf 90' lang='lat' dir='ltr'>ipse</span> 
     </span>
    </p>

    <p class='ocr_par' dir='ltr' id='par_1_6' title="bbox 663 2177 4190 2504">
     <span class='ocr_line' id='line_1_16' title="bbox 663 2177 3868 2274; baseline 0 -22"><span class='ocrx_word' id='word_1_149' title='bbox 663 2184 797 2253; x_wconf 92' lang='lat' dir='ltr'>rat</span> <span class='ocrx_word' id='word_1_150' title='bbox 866 2180 1379 2261; x_wconf 90' lang='lat' dir='ltr'>sententiam,</span> <span class='ocrx_word' id='word_1_151' title='bbox 1473 2180 1875 2253; x_wconf 89' lang='lat' dir='ltr'>sententia</span> <span class='ocrx_word' id='word_1_152' title='bbox 1936 2183 2202 2261; x_wconf 90' lang='lat' dir='ltr'>tenet;</span> <span class='ocrx_word' id='word_1_153' title='bbox 2320 2177 2417 2249; x_wconf 92' lang='lat' dir='ltr'>ad</span> <span class='ocrx_word' id='word_1_154' title='bbox 2460 2182 2733 2250; x_wconf 91' lang='lat' dir='ltr'>actum</span> <span class='ocrx_word' id='word_1_155' title='bbox 2773 2178 3396 2254; x_wconf 84' lang='lat' dir='ltr'>ministerialem</span> <span class='ocrx_word' id='word_1_156' title='bbox 3456 2180 3868 2274; x_wconf 86' lang='lat' dir='ltr'>hujusmo-</span> 
     </span>
     <span class='ocr_line' id='line_1_17' title="bbox 671 2294 3866 2392; baseline 0.001 -25"><span class='ocrx_word' id='word_1_157' title='bbox 671 2295 900 2388; x_wconf 86' lang='lat' dir='ltr'>prius</span> <span class='ocrx_word' id='word_1_158' title='bbox 959 2301 1232 2369; x_wconf 90' lang='lat' dir='ltr'>autem</span> <span class='ocrx_word' id='word_1_159' title='bbox 1312 2314 1472 2367; x_wconf 92' lang='lat' dir='ltr'>non</span> <span class='ocrx_word' id='word_1_160' title='bbox 1532 2295 1957 2375; x_wconf 90' lang='lat' dir='ltr'>tenuisset,</span> <span class='ocrx_word' id='word_1_161' title='bbox 2022 2294 2210 2386; x_wconf 90' lang='lat' dir='ltr'>quia</span> <span class='ocrx_word' id='word_1_162' title='bbox 2319 2294 2395 2365; x_wconf 88' lang='lat' dir='ltr'>di</span> <span class='ocrx_word' id='word_1_163' title='bbox 2472 2295 2844 2380; x_wconf 88' lang='lat' dir='ltr'>assistat,</span> <span class='ocrx_word' id='word_1_164' title='bbox 2915 2298 3320 2389; x_wconf 86' lang='lat' dir='ltr'>operando</span> <span class='ocrx_word' id='word_1_165' title='bbox 3401 2297 3866 2392; x_wconf 89' lang='lat' dir='ltr'>principali-</span> 
     </span>
     <span class='ocr_line' id='line_1_18' title="bbox 667 2409 4190 2504; baseline -0.001 -20"><span class='ocrx_word' id='word_1_166' title='bbox 667 2410 1071 2485; x_wconf 91' lang='lat' dir='ltr'>sententia</span> <span class='ocrx_word' id='word_1_167' title='bbox 1147 2431 1194 2483; x_wconf 89' lang='lat' dir='ltr'>a</span> <span class='ocrx_word' id='word_1_168' title='bbox 1262 2431 1421 2482; x_wconf 92' lang='lat' dir='ltr'>non</span> <span class='ocrx_word' id='word_1_169' title='bbox 1484 2432 1630 2483; x_wconf 91' lang='lat' dir='ltr'>suo</span> <span class='ocrx_word' id='word_1_170' title='bbox 1684 2410 1952 2503; x_wconf 87' lang='lat' dir='ltr'>judice</span> <span class='ocrx_word' id='word_1_171' title='bbox 2007 2409 2205 2491; x_wconf 89' lang='lat' dir='ltr'>lata,</span> <span class='ocrx_word' id='word_1_172' title='bbox 2324 2414 2475 2492; x_wconf 88' lang='lat' dir='ltr'>ter,</span> <span class='ocrx_word' id='word_1_173' title='bbox 2530 2431 2624 2483; x_wconf 92' lang='lat' dir='ltr'>eo</span> <span class='ocrx_word' id='word_1_174' title='bbox 2687 2411 2918 2484; x_wconf 91' lang='lat' dir='ltr'>modo</span> <span class='ocrx_word' id='word_1_175' title='bbox 2988 2434 3143 2504; x_wconf 88' lang='lat' dir='ltr'>quo</span> <span class='ocrx_word' id='word_1_176' title='bbox 3202 2434 3364 2486; x_wconf 90' lang='lat' dir='ltr'>non</span> <span class='ocrx_word' id='word_1_177' title='bbox 3431 2415 3859 2488; x_wconf 88' lang='lat' dir='ltr'>assisteret</span> <span class='ocrx_word' id='word_1_178' title='bbox 3915 2433 4190 2485; x_wconf 78' lang='lat' dir='ltr'>character</span> 
     </span>
    </p>
   </div>
   <div class='ocr_carea' id='block_1_3' title="bbox 659 2496 4213 2739">
    <p class='ocr_par' dir='ltr' id='par_1_7' title="bbox 659 2496 4213 2739">
     <span class='ocr_line' id='line_1_19' title="bbox 663 2496 4213 2621; baseline 0.002 -20"><span class='ocrx_word' id='word_1_179' title='bbox 663 2530 889 2602; x_wconf 89' lang='lat' dir='ltr'>nulla</span> <span class='ocrx_word' id='word_1_180' title='bbox 928 2531 1051 2602; x_wconf 92' lang='lat' dir='ltr'>est</span> <span class='ocrx_word' id='word_1_181' title='bbox 1086 2529 1261 2621; x_wconf 89' lang='lat' dir='ltr'>ipso</span> <span class='ocrx_word' id='word_1_182' title='bbox 1299 2530 1529 2621; x_wconf 82' lang='lat' dir='ltr'>jure:</span> <span class='ocrx_word' id='word_1_183' title='bbox 1575 2549 1717 2601; x_wconf 90' lang='lat' dir='ltr'>nec</span> <span class='ocrx_word' id='word_1_184' title='bbox 1760 2533 2030 2602; x_wconf 91' lang='lat' dir='ltr'>tamen</span> <span class='ocrx_word' id='word_1_185' title='bbox 2074 2527 2210 2600; x_wconf 92' lang='lat' dir='ltr'>ille</span> <span class='ocrx_word' id='word_1_186' title='bbox 2325 2526 2574 2599; x_wconf 88' lang='lat' dir='ltr'>simili</span> <span class='ocrx_word' id='word_1_187' title='bbox 2627 2528 3086 2603; x_wconf 88' lang='lat' dir='ltr'>ministerio</span> <span class='ocrx_word' id='word_1_188' title='bbox 3129 2530 3488 2604; x_wconf 87' lang='lat' dir='ltr'>exhibito</span> <span class='ocrx_word' id='word_1_189' title='bbox 3523 2532 3622 2603; x_wconf 87' lang='lat' dir='ltr'>ab</span> <span class='ocrx_word' id='word_1_190' title='bbox 3667 2531 3855 2604; x_wconf 89' lang='lat' dir='ltr'>alio.</span> <span class='ocrx_word' id='word_1_191' title='bbox 3901 2496 4213 2610; x_wconf 45' lang='lat' dir='ltr'>mtffffl*</span> 
     </span>
     <span class='ocr_line' id='line_1_20' title="bbox 659 2643 2211 2739; baseline -0.003 -20"><span class='ocrx_word' id='word_1_192' title='bbox 659 2647 930 2739; x_wconf 89' lang='lat' dir='ltr'>judex,</span> <span class='ocrx_word' id='word_1_193' title='bbox 972 2665 1118 2718; x_wconf 90' lang='lat' dir='ltr'>nec</span> <span class='ocrx_word' id='word_1_194' title='bbox 1150 2645 1285 2717; x_wconf 92' lang='lat' dir='ltr'>ille</span> <span class='ocrx_word' id='word_1_195' title='bbox 1320 2645 1770 2738; x_wconf 89' lang='lat' dir='ltr'>Episcopus</span> <span class='ocrx_word' id='word_1_196' title='bbox 1805 2643 2043 2717; x_wconf 90' lang='lat' dir='ltr'>habet</span> <span class='ocrx_word' id='word_1_197' title='bbox 2071 2643 2211 2715; x_wconf 90' lang='lat' dir='ltr'>ali-</span> 
     </span>
    </p>
   </div>
   <div class='ocr_carea' id='block_1_4' title="bbox 661 2629 4212 5295">
    <p class='ocr_par' dir='ltr' id='par_1_8' title="bbox 661 2629 4212 5295">
     <span class='ocr_line' id='line_1_21' title="bbox 2325 2629 4212 2745; baseline 0.001 -28"><span class='ocrx_word' id='word_1_198' title='bbox 2325 2644 2773 2720; x_wconf 87' lang='lat' dir='ltr'>Character</span> <span class='ocrx_word' id='word_1_199' title='bbox 2822 2653 3095 2722; x_wconf 90' lang='lat' dir='ltr'>autem</span> <span class='ocrx_word' id='word_1_200' title='bbox 3157 2647 3716 2741; x_wconf 76' lang='lat' dir='ltr'>BaptismaliS,</span> <span class='ocrx_word' id='word_1_201' title='bbox 3792 2650 3860 2720; x_wconf 91' lang='lat' dir='ltr'>si</span> <span class='ocrx_word' id='word_1_202' title='bbox 3914 2629 4212 2745; x_wconf 51' lang='grc' dir='ltr'>,ὼξζζῖξζ</span> 
     </span>
     <span class='ocr_line' id='line_1_22' title="bbox 666 2760 2208 2855; baseline -0.003 -20"><span class='ocrx_word' id='word_1_203' title='bbox 666 2782 902 2855; x_wconf 91' lang='lat' dir='ltr'>quam</span> <span class='ocrx_word' id='word_1_204' title='bbox 952 2762 1304 2834; x_wconf 85' lang='lat' dir='ltr'>formam</span> <span class='ocrx_word' id='word_1_205' title='bbox 1363 2760 1821 2836; x_wconf 86' lang='lat' dir='ltr'>absolutam</span> <span class='ocrx_word' id='word_1_206' title='bbox 1877 2760 2208 2843; x_wconf 85' lang='lat' dir='ltr'>realem,</span> 
     </span>
     <span class='ocr_line' id='line_1_23' title="bbox 661 2875 2209 2957; baseline -0.002 -8"><span class='ocrx_word' id='word_1_207' title='bbox 661 2898 805 2952; x_wconf 91' lang='lat' dir='ltr'>nec</span> <span class='ocrx_word' id='word_1_208' title='bbox 848 2877 1065 2952; x_wconf 86' lang='lat' dir='ltr'>forte</span> <span class='ocrx_word' id='word_1_209' title='bbox 1135 2877 1591 2957; x_wconf 85' lang='lat' dir='ltr'>relativam,</span> <span class='ocrx_word' id='word_1_210' title='bbox 1664 2875 1825 2948; x_wconf 89' lang='lat' dir='ltr'>nisi</span> <span class='ocrx_word' id='word_1_211' title='bbox 1890 2878 2209 2949; x_wconf 89' lang='lat' dir='ltr'>tantum</span> 
     </span>
     <span class='ocr_line' id='line_1_24' title="bbox 666 2990 2208 3085; baseline -0.004 -21"><span class='ocrx_word' id='word_1_212' title='bbox 666 2993 1038 3076; x_wconf 83' lang='lat' dir='ltr'>rationiS,</span> <span class='ocrx_word' id='word_1_213' title='bbox 1091 3012 1330 3085; x_wconf 90' lang='lat' dir='ltr'>quam</span> <span class='ocrx_word' id='word_1_214' title='bbox 1364 2993 1593 3084; x_wconf 90' lang='lat' dir='ltr'>prius</span> <span class='ocrx_word' id='word_1_215' title='bbox 1634 3012 1792 3062; x_wconf 89' lang='lat' dir='ltr'>non</span> <span class='ocrx_word' id='word_1_216' title='bbox 1836 2990 2208 3063; x_wconf 86' lang='lat' dir='ltr'>habebat.</span> 
     </span>
     <span class='ocr_line' id='line_1_25' title="bbox 662 3107 2216 3184; baseline -0.004 0"><span class='ocrx_word' id='word_1_217' title='bbox 662 3112 821 3184; x_wconf 90' lang='lat' dir='ltr'>Per</span> <span class='ocrx_word' id='word_1_218' title='bbox 864 3110 1089 3184; x_wconf 89' lang='lat' dir='ltr'>illam</span> <span class='ocrx_word' id='word_1_219' title='bbox 1150 3109 1366 3184; x_wconf 91' lang='lat' dir='ltr'>enim</span> <span class='ocrx_word' id='word_1_220' title='bbox 1427 3108 1911 3182; x_wconf 85' lang='lat' dir='ltr'>relationem</span> <span class='ocrx_word' id='word_1_221' title='bbox 1967 3107 2216 3181; x_wconf 90' lang='lat' dir='ltr'>ratio-</span> 
     </span>
     <span class='ocr_line' id='line_1_26' title="bbox 662 3224 2217 3321; baseline -0.002 -23"><span class='ocrx_word' id='word_1_222' title='bbox 662 3228 814 3310; x_wconf 89' lang='lat' dir='ltr'>nis,</span> <span class='ocrx_word' id='word_1_223' title='bbox 888 3249 1046 3320; x_wconf 90' lang='lat' dir='ltr'>qua</span> <span class='ocrx_word' id='word_1_224' title='bbox 1119 3228 1291 3321; x_wconf 89' lang='lat' dir='ltr'>ipse</span> <span class='ocrx_word' id='word_1_225' title='bbox 1344 3248 1391 3299; x_wconf 92' lang='lat' dir='ltr'>a</span> <span class='ocrx_word' id='word_1_226' title='bbox 1433 3225 1799 3320; x_wconf 90' lang='lat' dir='ltr'>principe</span> <span class='ocrx_word' id='word_1_227' title='bbox 1860 3224 2217 3298; x_wconf 89' lang='lat' dir='ltr'>institui-</span> 
     </span>
     <span class='ocr_line' id='line_1_27' title="bbox 661 3340 2216 3435; baseline -0.003 -20"><span class='ocrx_word' id='word_1_228' title='bbox 661 3346 803 3415; x_wconf 89' lang='lat' dir='ltr'>tur</span> <span class='ocrx_word' id='word_1_229' title='bbox 862 3345 1132 3435; x_wconf 90' lang='lat' dir='ltr'>judex,</span> <span class='ocrx_word' id='word_1_230' title='bbox 1177 3343 1558 3416; x_wconf 88' lang='lat' dir='ltr'>voluntas</span> <span class='ocrx_word' id='word_1_231' title='bbox 1620 3340 2012 3434; x_wconf 87' lang='lat' dir='ltr'>principis</span> <span class='ocrx_word' id='word_1_232' title='bbox 2093 3359 2216 3412; x_wconf 86' lang='lat' dir='ltr'>ra-</span> 
     </span>
     <span class='ocr_line' id='line_1_28' title="bbox 664 3457 2219 3540; baseline -0.004 -6"><span class='ocrx_word' id='word_1_233' title='bbox 664 3460 925 3536; x_wconf 87' lang='lat' dir='ltr'>tificat</span> <span class='ocrx_word' id='word_1_234' title='bbox 994 3460 1479 3533; x_wconf 87' lang='lat' dir='ltr'>sententiam</span> <span class='ocrx_word' id='word_1_235' title='bbox 1537 3458 1636 3531; x_wconf 90' lang='lat' dir='ltr'>ab</span> <span class='ocrx_word' id='word_1_236' title='bbox 1676 3479 1770 3531; x_wconf 95' lang='lat' dir='ltr'>eo</span> <span class='ocrx_word' id='word_1_237' title='bbox 1820 3457 2101 3540; x_wconf 88' lang='lat' dir='ltr'>latam,</span> <span class='ocrx_word' id='word_1_238' title='bbox 2136 3461 2219 3530; x_wconf 90' lang='lat' dir='ltr'>et</span> 
     </span>
     <span class='ocr_line' id='line_1_29' title="bbox 666 3575 2214 3658; baseline -0.002 -9"><span class='ocrx_word' id='word_1_239' title='bbox 666 3578 838 3650; x_wconf 87' lang='lat' dir='ltr'>vult</span> <span class='ocrx_word' id='word_1_240' title='bbox 907 3598 1088 3651; x_wconf 88' lang='lat' dir='ltr'>eam</span> <span class='ocrx_word' id='word_1_241' title='bbox 1179 3575 1645 3658; x_wconf 82' lang='lat' dir='ltr'>observari3</span> <span class='ocrx_word' id='word_1_242' title='bbox 1708 3596 1870 3647; x_wconf 92' lang='lat' dir='ltr'>non</span> <span class='ocrx_word' id='word_1_243' title='bbox 1944 3580 2214 3649; x_wconf 89' lang='lat' dir='ltr'>autem</span> 
     </span>
     <span class='ocr_line' id='line_1_30' title="bbox 673 3692 2218 3768; baseline -0.004 -1"><span class='ocrx_word' id='word_1_244' title='bbox 673 3694 1034 3768; x_wconf 87' lang='lat' dir='ltr'>ratificat</span> <span class='ocrx_word' id='word_1_245' title='bbox 1103 3692 1590 3767; x_wconf 89' lang='lat' dir='ltr'>sententiam</span> <span class='ocrx_word' id='word_1_246' title='bbox 1653 3692 1996 3765; x_wconf 90' lang='lat' dir='ltr'>alterius</span> <span class='ocrx_word' id='word_1_247' title='bbox 2056 3711 2218 3763; x_wconf 91' lang='lat' dir='ltr'>non</span> 
     </span>
     <span class='ocr_line' id='line_1_31' title="bbox 671 3808 2218 3903; baseline -0.004 -17"><span class='ocrx_word' id='word_1_248' title='bbox 671 3811 1101 3886; x_wconf 85' lang='lat' dir='ltr'>constituti</span> <span class='ocrx_word' id='word_1_249' title='bbox 1170 3810 1489 3903; x_wconf 79' lang='lat' dir='ltr'>judicis,</span> <span class='ocrx_word' id='word_1_250' title='bbox 1553 3829 1698 3882; x_wconf 91' lang='lat' dir='ltr'>nec</span> <span class='ocrx_word' id='word_1_251' title='bbox 1739 3810 1915 3883; x_wconf 85' lang='lat' dir='ltr'>vult</span> <span class='ocrx_word' id='word_1_252' title='bbox 1993 3808 2218 3881; x_wconf 90' lang='lat' dir='ltr'>illam</span> 
     </span>
     <span class='ocr_line' id='line_1_32' title="bbox 680 3923 2218 4017; baseline -0.004 -17"><span class='ocrx_word' id='word_1_253' title='bbox 680 3928 1124 4000; x_wconf 87' lang='lat' dir='ltr'>observari.</span> <span class='ocrx_word' id='word_1_254' title='bbox 1196 3929 1295 4000; x_wconf 90' lang='lat' dir='ltr'>Et</span> <span class='ocrx_word' id='word_1_255' title='bbox 1375 3926 1489 3997; x_wconf 92' lang='lat' dir='ltr'>ita</span> <span class='ocrx_word' id='word_1_256' title='bbox 1555 3925 1709 3997; x_wconf 89' lang='lat' dir='ltr'>iste</span> <span class='ocrx_word' id='word_1_257' title='bbox 1780 3944 1923 4017; x_wconf 91' lang='lat' dir='ltr'>per</span> <span class='ocrx_word' id='word_1_258' title='bbox 1991 3923 2218 3995; x_wconf 89' lang='lat' dir='ltr'>illam</span> 
     </span>
     <span class='ocr_line' id='line_1_33' title="bbox 671 4036 2220 4129; baseline -0.001 -19"><span class='ocrx_word' id='word_1_259' title='bbox 671 4039 1221 4115; x_wconf 88' lang='lat' dir='ltr'>habitudinem</span> <span class='ocrx_word' id='word_1_260' title='bbox 1291 4040 1384 4112; x_wconf 90' lang='lat' dir='ltr'>ad</span> <span class='ocrx_word' id='word_1_261' title='bbox 1434 4038 1943 4112; x_wconf 87' lang='lat' dir='ltr'>voluntatem</span> <span class='ocrx_word' id='word_1_262' title='bbox 2004 4036 2220 4129; x_wconf 90' lang='lat' dir='ltr'>prin-</span> 
     </span>
     <span class='ocr_line' id='line_1_34' title="bbox 690 4152 2226 4250; baseline -0.003 -21"><span class='ocrx_word' id='word_1_263' title='bbox 690 4156 924 4250; x_wconf 76' lang='lat' dir='ltr'>cipiS,</span> <span class='ocrx_word' id='word_1_264' title='bbox 989 4157 1227 4229; x_wconf 89' lang='lat' dir='ltr'>habet</span> <span class='ocrx_word' id='word_1_265' title='bbox 1306 4158 1800 4248; x_wconf 90' lang='lat' dir='ltr'>potestatem</span> <span class='ocrx_word' id='word_1_266' title='bbox 1864 4152 2226 4225; x_wconf 90' lang='lat' dir='ltr'>ministe-</span> 
     </span>
     <span class='ocr_line' id='line_1_35' title="bbox 671 4271 2220 4368; baseline -0.005 -20"><span class='ocrx_word' id='word_1_267' title='bbox 671 4276 963 4348; x_wconf 88' lang='lat' dir='ltr'>rialem</span> <span class='ocrx_word' id='word_1_268' title='bbox 1000 4279 1370 4368; x_wconf 88' lang='lat' dir='ltr'>respectu</span> <span class='ocrx_word' id='word_1_269' title='bbox 1412 4271 1832 4366; x_wconf 78' lang='lat' dir='ltr'>principiS,</span> <span class='ocrx_word' id='word_1_270' title='bbox 1872 4274 1958 4344; x_wconf 91' lang='lat' dir='ltr'>ut</span> <span class='ocrx_word' id='word_1_271' title='bbox 2003 4272 2220 4364; x_wconf 90' lang='lat' dir='ltr'>prin·</span> 
     </span>
     <span class='ocr_line' id='line_1_36' title="bbox 670 4389 2219 4486; baseline -0.005 -21"><span class='ocrx_word' id='word_1_272' title='bbox 670 4392 958 4486; x_wconf 87' lang='lat' dir='ltr'>cipalis</span> <span class='ocrx_word' id='word_1_273' title='bbox 1031 4389 1349 4484; x_wconf 83' lang='lat' dir='ltr'>agentis</span> <span class='ocrx_word' id='word_1_274' title='bbox 1412 4391 1510 4462; x_wconf 87' lang='lat' dir='ltr'>ad</span> <span class='ocrx_word' id='word_1_275' title='bbox 1556 4390 1904 4481; x_wconf 85' lang='lat' dir='ltr'>aliquem</span> <span class='ocrx_word' id='word_1_276' title='bbox 1948 4391 2219 4461; x_wconf 90' lang='lat' dir='ltr'>actum</span> 
     </span>
     <span class='ocr_line' id='line_1_37' title="bbox 668 4498 2221 4598; baseline -0.006 -16"><span class='ocrx_word' id='word_1_277' title='bbox 668 4498 1254 4582; x_wconf 83' lang='lat' dir='ltr'>convenienter</span> <span class='ocrx_word' id='word_1_278' title='bbox 1331 4506 1881 4598; x_wconf 91' lang='lat' dir='ltr'>exequendum</span> <span class='ocrx_word' id='word_1_279' title='bbox 1994 4502 2221 4576; x_wconf 90' lang='lat' dir='ltr'>mini-</span> 
     </span>
     <span class='ocr_line' id='line_1_38' title="bbox 670 4620 2226 4716; baseline -0.005 -17"><span class='ocrx_word' id='word_1_280' title='bbox 670 4625 1152 4705; x_wconf 85' lang='lat' dir='ltr'>sterialiter,</span> <span class='ocrx_word' id='word_1_281' title='bbox 1194 4645 1431 4716; x_wconf 90' lang='lat' dir='ltr'>quem</span> <span class='ocrx_word' id='word_1_282' title='bbox 1470 4622 1641 4696; x_wconf 89' lang='lat' dir='ltr'>sine</span> <span class='ocrx_word' id='word_1_283' title='bbox 1701 4623 1850 4695; x_wconf 89' lang='lat' dir='ltr'>tali</span> <span class='ocrx_word' id='word_1_284' title='bbox 1904 4620 2226 4694; x_wconf 90' lang='lat' dir='ltr'>relatio·</span> 
     </span>
     <span class='ocr_line' id='line_1_39' title="bbox 668 4740 2223 4834; baseline -0.005 -19"><span class='ocrx_word' id='word_1_285' title='bbox 668 4765 769 4815; x_wconf 91' lang='lat' dir='ltr'>ne</span> <span class='ocrx_word' id='word_1_286' title='bbox 837 4762 998 4815; x_wconf 93' lang='lat' dir='ltr'>non</span> <span class='ocrx_word' id='word_1_287' title='bbox 1058 4743 1333 4834; x_wconf 91' lang='lat' dir='ltr'>posset</span> <span class='ocrx_word' id='word_1_288' title='bbox 1403 4740 1985 4813; x_wconf 86' lang='lat' dir='ltr'>convenienter</span> <span class='ocrx_word' id='word_1_289' title='bbox 2041 4758 2223 4809; x_wconf 90' lang='lat' dir='ltr'>exe-</span> 
     </span>
     <span class='ocr_line' id='line_1_40' title="bbox 683 4852 2227 4949; baseline -0.005 -21"><span class='ocrx_word' id='word_1_290' title='bbox 683 4856 870 4949; x_wconf 88' lang='lat' dir='ltr'>qui;</span> <span class='ocrx_word' id='word_1_291' title='bbox 916 4857 996 4928; x_wconf 91' lang='lat' dir='ltr'>et</span> <span class='ocrx_word' id='word_1_292' title='bbox 1040 4855 1296 4927; x_wconf 89' lang='lat' dir='ltr'>multo</span> <span class='ocrx_word' id='word_1_293' title='bbox 1357 4854 1619 4945; x_wconf 86' lang='lat' dir='ltr'>magis</span> <span class='ocrx_word' id='word_1_294' title='bbox 1681 4857 1956 4946; x_wconf 87' lang='lat' dir='ltr'>posset</span> <span class='ocrx_word' id='word_1_295' title='bbox 2021 4852 2227 4923; x_wconf 86' lang='lat' dir='ltr'>rela-</span> 
     </span>
     <span class='ocr_line' id='line_1_41' title="bbox 672 4966 2225 5063; baseline -0.005 -17"><span class='ocrx_word' id='word_1_296' title='bbox 672 4974 793 5046; x_wconf 89' lang='lat' dir='ltr'>tio</span> <span class='ocrx_word' id='word_1_297' title='bbox 881 4993 1023 5044; x_wconf 85' lang='lat' dir='ltr'>rea</span> <span class='ocrx_word' id='word_1_298' title='bbox 1061 4972 1185 5055; x_wconf 84' lang='lat' dir='ltr'>lis,</span> <span class='ocrx_word' id='word_1_299' title='bbox 1225 4971 1293 5043; x_wconf 88' lang='lat' dir='ltr'>si</span> <span class='ocrx_word' id='word_1_300' title='bbox 1373 4971 1700 5052; x_wconf 88' lang='lat' dir='ltr'>inesset,</span> <span class='ocrx_word' id='word_1_301' title='bbox 1775 4970 1965 5063; x_wconf 90' lang='lat' dir='ltr'>poni</span> <span class='ocrx_word' id='word_1_302' title='bbox 2035 4966 2225 5042; x_wconf 89' lang='lat' dir='ltr'>talis</span> 
     </span>
     <span class='ocr_line' id='line_1_42' title="bbox 684 5085 2230 5182; baseline -0.003 -21"><span class='ocrx_word' id='word_1_303' title='bbox 684 5093 1051 5182; x_wconf 89' lang='lat' dir='ltr'>potestas</span> <span class='ocrx_word' id='word_1_304' title='bbox 1136 5088 1719 5162; x_wconf 84' lang='lat' dir='ltr'>convenienter</span> <span class='ocrx_word' id='word_1_305' title='bbox 1790 5085 2230 5177; x_wconf 82' lang='lat' dir='ltr'>exequendi</span> 
     </span>
     <span class='ocr_line' id='line_1_43' title="bbox 685 5204 2224 5295; baseline -0.005 -16"><span class='ocrx_word' id='word_1_306' title='bbox 685 5205 1348 5280; x_wconf 90' lang='lat' dir='ltr'>ministerialiter</span> <span class='ocrx_word' id='word_1_307' title='bbox 1462 5204 1815 5295; x_wconf 91' lang='lat' dir='ltr'>aliquem</span> <span class='ocrx_word' id='word_1_308' title='bbox 1923 5205 2224 5274; x_wconf 90' lang='lat' dir='ltr'>actum.</span> 
     </span>
    </p>
   </div>
   <div class='ocr_carea' id='block_1_5' title="bbox 2326 2762 3877 4936">
    <p class='ocr_par' dir='ltr' id='par_1_9' title="bbox 2326 2762 3877 4936">
     <span class='ocr_line' id='line_1_44' title="bbox 2326 2762 3863 2861; baseline 0.004 -27"><span class='ocrx_word' id='word_1_309' title='bbox 2326 2762 2661 2854; x_wconf 90' lang='lat' dir='ltr'>ponitur</span> <span class='ocrx_word' id='word_1_310' title='bbox 2724 2768 3089 2856; x_wconf 85' lang='lat' dir='ltr'>potestas</span> <span class='ocrx_word' id='word_1_311' title='bbox 3141 2767 3490 2858; x_wconf 85' lang='lat' dir='ltr'>passiva,</span> <span class='ocrx_word' id='word_1_312' title='bbox 3527 2788 3689 2839; x_wconf 89' lang='lat' dir='ltr'>non</span> <span class='ocrx_word' id='word_1_313' title='bbox 3729 2788 3863 2861; x_wconf 92' lang='lat' dir='ltr'>po-</span> 
     </span>
     <span class='ocr_line' id='line_1_45' title="bbox 2327 2878 3852 2976; baseline 0.005 -27"><span class='ocrx_word' id='word_1_314' title='bbox 2327 2878 2553 2952; x_wconf 91' lang='lat' dir='ltr'>nitur</span> <span class='ocrx_word' id='word_1_315' title='bbox 2612 2881 2965 2973; x_wconf 85' lang='lat' dir='ltr'>passiva,</span> <span class='ocrx_word' id='word_1_316' title='bbox 3037 2903 3181 2957; x_wconf 92' lang='lat' dir='ltr'>nec</span> <span class='ocrx_word' id='word_1_317' title='bbox 3261 2887 3346 2956; x_wconf 89' lang='lat' dir='ltr'>ut</span> <span class='ocrx_word' id='word_1_318' title='bbox 3408 2884 3852 2976; x_wconf 85' lang='lat' dir='ltr'>receptiva,</span> 
     </span>
     <span class='ocr_line' id='line_1_46' title="bbox 2328 2997 3868 3092; baseline 0.004 -27"><span class='ocrx_word' id='word_1_319' title='bbox 2328 3015 2581 3086; x_wconf 91' lang='lat' dir='ltr'>neque</span> <span class='ocrx_word' id='word_1_320' title='bbox 2652 3000 2739 3070; x_wconf 92' lang='lat' dir='ltr'>ut</span> <span class='ocrx_word' id='word_1_321' title='bbox 2806 2997 3015 3070; x_wconf 86' lang='lat' dir='ltr'>ratio</span> <span class='ocrx_word' id='word_1_322' title='bbox 3116 2999 3552 3092; x_wconf 88' lang='lat' dir='ltr'>recipiendi</span> <span class='ocrx_word' id='word_1_323' title='bbox 3623 2999 3868 3083; x_wconf 68' lang='lat' dir='ltr'>mihil</span> 
     </span>
     <span class='ocr_line' id='line_1_47' title="bbox 2326 3110 3870 3211; baseline 0.007 -29"><span class='ocrx_word' id='word_1_324' title='bbox 2326 3110 2540 3184; x_wconf 91' lang='lat' dir='ltr'>enim</span> <span class='ocrx_word' id='word_1_325' title='bbox 2585 3111 2952 3190; x_wconf 88' lang='lat' dir='ltr'>absolute</span> <span class='ocrx_word' id='word_1_326' title='bbox 2989 3122 3259 3208; x_wconf 90' lang='lat' dir='ltr'>potest</span> <span class='ocrx_word' id='word_1_327' title='bbox 3300 3117 3666 3211; x_wconf 90' lang='lat' dir='ltr'>recipere</span> <span class='ocrx_word' id='word_1_328' title='bbox 3700 3120 3870 3193; x_wconf 91' lang='lat' dir='ltr'>ani-</span> 
     </span>
     <span class='ocr_line' id='line_1_48' title="bbox 2334 3228 3870 3328; baseline 0.006 -29"><span class='ocrx_word' id='word_1_329' title='bbox 2334 3248 2464 3299; x_wconf 91' lang='lat' dir='ltr'>ma</span> <span class='ocrx_word' id='word_1_330' title='bbox 2525 3228 2941 3321; x_wconf 84' lang='lat' dir='ltr'>baptizati,</span> <span class='ocrx_word' id='word_1_331' title='bbox 2998 3233 3202 3325; x_wconf 92' lang='lat' dir='ltr'>quod</span> <span class='ocrx_word' id='word_1_332' title='bbox 3251 3255 3410 3307; x_wconf 90' lang='lat' dir='ltr'>non</span> <span class='ocrx_word' id='word_1_333' title='bbox 3459 3235 3718 3328; x_wconf 88' lang='lat' dir='ltr'>possit</span> <span class='ocrx_word' id='word_1_334' title='bbox 3754 3257 3870 3308; x_wconf 85' lang='lat' dir='ltr'>rc·</span> 
     </span>
     <span class='ocr_line' id='line_1_49' title="bbox 2332 3344 3867 3444; baseline 0.007 -28"><span class='ocrx_word' id='word_1_335' title='bbox 2332 3344 2601 3437; x_wconf 91' lang='lat' dir='ltr'>cipere</span> <span class='ocrx_word' id='word_1_336' title='bbox 2661 3349 2935 3421; x_wconf 80' lang='lat' dir='ltr'>anima</span> <span class='ocrx_word' id='word_1_337' title='bbox 2995 3370 3153 3422; x_wconf 90' lang='lat' dir='ltr'>non</span> <span class='ocrx_word' id='word_1_338' title='bbox 3225 3351 3670 3444; x_wconf 87' lang='lat' dir='ltr'>baptizati;</span> <span class='ocrx_word' id='word_1_339' title='bbox 3735 3355 3867 3426; x_wconf 92' lang='lat' dir='ltr'>sed</span> 
     </span>
     <span class='ocr_line' id='line_1_50' title="bbox 2329 3467 3870 3559; baseline 0.007 -27"><span class='ocrx_word' id='word_1_340' title='bbox 2329 3467 2452 3535; x_wconf 88' lang='lat' dir='ltr'>est</span> <span class='ocrx_word' id='word_1_341' title='bbox 2521 3468 2884 3555; x_wconf 84' lang='lat' dir='ltr'>potestas</span> <span class='ocrx_word' id='word_1_342' title='bbox 2949 3470 3310 3559; x_wconf 79' lang='lat' dir='ltr'>quaedam</span> <span class='ocrx_word' id='word_1_343' title='bbox 3365 3470 3721 3545; x_wconf 83' lang='lat' dir='ltr'>relativa</span> <span class='ocrx_word' id='word_1_344' title='bbox 3779 3472 3870 3543; x_wconf 91' lang='lat' dir='ltr'>de</span> 
     </span>
     <span class='ocr_line' id='line_1_51' title="bbox 2331 3582 3870 3679; baseline 0.005 -30"><span class='ocrx_word' id='word_1_345' title='bbox 2331 3597 2697 3670; x_wconf 81' lang='lat' dir='ltr'>congruo</span> <span class='ocrx_word' id='word_1_346' title='bbox 2760 3582 3135 3658; x_wconf 89' lang='lat' dir='ltr'>ordinata</span> <span class='ocrx_word' id='word_1_347' title='bbox 3193 3605 3240 3656; x_wconf 92' lang='lat' dir='ltr'>a</span> <span class='ocrx_word' id='word_1_348' title='bbox 3301 3585 3734 3679; x_wconf 89' lang='lat' dir='ltr'>principali</span> <span class='ocrx_word' id='word_1_349' title='bbox 3793 3605 3870 3657; x_wconf 92' lang='lat' dir='ltr'>a-</span> 
     </span>
     <span class='ocr_line' id='line_1_52' title="bbox 2333 3696 3870 3796; baseline 0.007 -32"><span class='ocrx_word' id='word_1_350' title='bbox 2333 3700 2568 3783; x_wconf 77' lang='lat' dir='ltr'>gente</span> <span class='ocrx_word' id='word_1_351' title='bbox 2614 3696 3088 3789; x_wconf 90' lang='lat' dir='ltr'>disponente</span> <span class='ocrx_word' id='word_1_352' title='bbox 3121 3719 3366 3791; x_wconf 80' lang='lat' dir='ltr'>agere</span> <span class='ocrx_word' id='word_1_353' title='bbox 3418 3702 3497 3774; x_wconf 90' lang='lat' dir='ltr'>in</span> <span class='ocrx_word' id='word_1_354' title='bbox 3538 3722 3870 3796; x_wconf 90' lang='lat' dir='ltr'>passum</span> 
     </span>
     <span class='ocr_line' id='line_1_53' title="bbox 2331 3810 3874 3900; baseline 0.007 -20"><span class='ocrx_word' id='word_1_355' title='bbox 2331 3810 2630 3884; x_wconf 90' lang='lat' dir='ltr'>habens</span> <span class='ocrx_word' id='word_1_356' title='bbox 2687 3814 2936 3886; x_wconf 91' lang='lat' dir='ltr'>talem</span> <span class='ocrx_word' id='word_1_357' title='bbox 3006 3813 3384 3900; x_wconf 83' lang='lat' dir='ltr'>formam,</span> <span class='ocrx_word' id='word_1_358' title='bbox 3442 3822 3523 3892; x_wconf 91' lang='lat' dir='ltr'>et</span> <span class='ocrx_word' id='word_1_359' title='bbox 3580 3840 3742 3891; x_wconf 92' lang='lat' dir='ltr'>non</span> <span class='ocrx_word' id='word_1_360' title='bbox 3793 3819 3874 3891; x_wconf 91' lang='lat' dir='ltr'>in</span> 
     </span>
     <span class='ocr_line' id='line_1_54' title="bbox 2334 3927 3876 4021; baseline 0.007 -23"><span class='ocrx_word' id='word_1_361' title='bbox 2334 3927 2550 4000; x_wconf 88' lang='lat' dir='ltr'>aliud</span> <span class='ocrx_word' id='word_1_362' title='bbox 2595 3950 2952 4021; x_wconf 88' lang='lat' dir='ltr'>passum.</span> <span class='ocrx_word' id='word_1_363' title='bbox 3010 3932 3227 4005; x_wconf 88' lang='lat' dir='ltr'>Talis</span> <span class='ocrx_word' id='word_1_364' title='bbox 3274 3937 3545 4006; x_wconf 92' lang='lat' dir='ltr'>autem</span> <span class='ocrx_word' id='word_1_365' title='bbox 3607 3935 3876 4009; x_wconf 89' lang='lat' dir='ltr'>forma</span> 
     </span>
     <span class='ocr_line' id='line_1_55' title="bbox 2337 4041 3876 4142; baseline 0.007 -30"><span class='ocrx_word' id='word_1_366' title='bbox 2337 4041 2682 4117; x_wconf 84' lang='lat' dir='ltr'>relativa</span> <span class='ocrx_word' id='word_1_367' title='bbox 2722 4045 2814 4117; x_wconf 92' lang='lat' dir='ltr'>de</span> <span class='ocrx_word' id='word_1_368' title='bbox 2871 4066 3234 4138; x_wconf 84' lang='lat' dir='ltr'>congruo</span> <span class='ocrx_word' id='word_1_369' title='bbox 3287 4056 3661 4142; x_wconf 88' lang='lat' dir='ltr'>respectu</span> <span class='ocrx_word' id='word_1_370' title='bbox 3735 4052 3876 4123; x_wconf 89' lang='lat' dir='ltr'>ali-</span> 
     </span>
     <span class='ocr_line' id='line_1_56' title="bbox 2332 4159 3875 4258; baseline 0.006 -27"><span class='ocrx_word' id='word_1_371' title='bbox 2332 4159 2561 4254; x_wconf 90' lang='lat' dir='ltr'>cujus</span> <span class='ocrx_word' id='word_1_372' title='bbox 2613 4164 2928 4255; x_wconf 86' lang='lat' dir='ltr'>agentis</span> <span class='ocrx_word' id='word_1_373' title='bbox 2971 4164 3450 4258; x_wconf 86' lang='lat' dir='ltr'>principalis</span> <span class='ocrx_word' id='word_1_374' title='bbox 3512 4168 3875 4241; x_wconf 85' lang='lat' dir='ltr'>volunta-</span> 
     </span>
     <span class='ocr_line' id='line_1_57' title="bbox 2340 4276 3876 4371; baseline 0.008 -24"><span class='ocrx_word' id='word_1_375' title='bbox 2340 4276 2456 4347; x_wconf 88' lang='lat' dir='ltr'>rie</span> <span class='ocrx_word' id='word_1_376' title='bbox 2519 4283 2786 4371; x_wconf 90' lang='lat' dir='ltr'>potest</span> <span class='ocrx_word' id='word_1_377' title='bbox 2837 4302 3014 4353; x_wconf 89' lang='lat' dir='ltr'>esse</span> <span class='ocrx_word' id='word_1_378' title='bbox 3075 4282 3247 4354; x_wconf 88' lang='lat' dir='ltr'>sola</span> <span class='ocrx_word' id='word_1_379' title='bbox 3286 4283 3605 4367; x_wconf 89' lang='lat' dir='ltr'>relatio,</span> <span class='ocrx_word' id='word_1_380' title='bbox 3664 4284 3876 4359; x_wconf 89' lang='lat' dir='ltr'>sicut</span> 
     </span>
     <span class='ocr_line' id='line_1_58' title="bbox 2333 4395 3871 4493; baseline 0.005 -27"><span class='ocrx_word' id='word_1_381' title='bbox 2333 4395 2629 4486; x_wconf 88' lang='lat' dir='ltr'>aliquis</span> <span class='ocrx_word' id='word_1_382' title='bbox 2687 4396 3045 4490; x_wconf 88' lang='lat' dir='ltr'>disponit</span> <span class='ocrx_word' id='word_1_383' title='bbox 3109 4418 3355 4489; x_wconf 81' lang='lat' dir='ltr'>agere</span> <span class='ocrx_word' id='word_1_384' title='bbox 3416 4399 3714 4493; x_wconf 89' lang='lat' dir='ltr'>aliquid</span> <span class='ocrx_word' id='word_1_385' title='bbox 3795 4402 3871 4473; x_wconf 93' lang='lat' dir='ltr'>in</span> 
     </span>
     <span class='ocr_line' id='line_1_59' title="bbox 2335 4512 3876 4610; baseline 0.004 -27"><span class='ocrx_word' id='word_1_386' title='bbox 2335 4512 2711 4603; x_wconf 87' lang='lat' dir='ltr'>aliquem,</span> <span class='ocrx_word' id='word_1_387' title='bbox 2762 4514 2948 4608; x_wconf 89' lang='lat' dir='ltr'>quia</span> <span class='ocrx_word' id='word_1_388' title='bbox 2987 4513 3228 4596; x_wconf 87' lang='lat' dir='ltr'>filius,</span> <span class='ocrx_word' id='word_1_389' title='bbox 3275 4517 3401 4589; x_wconf 90' lang='lat' dir='ltr'>vel</span> <span class='ocrx_word' id='word_1_390' title='bbox 3451 4517 3635 4610; x_wconf 89' lang='lat' dir='ltr'>quia</span> <span class='ocrx_word' id='word_1_391' title='bbox 3695 4539 3876 4591; x_wconf 90' lang='lat' dir='ltr'>con-</span> 
     </span>
     <span class='ocr_line' id='line_1_60' title="bbox 2339 4629 3877 4725; baseline 0.006 -26"><span class='ocrx_word' id='word_1_392' title='bbox 2339 4629 2858 4720; x_wconf 82' lang='lat' dir='ltr'>sanguineus,</span> <span class='ocrx_word' id='word_1_393' title='bbox 2921 4631 3204 4704; x_wconf 89' lang='lat' dir='ltr'>nolens</span> <span class='ocrx_word' id='word_1_394' title='bbox 3259 4632 3877 4725; x_wconf 88' lang='lat' dir='ltr'>aliquidsimile</span> 
     </span>
     <span class='ocr_line' id='line_1_61' title="bbox 2339 4748 3877 4826; baseline 0.006 -9"><span class='ocrx_word' id='word_1_395' title='bbox 2339 4766 2688 4819; x_wconf 88' lang='lat' dir='ltr'>causare</span> <span class='ocrx_word' id='word_1_396' title='bbox 2732 4748 2810 4821; x_wconf 89' lang='lat' dir='ltr'>in</span> <span class='ocrx_word' id='word_1_397' title='bbox 2852 4769 3012 4820; x_wconf 92' lang='lat' dir='ltr'>non</span> <span class='ocrx_word' id='word_1_398' title='bbox 3045 4748 3385 4825; x_wconf 87' lang='lat' dir='ltr'>habente</span> <span class='ocrx_word' id='word_1_399' title='bbox 3450 4752 3693 4825; x_wconf 88' lang='lat' dir='ltr'>talem</span> <span class='ocrx_word' id='word_1_400' title='bbox 3759 4774 3877 4826; x_wconf 89' lang='lat' dir='ltr'>re·</span> 
     </span>
     <span class='ocr_line' id='line_1_62' title="bbox 2337 4861 2751 4936; baseline 0.007 -4"><span class='ocrx_word' id='word_1_401' title='bbox 2337 4861 2751 4936; x_wconf 91' lang='lat' dir='ltr'>lationem.</span> 
     </span>
    </p>
   </div>
   <div class='ocr_carea' id='block_1_6' title="bbox 2786 5109 3420 5174">
    <p class='ocr_par' dir='ltr' id='par_1_10' title="bbox 2786 5109 3420 5174">
     <span class='ocr_line' id='line_1_63' title="bbox 2786 5109 3420 5174; baseline 0.006 -4"><span class='ocrx_word' id='word_1_402' title='bbox 2786 5109 3420 5174; x_wconf 80' lang='lat' dir='ltr'>COMMENTARIUS.</span> 
     </span>
    </p>
   </div>
   <div class='ocr_carea' id='block_1_7' title="bbox 681 5316 2228 5651">
    <p class='ocr_par' dir='ltr' id='par_1_11' title="bbox 681 5316 2228 5651">
     <span class='ocr_line' id='line_1_64' title="bbox 689 5316 2221 5415; baseline -0.005 -19"><span class='ocrx_word' id='word_1_403' title='bbox 689 5326 925 5396; x_wconf 88' lang='lat' dir='ltr'>Patet</span> <span class='ocrx_word' id='word_1_404' title='bbox 978 5323 1191 5395; x_wconf 88' lang='lat' dir='ltr'>enim</span> <span class='ocrx_word' id='word_1_405' title='bbox 1246 5321 1449 5415; x_wconf 90' lang='lat' dir='ltr'>quod</span> <span class='ocrx_word' id='word_1_406' title='bbox 1491 5321 1705 5393; x_wconf 88' lang='lat' dir='ltr'>filius</span> <span class='ocrx_word' id='word_1_407' title='bbox 1771 5338 1924 5411; x_wconf 91' lang='lat' dir='ltr'>qua</span> <span class='ocrx_word' id='word_1_408' title='bbox 1980 5316 2221 5399; x_wconf 83' lang='lat' dir='ltr'>filius,</span> 
     </span>
     <span class='ocr_line' id='line_1_65' title="bbox 683 5437 2228 5538; baseline -0.006 -21"><span class='ocrx_word' id='word_1_409' title='bbox 683 5447 955 5538; x_wconf 86' lang='lat' dir='ltr'>potest</span> <span class='ocrx_word' id='word_1_410' title='bbox 1013 5441 1308 5513; x_wconf 85' lang='lat' dir='ltr'>habore</span> <span class='ocrx_word' id='word_1_411' title='bbox 1370 5439 1727 5532; x_wconf 87' lang='lat' dir='ltr'>aliquam</span> <span class='ocrx_word' id='word_1_412' title='bbox 1786 5437 2228 5511; x_wconf 88' lang='lat' dir='ltr'>auctorita-</span> 
     </span>
     <span class='ocr_line' id='line_1_66' title="bbox 681 5555 2228 5651; baseline -0.005 -17"><span class='ocrx_word' id='word_1_413' title='bbox 681 5565 846 5635; x_wconf 92' lang='lat' dir='ltr'>tem</span> <span class='ocrx_word' id='word_1_414' title='bbox 914 5558 1356 5651; x_wconf 87' lang='lat' dir='ltr'>exequendi</span> <span class='ocrx_word' id='word_1_415' title='bbox 1414 5557 1767 5649; x_wconf 90' lang='lat' dir='ltr'>aliquem</span> <span class='ocrx_word' id='word_1_416' title='bbox 1812 5561 2083 5629; x_wconf 90' lang='lat' dir='ltr'>actum</span> <span class='ocrx_word' id='word_1_417' title='bbox 2147 5555 2228 5627; x_wconf 93' lang='lat' dir='ltr'>in</span> 
     </span>
    </p>
   </div>
   <div class='ocr_carea' id='block_1_8' title="bbox 2420 5334 4110 5421">
    <p class='ocr_par' dir='ltr' id='par_1_12' title="bbox 2420 5334 4110 5421">
     <span class='ocr_line' id='line_1_67' title="bbox 2420 5334 4110 5421; baseline 0.001 -25"><span class='ocrx_word' id='word_1_418' title='bbox 2420 5334 2507 5417; x_wconf 82' lang='lat' dir='ltr'>(a)</span> <span class='ocrx_word' id='word_1_419' title='bbox 2540 5340 2836 5399; x_wconf 80' lang='lat' dir='ltr'>Secunda</span> <span class='ocrx_word' id='word_1_420' title='bbox 2882 5342 3053 5401; x_wconf 77' lang='lat' dir='ltr'>racio</span> <span class='ocrx_word' id='word_1_421' title='bbox 3103 5341 3293 5402; x_wconf 75' lang='lat' dir='ltr'>habet</span> <span class='ocrx_word' id='word_1_422' title='bbox 3335 5343 3532 5403; x_wconf 76' lang='lat' dir='ltr'>etiam</span> <span class='ocrx_word' id='word_1_423' title='bbox 3558 5346 3887 5421; x_wconf 75' lang='lat' dir='ltr'>majorem</span> <span class='ocrx_word' id='word_1_424' title='bbox 4063 5352 4110 5399; x_wconf 75' lang='lat' dir='ltr'>o.</span> 
     </span>
    </p>
   </div>
   <div class='ocr_carea' id='block_1_9' title="bbox 2338 5415 4215 5539">
    <p class='ocr_par' dir='ltr' id='par_1_13' title="bbox 2338 5415 4215 5539">
     <span class='ocr_line' id='line_1_68' title="bbox 2338 5415 4215 5539; baseline 0.006 -26"><span class='ocrx_word' id='word_1_425' title='bbox 2338 5452 2602 5527; x_wconf 79' lang='lat' dir='ltr'>salsam,</span> <span class='ocrx_word' id='word_1_426' title='bbox 2666 5459 2788 5515; x_wconf 84' lang='lat' dir='ltr'>etc.</span> <span class='ocrx_word' id='word_1_427' title='bbox 2856 5453 3247 5533; x_wconf 86' lang='lat' dir='ltr'>Oppositum</span> <span class='ocrx_word' id='word_1_428' title='bbox 3303 5457 3566 5538; x_wconf 83' lang='lat' dir='ltr'>majoris</span> <span class='ocrx_word' id='word_1_429' title='bbox 3626 5463 3877 5539; x_wconf 86' lang='lat' dir='ltr'>probat,</span> <span class='ocrx_word' id='word_1_430' title='bbox 3916 5415 4215 5526; x_wconf 54' lang='lat' dir='ltr'>Imsgcutfffi</span> 
     </span>
    </p>
   </div>
   <div class='ocr_carea' id='block_1_10' title="bbox 2340 5538 4188 5656">
    <p class='ocr_par' dir='ltr' id='par_1_14' title="bbox 2340 5538 4188 5656">
     <span class='ocr_line' id='line_1_69' title="bbox 2340 5538 4188 5656; baseline -0.022 12"><span class='ocrx_word' id='word_1_431' title='bbox 2340 5571 2491 5646; x_wconf 66' lang='lat' dir='ltr'>qnia</span> <span class='ocrx_word' id='word_1_432' title='bbox 2547 5567 2862 5633; x_wconf 73' lang='lat' dir='ltr'>fundatur</span> <span class='ocrx_word' id='word_1_433' title='bbox 2924 5574 3527 5652; x_wconf 75' lang='lat' dir='ltr'>proportionalitas,</span> <span class='ocrx_word' id='word_1_434' title='bbox 3585 5594 3739 5656; x_wconf 85' lang='lat' dir='ltr'>quae</span> <span class='ocrx_word' id='word_1_435' title='bbox 3785 5585 3885 5643; x_wconf 86' lang='lat' dir='ltr'>est</span> <span class='ocrx_word' id='word_1_436' title='bbox 3964 5538 4188 5591; x_wconf 53' lang='lat' dir='ltr'>numi*</span> 
     </span>
    </p>
   </div>
  </div>
 </body>
</html>
