4287 6313
548 398 628 462 88
1688 399 1832 462 [ΑΒ.
1881 398 1984 459 lv.
2029 398 2620 463 SENTENTlARUM

548 558 970 627 fundamento
1002 562 1339 629 astruitur.
1378 563 1553 627 Hanc
1601 572 1816 626 tamen
1848 557 2093 624 disser-

544 675 855 741 tationem
897 677 1236 744 brevitatis
1288 697 1482 744 causa
1539 676 1647 741 hic
1684 674 2088 753 omittemus,

543 793 693 879 quia
733 796 929 861 etiam
966 814 1276 861 concessa
1305 793 1414 858 tali
1467 791 1755 879 potentia
1789 789 2094 856 obedien·

541 908 701 991 tiali,
742 931 866 976 non
910 909 1208 997 sequitur
1255 929 1395 975 eam
1461 910 1672 974 facere
1730 907 1807 973 ad
1868 905 2094 972 termi-

544 1045 701 1091 num
768 1026 1140 1105 creationiS,
1178 1045 1390 1112 neque
1440 1036 1508 1090 ut
1584 1024 2092 1098 instrumentum

545 1143 903 1230 disponens
938 1142 1207 1228 praevie,
1245 1142 1396 1229 quia
1431 1141 1491 1207 id
1526 1151 1846 1228 repugnat
1876 1137 2094 1205 termi-

553 1281 636 1326 no
694 1258 1065 1340 creationis,
1122 1272 1192 1325 ut
1238 1272 1562 1346 supponat
1601 1255 2095 1345 dispositionem

546 1396 627 1442 ex
658 1389 839 1460 parte
880 1375 1140 1463 objecti,
1187 1397 1333 1442 cum
1389 1375 1640 1441 nullum
1683 1372 2042 1461 praeexigat
2076 1396 2090 1451 ;

545 1490 598 1556 si
678 1502 893 1556 autem
955 1513 1036 1557 ex
1105 1503 1287 1577 parte
1351 1491 1609 1578 agentis
1678 1510 1792 1576 per
1833 1490 2095 1554 modum

543 1606 824 1694 alicujus
856 1605 1420 1673 determinationis
1471 1606 1706 1692 prioris
1756 1604 1857 1670 vel
1887 1604 2096 1692 appli-

544 1723 848 1801 cationiS,
889 1722 1159 1808 perinde
1185 1722 1324 1788 lieri
1359 1733 1573 1808 potest
1612 1742 1648 1787 a
1678 1741 1872 1787 causa
1915 1721 2097 1808 prin-

547 1838 763 1925 cipali,
801 1838 1160 1904 secundum
1206 1837 1514 1904 virtutem
1560 1838 1870 1916 innatam,
1916 1848 1977 1902 et
2009 1849 2099 1903 ta-

549 1953 632 2019 lis
689 1952 1031 2040 dispositio
1082 1973 1209 2019 non
1269 1952 1585 2019 abstrahit
1655 1973 1691 2018 a
1756 1952 2094 2039 subject03

555 2094 713 2160 ergo
761 2073 839 2139 ad
880 2093 1022 2139 eam
1057 2072 1295 2139 frustra
1328 2072 1599 2159 lingitur
1629 2070 1913 2159 potentia
1955 2071 2101 2136 obe-

556 2188 884 2255 dientialis
915 2211 996 2254 ex
1035 2189 1158 2255 hoc
1189 2188 1421 2276 capite.

309 2346 421 2399 103.
644 2305 992 2391 Supposita
1062 2306 1277 2392 itaque
1344 2304 1447 2371 illa
1497 2304 1867 2370 conditione
1931 2302 2102 2369 eirca

561 2420 832 2486 formam
866 2422 1144 2487 activam
1187 2421 1632 2501 instrumenti,
1676 2433 1739 2486 et
1768 2420 2099 2487 communi

557 2536 879 2603 sententia
974 2536 1488 2622 Theologorum,
1578 2557 1705 2624 qua
1789 2538 2103 2603 asseritur

555 2658 758 2721 Deum
791 2672 986 2738 agere
1026 2651 1470 2740 principaliter
1512 2652 1576 2716 in
1633 2653 1810 2718 omni
1851 2655 2105 2722 actione

554 2790 770 2837 causae
838 2768 1166 2847 secundae,
1222 2781 1284 2834 et
1342 2768 1466 2835 hoc
1498 2768 1686 2834 modo
1746 2790 1873 2835 non
1916 2791 2105 2856 posse

555 2897 919 2952 creaturam
953 2905 1150 2969 agere
1181 2884 1622 2972 principaliter
1650 2885 1728 2950 ad
1761 2887 2105 2953 creationis

556 2999 935 3079 terminum,
984 2997 1046 3064 id
1095 3010 1216 3077 est,
1264 3001 1405 3066 sine
1444 3000 1976 3066 subordinatione
2028 3002 2104 3067 ad

558 3120 761 3184 Deum
830 3136 1094 3182 causam
1137 3116 1587 3203 superiorem;
1642 3117 1959 3184 sumendo
2018 3132 2107 3185 ta-

561 3254 712 3300 men
782 3253 1040 3299 causam
1121 3233 1548 3320 principalem
1610 3256 1725 3321 pro
1791 3256 1889 3314 ea,
1962 3258 2109 3322 quae

559 3348 696 3435 agit
728 3369 842 3434 per
889 3348 1205 3414 virtutem
1249 3349 1564 3427 innatam,
1603 3370 1750 3415 cum
1811 3350 2109 3416 subordi-

563 3463 822 3530 natione
865 3462 1173 3549 praedicta
1204 3463 1282 3530 ad
1315 3465 1592 3551 primam
1636 3486 1923 3546 causam,
1962 3466 2110 3533 lieet

563 3578 755 3645 etiam
792 3599 1003 3666 neque
1050 3592 1200 3667 agat
1239 3580 1316 3646 ad
1352 3580 1700 3646 terminum
1733 3582 2105 3662 creationis,

342 3747 426 3797 An
566 3706 677 3761 aut
707 3715 904 3781 agere
936 3697 1166 3781 possit,
1207 3708 1504 3783 superest
1532 3697 1825 3778 dubium,
1854 3719 1933 3763 an
1970 3698 2113 3764 haec

247 3806 497 3860 0⁰⁰0¹¹¹⁸i⁰
568 3812 900 3879 conclusio
950 3814 1254 3900 negativa
1314 3828 1609 3881 teneatur
1648 3816 1784 3882 sola
1838 3815 1986 3896 fide,
2030 3839 2111 3883 an

350 3877 417 3921 sit

215 3937 419 4060 fisicg'uffil
425 3934 542 4061 {¹121
570 3930 760 3995 etiam
796 3928 1045 3996 ratione
1085 3931 1342 4017 probari
1393 3932 1621 4017 possit.
1659 3936 1865 4019 Negat
1913 3936 2115 3998 Varro

242 4059 511 4111 sententia.
572 4045 930 4112 secundum
987 4048 1060 4112 in
1108 4050 1171 4113 2.
1217 4047 1372 4115 dist.
1431 4052 1454 4112 1
1515 4059 1738 4135 quoest.
1784 4052 1848 4116 6.
1884 4050 2117 4115 asserit

292 4126 468 4250 Χζέζῖ
572 4173 728 4218 vero
763 4153 1181 4241 Landulphus
1213 4157 1287 4221 in
1317 4161 1379 4222 4.
1426 4156 1580 4221 dise.
1615 4160 1668 4221 1.
1714 4168 1936 4241 quaesc.
1982 4163 2118 4223 het

213 4247 547 4361 Lgpfiffiglff⁸
581 4260 817 4335 andl.
867 4265 927 4326 1.
973 4263 1123 4347 quia
1154 4262 1322 4328 sicut
1353 4262 1640 4328 formalis
1672 4277 1733 4328 et
1767 4264 2115 4330 materialis

225 4374 542 4425 Fundamen·
575 4368 945 4434 necessario
977 4390 1045 4434 se
1092 4371 1387 4456 exigunt,
1446 4370 1531 4436 ita
1572 4370 1765 4436 etiam
1825 4371 2116 4438 efficiens

262 4445 497 4548 seggffdae
571 4476 917 4543 limitatum
960 4477 1166 4564 exigit
1198 4477 1528 4544 materiam
1572 4478 2114 4545 concomitantem

247 4564 514 4671 sentgpnae
570 4585 659 4650 ad
678 4586 832 4666 fieri
854 4584 969 4665 rei,
994 4586 1143 4671 quia
1176 4606 1380 4672 agens
1406 4586 1750 4651 limitatum
1787 4598 1918 4665 est;
1951 4590 2117 4652 Deus

239 4684 507 4799 affigi-¹:²12
570 4702 811 4769 autem,
858 4693 967 4778 qui
1001 4704 1101 4759 est
1140 4712 1336 4777 supra
1378 4702 1583 4757 totum
1616 4712 1828 4777 genus
1859 4695 2115 4780 agentis

275 4814 470 4860 mutuo.
571 4797 853 4877 limitati,
931 4819 1057 4865 non
1121 4799 1217 4866 sic
1271 4799 1473 4885 exigit
1534 4800 1893 4878 materiam,
1965 4803 2116 4887 quia

569 4925 710 4971 eam
744 4905 810 4971 in
841 4925 960 4971 sua
1001 4906 1246 4971 virtute
1274 4906 1571 4972 includit.

309 5058 463 5111 Ratio
659 5011 822 5078 Dicit
870 5023 1087 5078 autem
1148 5015 1402 5092 Doctor,
1442 5013 1614 5099 quod
1663 5013 1809 5081 licet
1843 5018 1988 5086 haec
2017 5040 2114 5086 ra-

219 5124 307 5176 ina
344 5128 427 5173 θεῖ
451 5139 542 5190 per
572 5119 660 5186 tio
692 5118 956 5186 fundata
997 5118 1060 5184 in
1130 5117 1517 5186 limitatione
1590 5125 1846 5209 agentis
1886 5127 2110 5209 creati,

270 5202 494 5322 33δῖιέιῖ
574 5236 658 5301 sit
687 5256 802 5322 per
832 5254 1118 5314 causam,
1154 5247 1372 5302 tamen
1405 5256 1533 5301 non
1574 5257 1719 5304 esse
1759 5239 1918 5307 adeo
1968 5241 2114 5328 plus

212 5311 541 5364 mamfesuor.
573 5363 790 5419 notam
823 5350 891 5417 in
932 5351 1054 5418 hac
1117 5352 1564 5439 generalitate,
1611 5375 1804 5441 quam
1841 5359 1926 5424 sit
1975 5359 2112 5446 ipsa

566 5467 921 5548 conclusio,
968 5466 1110 5537 ideo
1170 5469 1434 5536 tertium
1495 5471 1758 5538 modum
1811 5474 2114 5561 proponit

560 5586 700 5675 ipse
730 5589 963 5652 Doctor
1001 5587 1036 5672 g
1067 5589 1386 5676 sequenti.

2783 666 3183 725 SCHOLIUM.

2283 879 2460 935 Ponit
2516 877 2730 934 Doctor
2802 878 2926 932 tres
2981 873 3435 932 conclusiones,
3504 872 3758 929 Prima:

2213 979 2459 1047 Spiritus
2491 982 2708 1030 creatus
2738 990 2851 1028 non
2888 978 3063 1042 potest
3132 975 3528 1043 principaliter
3573 986 3761 1026 creare

2209 1078 2606 1141 substantiam,
2637 1073 2786 1144 quia
2817 1087 2937 1129 non
2979 1074 3179 1143 potest
3232 1068 3578 1141 producere
3636 1069 3759 1125 nisi

2209 1189 2324 1248 per
2380 1172 2865 1230 intellectionem
2916 1175 2977 1228 et
3005 1170 3388 1236 volitionem‚
3420 1182 3560 1240 quae
3616 1172 3762 1224 sunt

2212 1269 2582 1328 accidentia.
2642 1268 2923 1326 Secunda
2973 1288 2986 1325 ε
3028 1271 3230 1323 Forma
3285 1265 3603 1322 materialis
3647 1281 3759 1319 non

2211 1378 2287 1427 est
2325 1373 2591 1429 creabilis
2619 1387 2652 1423 a
2682 1375 2966 1439 creatura,
3018 1368 3167 1439 quia
3224 1382 3345 1425 non
3399 1370 3598 1437 potest
3624 1379 3760 1421 esse

2212 1471 2391 1543 prius
2422 1475 2641 1528 natura
2697 1483 2884 1540 quam
2925 1466 3239 1534 informet,
3291 1465 3571 1537 alioquin
3619 1477 3761 1535 pos-

2211 1573 2305 1626 set
2334 1573 2620 1638 separata
2670 1583 2705 1625 a
2770 1571 3058 1624 creatura
3087 1565 3471 1623 conservari.
3503 1564 3709 1620 Tertia
3742 1580 3756 1617 ε

2215 1671 2415 1723 Forma
2445 1668 2760 1721 materialis
2794 1682 2907 1720 non
2950 1670 3121 1734 potest
3148 1677 3360 1730 creare,
3393 1662 3541 1733 quia
3599 1662 3761 1718 sicut

2214 1765 2526 1838 dependet
2553 1781 2587 1822 a
2620 1764 2880 1821 materia
2911 1764 2978 1820 in
3008 1778 3132 1835 qua
3162 1762 3262 1830 sit,
3295 1762 3383 1819 ita
3437 1763 3497 1817 et
3550 1759 3627 1817 ab
3656 1772 3762 1815 ea-

2216 1865 2379 1934 dem,
2410 1866 2477 1921 in
2516 1878 2703 1936 quam
2733 1867 2896 1935 agat.

2308 2074 2490 2145 Ideo
2524 2072 2618 2162 (y)
2664 2070 2819 2144 dici
2863 2072 3134 2163 potest
3190 2068 3441 2143 tertio
3496 2066 3755 2147 modo,
3791 2053 4032 2168 0034&
4071 2119 4119 2168 ι,

2219 2190 2425 2282 quod
2476 2191 2864 2262 creatura
2930 2206 3088 2258 non
3150 2188 3417 2279 potest
3475 2204 3760 2258 creare
3797 2181 4119 2308 gffigggssffi

3907 2320 4006 2354 non

2217 2298 2811 2392 principaliter,
2860 2294 3091 2367 modo
3153 2293 3565 2386 praedicto,
3612 2314 3757 2365 sci-

2217 2417 2407 2490 lieet
2520 2434 2665 2507 per
2784 2412 3140 2486 formam
3226 2410 3758 2485 intrinsecam
3789 2382 4126 2503 ⁹253&oe

2218 2530 2596 2612 activam,
2654 2532 3022 2619 respectu
3070 2523 3401 2599 termini
3469 2525 3549 2596 in
3613 2545 3761 2595 suo
3870 2500 4021 2547 ‘¹⁸¹⁰‘

2222 2647 2499 2720 ordine
2595 2644 2911 2737 agendi;
2984 2647 3065 2717 et
3135 2642 3286 2715 hoc
3365 2642 3764 2734 probatur

2224 2785 2367 2857 per
2415 2762 2847 2847 rationem,
2892 2761 3024 2833 sed
3058 2781 3219 2832 non
3252 2779 3763 2833 communem

2225 2881 2907 2959 omnicreaturae,
2964 2878 3093 2949 sed
3155 2875 3609 2969 perplures
3676 2874 3768 2945 de

2222 2997 2565 3069 diversis
2616 2992 3023 3069 creaturis
3059 2992 3478 3086 speciales,
3530 2995 3619 3066 ut
3661 2991 3767 3064 sit

2225 3112 2492 3207 prima
2527 3110 2943 3186 conclusio
2977 3109 3135 3181 ista
3189 3134 3204 3179 ε
3258 3111 3464 3178 Nulla
3523 3120 3771 3176 natura

2223 3256 2399 3299 mere
2438 3233 2913 3298 intellectualis
2969 3241 3192 3296 creata
3257 3239 3469 3315 potest
3543 3250 3771 3294 creare

2224 3350 2683 3415 substantiam.
2723 3346 2911 3417 Haec
2954 3341 3107 3417 fuit
3140 3343 3486 3437 probata
3519 3361 3769 3434 Supra

2226 3463 2306 3534 in
2347 3461 2875 3553 improbando
2920 3459 3382 3553 opinionem
3440 3457 3768 3530 Avicen-

2226 3602 2371 3663 nae,
2402 3579 2586 3672 quia
2617 3577 3047 3670 cujuslibet
3082 3576 3269 3650 talis
3302 3580 3619 3650 naturae
3654 3575 3770 3647 in-

2228 3696 2585 3769 tellectio
2650 3698 2773 3767 est
2818 3695 3210 3775 accidens,
3260 3695 3337 3765 et
3381 3691 3582 3764 nihil
3633 3712 3771 3785 po-

2226 3817 2389 3886 test
2425 3813 2893 3906 producere,
2936 3810 3095 3883 nisi
3151 3830 3292 3904 per
3340 3814 3610 3882 actum
3662 3807 3772 3879 in-

2225 3929 2639 4020 telligendi
2681 3931 2757 4000 et
2792 3927 3132 4008 volendi,
3172 3927 3304 4019 qui
3349 3946 3507 3998 non
3557 3928 3772 3998 esset

2229 4046 2693 4119 necessario
2729 4046 3108 4138 praevius,
3146 4044 3214 4117 si
3250 4048 3526 4136 posset
3556 4063 3771 4115 crea-

2231 4185 2319 4235 re
2354 4164 2928 4236 substantiam.
2974 4163 3182 4234 Nam
3226 4162 3442 4236 inter
3475 4161 3769 4255 prinei-

2234 4281 2449 4372 pium
2494 4280 2849 4352 activum
2904 4275 3354 4371 perfeetum
3426 4278 3505 4350 in
3592 4300 3772 4372 sup-

2236 4398 2498 4491 posito
2590 4393 2973 4496 perfecto,
3071 4398 3148 4469 et
3229 4397 3765 4471 substantiam

2231 4513 2809 4586 terminantem
2842 4512 3269 4594 actionem,
3304 4533 3466 4585 non
3506 4534 3774 4586 neces-

2232 4631 2453 4703 sario
2499 4630 2794 4706 mediat
2842 4630 3160 4723 aliquod
3196 4632 3608 4712 accidens;
3658 4653 3775 4705 se-

2230 4768 2372 4819 cus
2409 4752 2679 4820 autem
2730 4747 2975 4820 estde
3025 4748 3209 4831 Deo,
3256 4748 3485 4839 cujus
3538 4748 3771 4822 intel-

2231 4863 2472 4936 lectio
2515 4867 2592 4935 et
2626 4864 2912 4938 volitio
2950 4869 3137 4938 sunt
3169 4865 3525 4940 essentia
3566 4867 3766 4960 ejus,

2231 4983 2312 5051 et
2353 4977 2524 5050 ideo
2576 4999 2721 5071 per
2765 4979 3397 5054 intellectionem
3446 4987 3526 5055 et
3575 4982 3773 5055 voli-

2230 5094 2533 5167 tionem
2569 5099 2837 5187 potest
2883 5095 3425 5170 substantiam
3479 5100 3769 5192 produ-

2229 5233 2446 5293 cere;
2494 5216 2881 5285 creatura
2930 5221 3200 5288 autem
3233 5235 3393 5289 non
3430 5217 3571 5289 sic.

2319 5331 2675 5403 Secunda
2753 5331 3167 5403 conclusio
3241 5335 3364 5404 est
3428 5360 3441 5403 ε
3525 5332 3767 5405 Nulla
3799 5359 4138 5415 conanae.

2228 5446 2496 5520 forma
2559 5448 3011 5522 materialis
3057 5452 3323 5541 potest
3394 5454 3663 5526 creari
3719 5471 3763 5521 a
3800 5425 4140 5540 ωῖῗζιῗέἶὲω

2226 5578 2637 5658 creatura,
2666 5594 2839 5667 quae
2865 5575 3432 5668 probatursic:
3465 5582 3770 5657 Forma
3808 5564 4136 5672 οἲῖἓιῑῗῗ-ἶ.
