4287 6313
146 567 304 614 tiaram

145 634 193 677 ce
220 630 331 677 Deo.

138 1272 349 1321 §avundus

208 1336 262 1381 de
334 1394 341 1402 ·

124 1414 153 1461 pt
164 1399 374 1445 evidentia

209 1461 259 1507 ad

174 1530 311 1573 extra.

158 1872 322 1924 Tertius

217 1937 269 1984 de

146 1999 364 2109 Redititore

213 2078 235 2108 e

144 2122 371 2177 nautibus.

162 2495 341 2551 Quartus

150 2625 352 2668 cantione
361 2657 375 2671 .

1724 409 2167 472 DlSTlNCTlO
2229 412 2270 471 l.
3558 413 3615 471 ll

1177 483 1212 519 f

417 582 488 628 se
552 571 714 631 trino
769 575 834 632 et
878 588 1037 644 uno,
1098 572 1377 652 'ejusque
1422 568 1957 650 perfectionibus,

417 682 501 746 de
530 686 805 747 scientia
849 693 979 748 tam
1018 689 1425 764 possibilium
1476 705 1676 768 quam
1716 685 1959 750 futuro·

409 817 582 874 rum,
620 799 704 862 de
735 808 971 864 aeterna
1005 803 1587 881 praedestinatione
1621 809 1687 865 et
1730 818 1959 879 repro·

409 914 704 989 batione,
740 924 804 979 et
845 919 1183 980 voluntate
1230 919 1657 981 antecedenti
1702 922 1767 978 et
1813 932 1962 980 con-

407 1032 736 1109 sequenti.
778 1050 899 1095 seu
945 1035 1115 1113 signi
1160 1040 1226 1097 et
1254 1032 1677 1114 beneplaciti,
1709 1033 1962 1114 Deique

408 1146 824 1224 providentia
867 1152 931 1211 in
975 1167 1092 1213 sua
1135 1154 1516 1215 aeternitate.

494 1264 565 1322 ln
596 1263 890 1325 secundo
941 1282 1096 1327 vero
1154 1265 1238 1328 de
1278 1266 1516 1329 eadem
1558 1265 1965 1344 providentia

408 1386 483 1442 et
521 1381 852 1445 creatione
900 1400 1120 1446 rerum
1168 1386 1235 1445 in
1282 1389 1600 1463 tempore,
1650 1392 1778 1447 tam
1834 1401 1963 1445 ma-

408 1498 739 1560 terialium
797 1516 993 1578 quam
1051 1502 1508 1580 spiritualium,
1576 1501 1665 1562 de
1712 1500 1963 1578 Angelo

409 1619 487 1675 et
526 1615 794 1677 homine
837 1617 1166 1689 institutis,
1229 1618 1311 1679 de
1365 1619 1555 1696 lapsu
1616 1618 1849 1696 Angeli
1902 1623 1967 1678 et

405 1730 717 1792 hominis.

499 1850 572 1908 ln
624 1849 809 1910 tertio
862 1848 944 1912 de
994 1849 1351 1913 Mediatore
1406 1851 1576 1913 inter
1632 1852 1840 1913 Deum
1902 1855 1969 1914 et

407 1968 780 2042 hominem,
828 1973 892 2030 et
926 1969 1007 2031 de
1051 1970 1421 2043 virtutibus,
1458 1975 1583 2031 tam
1620 1971 1967 2033 moralibus

411 2100 620 2162 quam
650 2082 902 2159 infusis,
952 2084 1035 2147 de
1086 2085 1298 2159 donis,
1343 2085 1425 2147 de
1457 2087 1798 2166 praeceptis
1831 2088 1967 2165 qui·

405 2199 541 2261 bus
604 2200 798 2260 homo
859 2200 1201 2263 reducitur
1256 2202 1322 2262 in
1378 2200 1576 2265 finem
1624 2219 1705 2264 ex
1761 2200 1969 2283 gratia

406 2314 897 2393 RedemptoriS.

497 2434 573 2493 ln
603 2436 835 2511 quarto
870 2433 950 2494 de
984 2435 1317 2495 curatione
1362 2434 1639 2499 hominis
1669 2438 1966 2518 languidi

415 2570 544 2630 per
575 2554 1020 2625 Sacramenta,
1072 2569 1263 2631 quam
1308 2560 1489 2615 recte
1530 2561 1721 2617 vocat
1766 2557 1962 2620 semi-

408 2672 686 2751 plenam
733 2673 800 2731 et
844 2670 1360 2746 dispositionem,
1393 2674 1543 2749 quia
1578 2676 1679 2733 est
1705 2672 1968 2738 viatoris

406 2786 901 2866 peregrinantis
933 2802 1052 2862 per
1078 2783 1301 2858 fidem,
1336 2789 1445 2865 qui
1477 2787 1771 2850 nondum
1794 2805 1970 2852 asse-

408 2909 609 2967 cutus
641 2910 741 2966 est
771 2900 968 2964 finem
999 2908 1110 2964 aut
1140 2903 1402 2979 plenam
1433 2905 1799 2979 sanitatem,
1848 2908 1969 2969 sed

403 3019 705 3080 luctatur
750 3034 897 3080 cum
940 3016 1440 3091 infirmitatibuS,
1499 3020 1760 3082 interne
1821 3023 1966 3101 qui-

406 3134 574 3198 dem
603 3134 667 3194 in
698 3149 771 3195 se
803 3135 1057 3210 patiens
1087 3134 1291 3195 rixam
1326 3132 1536 3195 carnis
1582 3138 1647 3196 et
1676 3136 1964 3214 spii-itm,

404 3255 519 3317 ubi
562 3252 721 3313 hera
763 3253 828 3312 et
867 3250 1123 3321 ancilla,
1176 3251 1329 3311 Sara
1374 3254 1443 3311 et
1484 3254 1659 3331 Agar
1702 3252 1967 3314 dissidia

406 3370 642 3432 fovent
673 3371 739 3428 tn
786 3370 1005 3443 partes
1051 3365 1420 3440 distractae;
1478 3369 1762 3430 exterius
1812 3387 1967 3432 vero

406 3487 779 3562 impetituS,
829 3499 973 3543 cum
1030 3483 1336 3545 Doemone
1384 3487 1450 3543 et
1498 3484 1745 3545 mundo
1804 3502 1963 3547 con-

404 3599 740 3681 greditur,
786 3603 1010 3658 contra
1055 3614 1221 3675 quos
1272 3599 1707 3660 Sacramentis
1752 3605 1965 3662 muni·

409 3722 534 3778 tur.
586 3717 669 3776 Et
733 3714 835 3775 hic
899 3717 1209 3774 tractatus
1256 3699 1353 3775 'de
1411 3715 1848 3780 Sacramentis
1904 3721 1967 3779 in

404 3847 672 3913 genere
756 3834 822 3891 et
891 3831 1114 3906 specie
1186 3830 1570 3908 producitur
1626 3850 1824 3909 usque
1885 3836 1973 3895 ad

404 3951 886 4014 distinctionem
912 3947 1011 4008 43.
1047 3948 1111 4007 in
1144 3945 1262 4007 hac
1293 3951 1515 4009 autem
1548 3954 1610 4010 et
1652 3948 1968 4029 deinceps

404 4068 633 4145 agitur
708 4061 790 4124 de
848 4063 1044 4139 plena
1103 4065 1463 4137 curatione,
1539 4081 1779 4142 nempe
1852 4083 1971 4143 per

405 4182 836 4245 collationem
866 4181 1107 4257 praemii
1141 4185 1197 4240 el
1232 4180 1477 4258 gloriae,
1512 4198 1651 4260 quae
1683 4183 1972 4247 excludit

405 4314 689 4362 omnem
746 4294 1074 4357 miseriam
1133 4301 1198 4356 et
1254 4295 1721 4372 infirmitatem,
1783 4304 1848 4359 et
1903 4302 1968 4362 tn

407 4432 539 4496 qua
610 4415 917 4475 creatura
972 4426 1091 4473 suo
1153 4409 1442 4472 Creatori
1492 4411 1967 4490 perfectissime

407 4537 475 4593 et
521 4527 1030 4592 immutabiliter
1070 4525 1380 4588 adhaeret.

492 4650 642 4709 Haec
677 4642 1028 4705 methodus
1061 4641 1521 4705 considerandi
1559 4645 1792 4719 Deum,
1838 4664 1966 4726 qua

307 4775 340 4802 τ
412 4761 819 4842 principium
870 4763 937 4819 et
977 4755 1120 4819 finis
1161 4762 1262 4820 est
1304 4764 1772 4837 creaturarum,
1808 4780 1964 4825 con-

295 4902 304 4909 ·
342 4902 375 4955 ·‚
411 4878 649 4941 cordat
697 4890 848 4937 cum
876 4875 982 4937 illo
1015 4874 1272 4945 ordine,
1307 4891 1436 4953 quo
1469 4876 1530 4936 S.
1563 4881 1967 4956 Augustinus

411 4992 736 5055 discernit
805 4989 977 5051 diem
1052 4991 1440 5068 cognitionis
1508 4993 1832 5070 Angelicae
1899 4997 1965 5059 in

406 5109 806 5171 matutinam
882 5109 948 5167 et
1025 5108 1489 5183 vespertinam.
1568 5111 1966 5194 stlatule‘nam

408 5223 815 5286 determinat
886 5237 1029 5282 esse
1103 5237 1270 5292 eam,
1346 5239 1471 5301 qua
1536 5225 1707 5285 Deus
1767 5227 1834 5287 in
1890 5243 1963 5287 se

408 5339 864 5419 cognoscitur,
895 5344 965 5398 ut
987 5335 1133 5400 fons
1174 5343 1272 5399 est
1305 5343 1367 5399 et
1410 5341 1593 5418 origo
1645 5343 1959 5404 omnium.

418 5456 857 5531 vespertinam
904 5452 1131 5516 dividit
1160 5455 1224 5515 in
1257 5472 1429 5530 eam,
1463 5474 1591 5536 qua
1626 5460 1962 5538 cognosci·

405 5578 508 5633 tur
536 5577 872 5643 creatura,
929 5575 1000 5632 ut
1041 5571 1411 5648 procedens
1454 5590 1487 5634 a
1533 5574 1667 5634 Deo
1708 5577 1770 5637 in
1807 5592 1959 5652 pro-

2076 572 2215 648 prio
2275 589 2554 652 genere,
2613 578 2679 636 et
2741 574 2809 636 in
2868 590 3040 647 eam,
3099 589 3228 651 qua
3285 570 3622 634 reducitur

2068 678 2142 746 in
2188 690 2419 764 Deum,
2468 696 2780 768 tanquam
2821 693 2888 753 in
2916 690 3117 752 finem
3148 692 3214 750 in
3247 706 3375 769 quo
3411 689 3624 750 termi-

2071 804 2288 860 natur.

2155 916 2462 978 Servatur
2510 917 2858 980 methodus
2902 918 3216 997 requisita
3274 916 3359 979 ad
3406 919 3622 978 scien-

2078 1031 2254 1104 tiam,
2316 1034 2466 1112 quia
2521 1034 2690 1095 sicut
2733 1051 2817 1095 esz:
2860 1039 3072 1112 quaest.
3125 1037 3318 1096 tertia
3360 1032 3628 1109 Proloqi

2075 1154 2350 1223 constat,
2411 1151 2589 1212 Deus
2647 1159 2747 1213 est
2807 1151 3184 1230 subjectum
3225 1152 3620 1232 Theologiae,

2076 1272 2389 1345 quantum
2450 1268 2534 1330 ad
2583 1270 2892 1332 veritates
2936 1275 3370 1344 necessariaS‚
3417 1285 3621 1349 quan-

2079 1386 2212 1444 tum
2244 1382 2328 1445 ad
2373 1386 2677 1447 veritates
2724 1388 3208 1464 contingentes,

2155 1499 2363 1562 Primo
2396 1517 2554 1581 ergo
2585 1502 2920 1582 agendum
2953 1507 3092 1565 erat
3125 1501 3206 1564 de
3237 1502 3625 1563 necessariis
3657 1502 3945 1618 Tssffifflfffg

2073 1618 2478 1691 veritatibuS,
2512 1619 2651 1682 sive
2684 1620 3077 1682 immediatis
3121 1624 3188 1682 et
3229 1620 3624 1683 habentibus
3697 1608 3946 1693 quomssdo

2078 1734 2476 1797 evidentiam
2523 1752 2605 1796 ex
2652 1738 2945 1799 terminis
2996 1740 3062 1800 in
3113 1736 3450 1798 intellectu
3503 1752 3622 1813 ap·
3655 1693 3970 1807 roducffintur

2079 1850 2538 1929 prehendente
2596 1849 2885 1929 perfecte
2958 1853 3290 1927 ter1nin08,
3349 1855 3484 1915 sive
3544 1868 3626 1913 ex
3720 1820 3916 1871 Deum!

2077 1965 2403 2040 mediatiS,
2464 1973 2530 2027 et
2588 1983 2708 2044 per
2763 1965 3034 2028 modum
3103 1967 3619 2029 conclusionum.

2078 2081 2181 2142 Sic
2230 2084 2298 2143 in-
2335 2084 2555 2157 primo
2600 2085 2816 2161 agitur
2860 2081 2943 2145 de
2987 2083 3126 2144 Deo
3177 2086 3246 2143 et
3292 2080 3430 2159 ejus
3473 2098 3620 2160 per-

2076 2198 2492 2272 fectionibuS,
2545 2217 2674 2279 qua
2716 2214 2889 2262 unus
2939 2205 3004 2262 et
3052 2202 3258 2261 trinus
3298 2202 3400 2259 est
3427 2198 3493 2258 in
3523 2214 3619 2260 se.

2076 2316 2398 2379 veritates
2436 2321 2656 2379 autem
2711 2319 3168 2399 contingentes
3216 2314 3625 2377 reducuntur
3684 2369 3938 2421 veritates

2076 2432 2162 2497 ad
2230 2433 2409 2495 idem
2477 2434 2871 2515 subjectum,
2944 2451 3187 2512 nempe
3268 2440 3621 2499 essentiam
3676 2433 3969 2499 contingen-

2080 2549 2387 2623 divinam,
2439 2557 2696 2613 servato
2747 2552 2978 2613 ordine
3025 2551 3198 2613 inter
3231 2554 3410 2631 ipsas
3463 2568 3617 2613 con·
3654 2507 3968 2609 maffia...-

2078 2665 2434 2744 tingenteS,
2470 2685 2743 2747 quarum
2792 2667 2977 2729 radix
3011 2674 3113 2730 est
3143 2667 3355 2730 divina
3385 2670 3618 2730 volun·
3656 2622 3969 2735 uetustatem

2079 2789 2198 2845 tas.
2251 2784 2425 2845 Sicut
2478 2800 2635 2863 ergo
2682 2784 2786 2846 illa
2835 2785 3132 2846 voluntas
3164 2786 3341 2861 prior
3370 2793 3469 2849 est
3496 2787 3618 2849 sub
3668 2763 3941 2864 ⁶³22&oe

2074 2899 2440 2959 intentione
2473 2916 2665 2977 quam
2699 2902 2820 2962 sub
2868 2902 3278 2974 executione,
3334 2907 3400 2964 et
3443 2905 3621 2979 prius

2079 3014 2554 3089 consideratur,
2606 3021 2679 3076 ut
2724 3016 2805 3077 ab
2856 3022 3095 3078 aeterno
3147 3023 3246 3079 est
3292 3020 3414 3080 sub
3447 3023 3621 3089 actu,

2080 3147 2276 3210 quam
2307 3137 2374 3193 ut
2409 3147 2523 3210 pro
2561 3137 2855 3210 tempore
2901 3132 3127 3195 transit
3175 3130 3238 3195 in
3286 3133 3622 3207 effectum,

3741 1013 3882 1145 ‚0339

3680 1145 3909 1187 scientiae
3924 1177 3935 1191 .

2056 3246 2233 3311 ·inde
2295 3250 2502 3325 poscit
2549 3248 2731 3321 ord0,
2788 3255 2860 3310 ut
2912 3250 3315 3330 generaliter
3358 3250 3442 3312 de
3485 3253 3626 3327 ipsa

2077 3363 2205 3424 hoc
2234 3363 2431 3426 modo
2464 3368 2777 3443 ageretur
2818 3366 2881 3426 in
2930 3365 3154 3440 primo.

2160 3478 2469 3542 Succedit
2515 3485 2734 3540 autem
2768 3482 2830 3541 in
2861 3483 3132 3542 secundo
3189 3480 3623 3545 consideratio

2082 3596 2407 3676 ejusdem,
2442 3601 2515 3657 ut
2548 3598 2769 3657 transit
2810 3598 2877 3658 in
2921 3597 3231 3658 effectum
3277 3598 3627 3660 creatioxiis

2079 3730 2300 3775 rerum
2344 3714 2407 3774 in
2456 3730 2731 3793 genere,
2793 3719 2858 3774 et
2912 3715 2975 3775 in
3032 3715 3257 3791 specie
3318 3719 3626 3776 creaturas

2078 3830 2452 3908 spiritualis,
2501 3834 2573 3890 ut
2631 3830 2953 3908 processit
2996 3829 3188 3910 juxta
3246 3830 3621 3907 primaevum

2078 3953 2318 4009 statum
2352 3951 2417 4007 et
2451 3945 3067 4008 determinationem
3099 3962 3135 4006 a
3167 3947 3301 4008 Deo
3329 3966 3343 4022 ;
3382 3946 3622 4009 deinde

2078 4062 2415 4141 supposito
2461 4067 2756 4140 peccat0,
2811 4067 2877 4123 et
2920 4078 3191 4124 recessu
3217 4062 3495 4125 hominis
3539 4065 3619 4125 ab

2078 4178 2185 4239 illo
2244 4182 2437 4253 statu,
2496 4179 2563 4238 in
2620 4194 2748 4255 quo
2809 4182 2909 4238 est
2973 4176 3299 4250 conditus,
3362 4178 3445 4239 de
3491 4195 3620 4257 quo

2080 4295 2297 4375 agitur
2324 4295 2390 4356 in
2425 4294 2654 4355 ultima
2680 4294 2964 4355 secundi.

2160 4415 2228 4472 In
2257 4413 2442 4471 tertio
2473 4411 2891 4491 subjungitur
2922 4409 3355 4472 consideratio
3387 4409 3625 4471 Media·

2080 4527 2258 4601 toriS,
2310 4533 2376 4589 et
2413 4528 2695 4607 justitiae,
2739 4542 2937 4604 quam
2979 4527 3480 4588 communicavit
3522 4527 3623 4588 in-

2080 4646 2387 4719 trinsece,
2419 4645 2729 4706 virtutum
2763 4651 2826 4706 et
2855 4644 3200 4714 donorum,
3248 4644 3498 4705 viatori.

2160 4766 2227 4821 ln
2280 4767 2512 4836 quarto
2578 4759 2838 4822 tandem
2900 4760 3194 4838 sequitur
3250 4758 3333 4820 de
3408 4760 3619 4823 causis

2078 4879 2459 4941 extrinsecis
2552 4876 2981 4940 conservandi
3084 4881 3150 4938 et
3230 4876 3616 4939 restituendi

2076 4993 2380 5056 eamdem
2441 4993 2782 5073 justitiam,
2833 4998 2907 5054 ut
2962 4999 3116 5055 sunt
3171 4995 3613 5069 Sacramenta,

2075 5126 2152 5169 ac
2192 5107 2458 5169 demum
2502 5107 2727 5169 ultimo
2781 5107 2863 5168 de
2909 5107 3113 5186 ipsius
3152 5109 3420 5189 justitiae
3468 5127 3618 5172 con-

2073 5224 2509 5285 summatione
2583 5240 2702 5300 per
2767 5224 3067 5303 gloriam,
3142 5229 3208 5286 et
3268 5224 3352 5286 de
3405 5227 3616 5288 stabili

2072 5340 2346 5400 termino
2408 5345 2849 5401 creaturarum
2927 5344 3228 5401 cessante
3303 5339 3618 5420 deinceps

2072 5460 2255 5517 motu
2287 5460 2350 5516 et
2381 5455 2763 5516 mutatione.

2149 5571 2497 5651 Postquam
2532 5575 2753 5634 autem
2798 5572 3037 5633 Doctor
3064 5573 3407 5651 supposuit
3442 5573 3610 5636 hanc
