4287 6313
1626 856 2585 1104 INDEX

509 1376 1276 1455 DISTINGTIONUM
1321 1383 1442 1458 ET
1485 1383 2147 1476 QUAESTIONUM
2199 1385 2464 1458 LIBRI
2500 1384 2867 1478 QUARTI
2914 1382 3700 1460 SENTENTIARUM.

513 1745 804 1804 Praei'atio
844 1788 857 1801 .
938 1788 952 1802 .
1034 1788 1046 1802 .

522 2608 860 2674 QUAESTIO
901 2610 945 2665 1.

899 2797 968 2852 ΙΙ.

896 2985 996 3039 ΙΙΙ.

890 3185 986 3237 1v.

897 3476 968 3530 VI

529 4204 867 4274 QUAESTIO
905 4205 947 4258 1.

906 4299 975 4354 11.

540 4946 884 5017 QUAESTIO
922 4948 963 5001 1.

915 5235 986 5290 11.

912 5446 1008 5501 111.

912 5542 1007 5597 lv.

902 3570 1027 3626 Vll.

1130 1785 3525 1804 ..........................
3674 1742 3703 1799 1

1617 2077 2208 2151 DISTINCTIO
2272 2075 2612 2148 PRIMA

1134 2319 1362 2374 Textus
1392 2313 1676 2384 Magistri
1709 2310 2173 2368 Sententiarum
2186 2347 3529 2368 ...............
3677 2306 3715 2360 5

1129 2410 1418 2466 Praefatio
1457 2408 1727 2464 Doctoris
1759 2407 2041 2466 Subtilis·
2097 2440 3536 2464 ................
3682 2402 3718 2456 8

1131 2510 1212 2563 De
1243 2507 1641 2563 Sacramento
1671 2507 1740 2563 in
1772 2520 2008 2576 genere
2086 2541 3533 2562 ................
3649 2500 3718 2555 12

1126 2608 1222 2662 An
1252 2610 1540 2662 c.·eatura
1571 2606 1762 2675 possit
1792 2602 2022 2661 habere
2052 2602 2336 2674 aliquam
2366 2600 2674 2658 actionem
2697 2601 2990 2671 respectu
3021 2597 3277 2656 termini
3310 2594 3540 2652 creati-

1237 2702 1334 2757 nis
1338 2728 3535 2760 ........................
3649 2689 3720 2744 12

1124 2718 1346 2850 Utrum
1396 2792 1529 2848 haec
1577 2792 1659 2848 sit
1713 2791 1872 2849 ratio
1918 2789 2247 2846 definitiva
2297 2785 2684 2844 Sacramenti
2736 2798 2924 2857 quam
2972 2782 3146 2855 ponit
3185 2782 3482 2851 Magister
3514 2795 3528 2832 :

1194 2888 1625 2943 Sacramentum
1656 2890 1736 2941 est
1766 2885 2075 2940 invisibilis
2103 2886 2303 2953 qratioe
2330 2882 2570 2938 visibilis
2597 2882 2787 2949 forma
2857 2914 3538 2936 ........
3648 2871 3720 2926 99

1118 2980 1343 3039 Utrum
1373 2994 1488 3052 pro
1518 2968 1793 3049 temp'ore
1826 2977 2135 3049 cuiusque
2169 2977 2332 3046 legis
2363 2990 2397 3033 a
2431 2977 2551 3031 Deo
2580 2973 2759 3041 datae,
2793 2970 3084 3029 debuerit
3125 2969 3375 3026 institui
3425 2966 3548 3025 ali-

1194 3080 1356 3152 quod
1388 3082 1863 3137 Sacramentum
1899 3109 3542 3137 ..................
3620 3068 3726 3124 122

1117 3179 1343 3236 Utrum
1365 3180 1447 3234 sit
1467 3177 1763 3248 possibile
1782 3173 2036 3247 aliquod
2060 3176 2532 3231 Sacramentum
2555 3177 3135 3244 quantumcumque
3164 3169 3539 3241 perfectum,

1192 3269 1424 3325 habere
1452 3267 1880 3322 causalitatem
1913 3265 2184 3322 activam
2217 3267 2503 3337 respectu
2544 3262 2763 3333 gratiae
2794 3259 3189 3319 conferendae
3243 3300 3257 3316 .
3338 3300 3352 3316 .
3433 3298 3446 3315 .
3525 3298 3539 3314 .
3624 3257 3727 3312 139

1141 3376 1237 3429 An
1276 3367 1573 3439 possibile
1604 3368 1682 3423 sit
1714 3367 1779 3422 in
1812 3366 2208 3423 Sacramento
2237 3378 2375 3421 esse
2401 3365 2708 3421 virtutem
2741 3361 3289 3434 supernaturalem
3336 3401 3352 3418 .
3435 3402 3450 3418 .
3530 3400 3545 3415 .
3625 3358 3727 3414 140

1118 3472 1340 3527 Utrum
1374 3467 1440 3522 in
1480 3455 1970 3523 circumcisione
2003 3480 2078 3521 ex
2107 3464 2173 3519 vi
2206 3465 2341 3534 eJus
2371 3462 2595 3519 collata
2623 3463 2819 3519 suerit
2850 3462 3051 3532 gratia
3059 3499 3541 3518 ......
3621 3457 3727 3513 195

1132 3566 1357 3622 Utrum
1408 3567 1686 3634 tempore
1734 3563 1894 3633 legis
1942 3563 2185 3616 naturae
2234 3559 2428 3615 fuerit
2483 3556 2735 3631 aliquod
2792 3559 3271 3616 Sacramentum
3333 3570 3548 3615 corre-

1207 3661 1516 3734 spondens
1547 3658 2023 3717 Circumcisioni
2097 3696 3537 3715 ................
3615 3655 3723 3711 232

1569 3868 2164 3943 DISTINCTIO
2220 3866 2698 3942 SECUNDA

1135 4108 1361 4163 Textus
1389 4103 1672 4174 Magistri
1707 4101 2176 4159 Sententiarum
2195 4140 3541 4163 ...............
3616 4106 3726 4163 236

1141 4202 1362 4258 Utrum
1397 4200 1795 4255 Sacramenta
1829 4211 2005 4254 novae
2035 4195 2196 4265 legis
2228 4194 2493 4252 habeant
2522 4193 2867 4252 efficaciam
2899 4209 2935 4252 a
2966 4196 3199 4254 Christi
3227 4202 3538 4271 passione.
3613 4206 3725 4263 238

1138 4294 1364 4350 Utrum
1411 4293 1758 4364 baptizatus
1803 4289 2109 4362 baptismo
2157 4292 2433 4360 Joannis,
2468 4294 2819 4350 necessario
2867 4295 3196 4353 tenebatur
3241 4298 3547 4371 baptizari

1209 4394 1515 4465 baptismo
1544 4392 1772 4450 Christi
1807 4432 3538 4461 ...................
3614 4408 3723 4464 263

1618 4629 2211 4705 DISTINCTIO
2263 4630 2649 4704 TERTIA

1139 4857 1366 4912 Textus
1395 4858 1676 4925 Magistri
1711 4859 2175 4915 Sententiarum
2203 4900 2692 4920 ......
2723 4907 2730 4914 .
2768 4902 3545 4927 .........
3620 4866 3729 4931 269

1141 4951 1236 5000 An
1272 4945 1385 5002 illa
1416 4945 1693 5005 definitio
1728 4948 2018 5020 baptismi
2051 4951 2131 5007 sit
2161 4951 2437 5022 propria,
2470 4965 2657 5021 quam
2698 4954 2874 5024 ponit
2904 4955 3218 5024 Magister,
3261 4958 3537 5018 scilicet:

1223 5046 1566 5116 Baptismus
1596 5051 1691 5102 est
1727 5048 1942 5105 tinctio
1973 5050 2254 5119 corporis
2284 5051 2577 5119 exterior,
2610 5051 2774 5109 facta
2821 5052 2936 5108 sub
2983 5052 3183 5112 forma
3214 5057 3552 5118 verborum

1212 5137 1574 5206 praescripta
1634 5177 3550 5208 .....................
3627 5155 3733 5211 274

1144 5235 1365 5291 Utrum
1415 5235 1548 5291 haec
1598 5237 1680 5291 sit
1726 5237 1989 5308 praecisa
2027 5239 2227 5296 forma
2276 5240 2566 5315 baptismi
2612 5257 2627 5295 ε
2671 5241 2796 5310 Ego
2841 5243 3089 5314 baptizo
3116 5247 3175 5302 te
3206 5244 3272 5300 in
3302 5247 3556 5304 nomine

1240 5342 1437 5400 Patris
1474 5341 1534 5396 et
1571 5339 1713 5395 Filii
1744 5344 1803 5396 et
1832 5339 2103 5411 Spiritus
2132 5344 2337 5400 Sancti
2399 5383 3551 5404 .............
3630 5348 3738 5406 282

1137 5445 1231 5500 An
1263 5443 1391 5501 sola
1423 5458 1583 5515 aqua
1613 5445 1921 5501 naturalis
1952 5457 2110 5516 pura
2146 5443 2635 5516 sit[conveniens
2666 5441 2926 5501 materia
2959 5444 3253 5515 Baptismi
3333 5487 3346 5500 .
3427 5487 3441 5503 .
3520 5487 3534 5502 .
3627 5448 3735 5505 323

1136 5540 1363 5599 Utrum
1403 5541 1714 5600 institutio
1741 5541 2037 5613 Baptismi
2067 5544 2330 5597 evacuet
2357 5540 2912 5599 circumcisionem
2960 5582 3548 5601 .......
3624 5545 3732 5608 333
