4287 6313
1509 453 1707 514 DlST.
1754 451 1853 514 lv.
1903 449 2263 526 QUAESTlo
2308 449 2382 511 V.

448 611 946 701 tiescumque
996 612 1364 704 peccanti
1429 612 1503 682 in
1565 611 1721 690 via,
1781 609 1990 682 scili-

446 732 569 800 cet
636 733 1254 802 sauvamentum
1322 728 1862 809 l‘oenitentiee;
1917 732 1997 800 et

444 848 635 918 tunc
701 846 904 926 dico,
955 847 1157 937 quod
1202 846 1339 918 isti
1414 850 1635 938 patet
1684 845 1817 916 via
1879 865 1999 916 sa-

444 961 667 1043 lutis,
743 981 889 1053 per
957 982 1235 1034 veram
1302 962 1853 1054 poenitentiam
1910 963 2001 1031 ‹le

446 1078 607 1150 ista
667 1077 1018 1160 fictione,
1078 1079 1319 1169 Juxta
1373 1079 1803 1151 secundam
1870 1098 2000 1147 au-

452 1195 928 1267 ctoritatem
976 1195 1406 1284 Augustini
1455 1196 1905 1266 adductam.

906 1421 1544 1484 COMMENTARIUS.

538 1636 624 1718 (a)
671 1640 1036 1713 Respondeo
1080 1637 1263 1713 [lctus
1307 1639 1566 1709 dicitur,
1616 1644 1740 1699 etc.
1778 1640 1846 1699 In
1886 1657 1996 1700 su-

354 1737 359 1748 ’
457 1753 697 1831 periori
742 1754 1097 1831 quaestione
1131 1751 1266 1831 egit
1299 1751 1379 1812 de
1427 1733 1853 1828 dispositione
1897 1768 2003 1812 re-

459 1871 696 1950 quisita
739 1868 825 1931 ad
858 1870 1148 1931 valorem
1193 1871 1598 1932 Sacramenti
1642 1870 1708 1930 in
1753 1868 2005 1942 adult0,

460 1988 570 2067 qui
620 1995 721 2050 est
780 2000 1142 2047 consensus
1198 1987 1343 2066 ejus
1402 1992 1678 2060 tantum,
1725 1994 1787 2048 et
1831 1986 2002 2046 aliud

460 2119 590 2163 non
633 2103 914 2180 requiri;
965 2108 1148 2180 patet
1206 2119 1289 2163 ex
1346 2102 1557 2173 dictis,
1614 2110 1678 2163 et
1722 2104 2005 2179 amplius

460 2219 711 2297 patebit
765 2216 931 2280 infra
992 2217 1074 2281 de
1140 2220 1471 2296 Baptismo
1531 2220 2004 2290 haereticorum,

464 2340 689 2398 contra
732 2338 1149 2408 sententiam,
1211 2352 1356 2414 quae
1398 2333 1512 2397 fuit
1561 2335 1867 2414 Cypriani
1896 2356 1911 2410 ;
1945 2335 2009 2396 in

462 2452 583 2511 hac
628 2457 851 2512 autem
894 2454 1029 2530 agit
1079 2449 1161 2511 de
1203 2455 1517 2530 requisita
1585 2454 2011 2530 dispositione

464 2568 688 2641 adulti,
745 2576 817 2631 ut
871 2571 1141 2645 recipiat
1215 2571 1524 2631 effectum
1581 2571 2007 2641 Sacramenti,

465 2686 577 2762 qui
635 2690 736 2746 est
782 2684 1161 2765 justificatio
1228 2689 1372 2767 ejus
1417 2704 1454 2748 a
1511 2693 1805 2766 peccato.
1868 2690 2011 2749 llaec

467 2818 624 2881 ergo
686 2804 952 2880 quaestio
1026 2804 1307 2881 explicat
1389 2805 1599 2883 primo
1684 2803 1846 2882 quid
1929 2804 2011 2865 sit

466 2916 677 2987 fictio;
740 2920 1028 2981 secundo
1088 2919 1421 2999 quomodo
1485 2920 1764 2993 tollatur,
1819 2921 2009 3000 juxta

467 3037 681 3098 varios
722 3037 957 3099 modos
992 3036 1276 3099 dicendi.

109 3201 251 3263 Quid
291 3199 444 3259 fictio,
551 3156 882 3231 Quantum
924 3154 1008 3216 ad
1049 3158 1334 3233 primum
1380 3156 1546 3231 dicO,
1579 3159 1905 3234 fictionem
1947 3165 2015 3218 ut

112 3270 335 3393 qnotertn
340 3325 450 3373 odis
474 3275 541 3333 in
600 3274 846 3335 actibus
908 3274 1212 3335 humanis
1256 3278 1579 3337 invenitur
1632 3294 1762 3338 esse
1804 3280 1870 3337 in
1918 3292 2015 3347 ec,

139 3390 431 3454 contingat.
474 3394 649 3467 quod
676 3391 917 3467 aliquis
968 3393 1257 3452 exterius
1294 3394 1680 3468 praetendat,
1727 3400 1838 3453 aut
1881 3411 2018 3469 prae

469 3525 537 3569 se
575 3508 769 3582 ferat,
802 3511 977 3585 quod
1020 3511 1290 3570 imerius
1337 3527 1463 3571 non
1505 3510 1717 3579 habet,
1775 3518 1899 3571 etc.
1949 3511 2011 3571 in

470 3623 685 3685 verbis
740 3623 975 3687 dicitur
1035 3623 1476 3699 mendacium,
1562 3626 1628 3687 in
1701 3626 2015 3704 operibus

468 3741 818 3814 simulati0‚
893 3749 957 3805 et
1006 3743 1137 3827 haec
1198 3760 1278 3804 ex
1336 3761 1463 3805 usu
1518 3745 2012 3824 Theologorum

470 3860 836 3938 appellatur
870 3861 1066 3938 [ἱειίο.
1117 3877 1261 3938 quae
1307 3860 1552 3939 duplex
1602 3878 1750 3923 esse
1799 3867 2019 3939 potest

471 3983 790 4055 quantum
831 3976 913 4037 ad
973 3992 1292 4054 praesens.
1352 3978 1561 4040 Primo
1617 3983 1690 4039 ut
1743 3979 2015 4039 interius

473 4094 689 4156 nullus
760 4095 840 4155 sit
908 4108 1271 4156 consensus
1352 4094 1711 4170 recipiendi
1784 4097 2009 4156 Sacra·

146 4205 445 4259 simulatio.
476 4212 701 4282 menti,
750 4208 930 4288 quod
1008 4210 1295 4270 exterius
1372 4210 1633 4270 simulat
1690 4213 2011 4287 recipere,

470 4329 575 4390 vel
621 4334 800 4391 certe
845 4332 927 4391 sit
959 4328 1296 4390 dissensus
1327 4327 1621 4388 internus
1667 4329 2011 4399 absolute;

472 4449 535 4503 et
568 4444 733 4515 talis,
782 4445 1014 4523 inquit,
1061 4457 1194 4502 non
1234 4444 1467 4517 recipit
1520 4444 2014 4504 Sacramentum

470 4559 708 4633 valide,
793 4565 866 4621 ut
935 4561 1000 4620 in
1076 4558 1470 4636 praecedenti
1556 4558 1803 4621 dictum
1889 4568 2012 4635 est,

473 4680 769 4760 quamvis
814 4681 895 4741 ab
951 4680 1238 4740 Ecclesia
1285 4684 1560 4757 cogatur
1624 4678 1707 4739 ad
1786 4681 2012 4743 obser·

471 4798 755 4859 vantiam
786 4795 966 4868 fidei,
1014 4795 1165 4874 quia
1211 4797 1623 4872 praesumitur
1670 4813 1752 4857 ex
1799 4800 2014 4860 verbis

474 4919 540 4976 et
569 4912 756 4974 factis
802 4925 1190 4981 consensuS,
1245 4914 1354 4989 qui
1400 4911 1603 4973 debet
1647 4913 1888 4986 inesse,
1952 4922 2016 4977 et

475 5048 608 5092 non
642 5029 1060 5091 contrarium.

556 5144 861 5207 Secundo
915 5143 1109 5205 modo
1155 5147 1428 5206 sumitur
1479 5146 1676 5221 fictio,
1742 5161 1822 5207 ex
1892 5162 2018 5208 usu

175 5238 402 5352 δθῐζζᾎῖο
478 5264 822 5341 praesentis
856 5260 1251 5339 quaestioniS,
1287 5266 1351 5321 et
1380 5266 1704 5324 sententia
1739 5269 1864 5325 tam
1898 5264 2008 5324 Pa-

212 5363 379 5478 {2¹0¹}ss
479 5385 651 5441 trum
705 5393 902 5456 quam
964 5377 1473 5451 Theologorum,
1538 5382 1866 5455 quatenus
1922 5387 2019 5442 est

152 5490 433 5558 contingit,
476 5497 544 5557 in
573 5494 987 5556 simulatione
1041 5507 1352 5572 congruae
1398 5494 1840 5571 dispositionis
1897 5513 2019 5559 seu

479 5612 804 5692 requisitae
832 5610 913 5671 ad
945 5610 1436 5698 susceptionem
1474 5610 1875 5672 Sacramenti
1919 5614 2015 5675 le-

210 5174 376 5224 Fictio

3528 439 3647 502 427

2108 612 2403 689 gitimam
2452 613 2517 671 et
2548 607 2975 680 fructuosam,
3021 623 3149 685 qua
3199 611 3417 665 tamen
3462 609 3665 674 caret,

2104 733 2180 791 ut
2217 729 2267 788 si
2315 732 2492 789 caret
2540 726 2697 799 fide,
2754 742 2886 787 non
2943 721 3277 786 credendo
3332 721 3669 799 mysteria,

2107 862 2388 927 quorum
2415 842 2581 905 fides
2614 843 2918 924 exigitur,
2963 842 3067 903 vel
3102 838 3344 911 omnia,
3396 837 3502 898 vel
3549 836 3664 896 ali-

2110 981 2261 1042 qua,
2298 960 2403 1021 vel
2433 962 2585 1039 quia
2622 959 2807 1020 deest
2840 957 3224 1036 poenitentia
3263 956 3345 1017 de
3377 953 3670 1032 peccatis

2110 1087 2261 1140 ante
2295 1080 2698 1154 Baptismum
2745 1075 3132 1146 commissiS,
3185 1073 3290 1133 vel
3336 1075 3511 1132 certe
3536 1071 3668 1132 ,eti-

2115 1198 2278 1259 amsi
2351 1195 2602 1255 nullum
2668 1193 2942 1254 mortale
3009 1191 3167 1252 alias
3242 1188 3665 1258 commiserit,

2112 1313 2218 1372 vel
2269 1313 2321 1372 si
2383 1310 2802 1382 commiserit,
2858 1323 2992 1368 non
3037 1308 3250 1368 solum
3299 1302 3665 1368 omittendo

2114 1427 2591 1504 poenitentiam,
2658 1423 2779 1485 sed
2849 1427 3041 1485 etiam
3104 1426 3254 1483 actu
3319 1418 3661 1499 peccando

2115 1542 2479 1605 mortaliter
2520 1542 2585 1601 in
2615 1543 2757 1617 ipsa
2785 1540 3211 1616 susceptione
3263 1537 3666 1599 sacramenti

2115 1663 2350 1737 peccat
2383 1656 2466 1719 de
2498 1673 2691 1717 novo.

2198 1772 2292 1854 (b)
2351 1775 2508 1834 Dico
2550 1779 2700 1833 lunc
2749 1774 2907 1846 quia
2950 1770 3262 1831 nolentem
3318 1773 3487 1829 Deus
3540 1785 3668 1829 non

3837 1771 3886 1821 2.

3798 1835 3911 1884 Non

2107 1893 2448 1971 justificat,
2510 1895 2635 1951 etc.
2709 1889 3015 1965 intelligit
3075 1886 3411 1948 nolentem
3478 1888 3665 1965 juxta
3703 1897 4013 1962 justificatur

2121 2024 2397 2085 scopum
2467 2005 2802 2082 Augustini
2868 2008 2935 2064 et
3005 2001 3465 2074 conclusioniS,
3523 2017 3659 2062 non

2120 2128 2334 2189 solum
2381 2125 2464 2185 de
2509 2122 2824 2184 notitione
2900 2120 3239 2191 contraria,
3299 2117 3420 2179 sed
3466 2118 3664 2178 etiam

2124 2244 2207 2305 de
2288 2241 2802 2318 interpretativa,
2876 2252 2998 2298 seu
3072 2236 3426 2297 omissione
3509 2233 3673 2312 ejuS,

2122 2358 2304 2438 quod
2352 2357 2581 2419 debuit
2622 2355 2886 2425 adesse,
2937 2368 3178 2430 nempe
3231 2351 3673 2428 dispositionis

2127 2477 2385 2547 debitae,
2433 2478 2507 2534 ut
2572 2474 2626 2532 si
2672 2471 2862 2532 deest
2905 2468 3098 2537 fides,
3147 2473 3258 2530 aut
3286 2469 3676 2546 poenitentia

2125 2587 2207 2649 de
2240 2588 2411 2647 male
2459 2585 2845 2654 commissis,
2897 2587 2961 2644 et
2991 2585 3357 2646 remotione
3388 2583 3672 2659 impedi-

2121 2704 2350 2775 menti,
2380 2707 2453 2764 ut
2491 2702 2744 2780 peccati
2794 2701 3066 2762 actualis
3118 2705 3270 2762 tunc
3316 2702 3669 2763 commissi.

2122 2820 2468 2882 Conclusio
2502 2823 2724 2881 autem
2759 2818 3055 2879 Doctoris
3109 2820 3207 2877 est
3249 2817 3426 2877 nullo
3470 2815 3670 2877 modo

2123 2937 2217 2997 sic
2279 2934 2501 2996 fictum
2569 2935 2864 3012 recipere
2929 2935 3206 3014 gratiam
3266 2933 3670 2996 sanctifican-

2131 3057 2301 3125 tem;
2354 3060 2454 3114 est
2497 3051 2581 3112 de
2625 3048 2779 3123 fide,
2840 3066 3122 3129 eamque
3177 3052 3489 3128 supponit
3540 3052 3669 3112 Do-

2129 3175 2269 3231 ctor
2328 3185 2405 3230 ex
2476 3168 2730 3229 Sanctis
2802 3167 3124 3240 Patribus,
3186 3183 3334 3227 eam
3389 3168 3679 3229 breviter

2124 3285 2415 3363 probans
2446 3300 2526 3344 ex
2557 3285 2921 3362 Augustino
2965 3289 3031 3345 et
3061 3284 3412 3362 Scriptura.

2208 3401 2417 3460 Prima
2448 3415 2606 3479 ergo
2643 3399 2981 3477 dispositio
3029 3399 3114 3460 ad
3135 3398 3674 3479 justificationem

2126 3515 2331 3577 adulti
2362 3517 2426 3576 in
2473 3518 2796 3593 baptismo
2850 3521 2948 3576 est
2991 3514 3179 3578 fides.
3209 3517 3521 3595 Loquitur
3552 3531 3674 3577 au·

2129 3639 2262 3694 tem
2334 3634 2575 3692 Doctor
2629 3632 2694 3692 in
2768 3630 2995 3693 ordine
3066 3630 3152 3692 ad
3221 3631 3676 3708 recipiendam

2126 3751 2399 3828 gratiam
2483 3746 3022 3810 sanctificantem.
3107 3748 3368 3827 Requiri
3454 3754 3677 3812 autem

2126 3866 2327 3929 fidem
2359 3870 2543 3943 patet
2585 3867 2857 3928 Matthaei
2900 3865 3133 3926 ultimo
3170 3885 3186 3926 :
3234 3870 3469 3928 Euntes
3498 3869 3680 3929 doce-

2126 3993 2207 4057 te,
2255 3989 2379 4045 etc.
2428 3984 2845 4060 praemittitur
2891 3981 3186 4043 doctrina
3238 3982 3321 4043 ob
3381 3986 3679 4047 necessi-

2129 4104 2328 4159 tatem
2359 4095 2532 4169 fidei,
2568 4098 2726 4173 fides
2768 4099 2935 4157 enim
2987 4114 3071 4157 ex
3122 4098 3376 4169 auditu,
3419 4099 3678 4159 auditus

2128 4223 2345 4275 autem
2373 4231 2497 4290 per
2535 4214 2800 4273 verbum
2834 4217 2970 4284 Dei,
3025 4212 3088 4274 id
3139 4217 3261 4284 est,
3312 4211 3673 4290 praedicati·

2128 4347 2356 4392 onem:
2398 4330 2524 4403 Qui
2553 4330 2900 4390 crediderit
2931 4335 2987 4389 ει
3031 4329 3401 4404 baptizatus
3439 4330 3672 4404 fuerit,

2126 4447 2344 4507 salvus
2372 4447 2518 4512 erit,
2555 4449 2683 4506 etc.
2716 4447 2910 4506 Marci
2951 4445 3200 4515 ultimo,
3254 4448 3565 4507 Actorum
3610 4448 3671 4509 8.

2127 4566 2207 4624 Si
2248 4564 2452 4623 credis
2482 4561 2648 4632 licet,
2692 4560 2903 4638 inquit
2949 4559 3282 4637 Philippus
3331 4562 3673 4635 EunuchO,

2129 4679 2359 4749 Crede,
2422 4676 2652 4755 inquit,
2716 4680 2843 4737 etc.
2912 4680 3095 4753 patet
3157 4675 3303 4738 fuse
3373 4693 3454 4738 ex
3516 4677 3677 4738 locis

2127 4793 2306 4854 Pauli
2349 4793 2431 4854 de
2477 4795 2871 4855 necessitate
2923 4791 3099 4867 fidei,
3166 4794 3305 4855 sine
3359 4810 3487 4873 qua
3551 4797 3672 4854 im-

2122 4909 2426 4987 possibile
2456 4915 2542 4969 est
2565 4908 2830 4984 placere
2873 4912 3026 4970 Deo,

2206 5025 2364 5086 Hinc
2394 5024 2676 5102 exigitur
2708 5022 3029 5085 confessio
3075 5023 3227 5086 fidei
3272 5043 3308 5087 a
3352 5025 3673 5089 Catechu-

2124 5144 2361 5215 meniS‚
2437 5148 2501 5204 et
2571 5143 2949 5222 Symbolum
3021 5149 3171 5204 ante
3243 5145 3669 5221 Baptismum.

2126 5260 2431 5322 Clemens
2480 5260 2808 5320 Romanus
2853 5260 2964 5321 lib.
3025 5262 3086 5321 7.
3147 5263 3412 5323 [nstitui.
3461 5279 3515 5323 c.
3569 5264 3671 5325 42.

3775 1962 3940 2011 fictuS.

3775 3418 3946 3469 Prima

3726 3480 3990 3546 dispositio

3736 3549 3814 3597 est
3839 3545 3984 3599 fides.

3774 5082 3912 5134 Clem
3925 5125 3936 5137 .

3777 5148 3908 5197 Rom
3918 5186 3932 5200 .

3758 5209 3969 5275 Dionys.

3727 5272 3768 5322 Ο
3777 5271 3978 5337 rigenos
3988 5312 4000 5325 .

3784 5336 3920 5385 Cone
3931 5376 3942 5387 .

2129 5378 2480 5459 Dionysius
2525 5380 2602 5439 de
2645 5380 3005 5469 Ecclesiasc.
3038 5378 3462 5457 skierarclzia,
3531 5398 3673 5457 cap.
3716 5397 3998 5451 Laodicen.

2126 5499 2184 5557 2.
2256 5496 2577 5573 Origenes
2637 5496 2807 5557 hom.
2868 5497 2928 5556 5.
2991 5498 3056 5556 in
3111 5496 3298 5555 Num.
3373 5496 3679 5575 Synodus

2132 5611 2478 5675 Laodicen.
2513 5628 2655 5672 can.
2690 5612 2792 5673 46.
2822 5618 2878 5672 et
2920 5612 3022 5675 47.
3077 5611 3294 5692 Cyrill.
3342 5613 3678 5691 Jerosoly-

3748 5462 3968 5527 Cyrinus

3721 5525 4020 5589 Jews-olym,

3744 5589 3978 5640 Basilius.
