4287 6313
1773 404 1971 466 msT.
2004 405 2105 467 vl.
2141 405 2499 482 QUAEs'no
2545 409 2591 469 1.

564 558 819 633 tertio
875 561 1279 653 articulo),
1309 583 1640 637 necesse
1689 567 1812 638 est
1849 566 2114 658 ipsum

564 674 862 749 habere
904 700 1137 751 usum
1187 681 1561 756 rationis.
1617 682 2119 775 Simpliciter

563 808 764 881 ergo
825 792 1136 865 nullum
1210 796 1726 888 suppositum
1793 803 2111 872 naturae

568 907 1147 984 intellectualis
1223 913 1688 988 excluditur
1745 935 1790 986 a
1877 936 2116 1008 posse

569 1023 1010 1117 baptizare,
1099 1028 1257 1101 nisi
1338 1035 1679 1124 propter
1767 1033 2118 1126 aliquem

567 1140 901 1214 illorum
954 1144 1211 1217 trium
1253 1145 1737 1231 defectuum,
1773 1149 1901 1221 vel
1936 1169 2119 1242 pro-

571 1263 755 1350 pter
787 1261 1259 1353 plures,vel
1296 1283 1572 1336 omnes
1609 1265 1875 1337 simul.

660 1379 855 1450 Cum
920 1377 1021 1466 (b)
1108 1397 1306 1470 ergo
1396 1400 1555 1452 non
1646 1381 2122 1454 Sacerdotes

574 1489 811 1564 multi
874 1491 1189 1582 possint
1251 1493 1574 1577 habere,
1638 1501 1718 1570 et
1777 1490 2122 1568 habeant

573 1606 741 1679 haec
801 1607 991 1690 tria,
1056 1609 1426 1701 sequitur
1478 1612 1681 1703 quod
1742 1610 2123 1704 simplici-

572 1726 703 1794 ter
759 1724 1079 1814 possint
1120 1724 1567 1818 baptizare.
1619 1725 1809 1807 Dixi
1853 1730 2124 1800 autem

578 1838 1103 1930 generaliter,
1156 1845 1571 1931 suppositum
1622 1856 1887 1911 naturoe
1930 1845 2128 1910 incel-

579 1955 906 2035 ιεοιιιαιίε,
946 1955 1136 2046 quia
1189 1955 1257 2027 si
1308 1956 1566 2028 bonus
1611 1956 1969 2048 Angelus
2002 1956 2131 2027 ba-

581 2068 930 2161 ptizaret
973 2070 1052 2142 in
1086 2092 1436 2164 corpore
1481 2074 1905 2165 assumpto
1946 2090 2129 2145 cum

581 2186 950 2259 omnibus
1022 2187 1432 2279 praedictis
1506 2188 2127 2269 conditionibus,

581 2305 771 2375 tunc
857 2304 1464 2396 supponendum
1546 2309 1761 2379 esset
1845 2323 2131 2377 verum

579 2440 757 2492 esse
827 2421 1000 2514 ejus
1083 2422 1621 2515 Baptismum‚
1707 2421 1894 2514 quia
1972 2441 2134 2492 non

581 2536 838 2620 fieret,
902 2538 1059 2611 nisi
1117 2540 1207 2612 de
1278 2542 1685 2633 praecepto
1747 2538 1936 2620 Dei;
1991 2559 2135 2611 nec

583 2658 800 2728 esset
835 2654 970 2728 ille
1012 2656 1474 2749 baptizatus
1517 2658 1614 2730 ab
1655 2657 1962 2752 Angelo
1997 2656 2137 2731 ite-

590 2793 772 2845 rum
833 2774 1483 2867 rebaptizandus,
1539 2775 1751 2848 sicut
1784 2773 2134 2847 Michael

593 2887 1012 2980 prohibuit
1082 2891 1491 2984 Episcopo
1551 2890 1921 2964 dedicare
1992 2893 2140 2964 Ec-

585 3010 921 3083 clesiam
984 3018 1216 3085 suam
1276 3013 1357 3085 in
1400 3018 1673 3087 monte
1727 3017 2134 3105 Gargano,

587 3146 963 3204 asserens
1076 3151 1256 3204 eam
1372 3150 1419 3203 a
1510 3151 1593 3204 se
1692 3129 2135 3203 dedicatam

590 3247 869 3322 fuisse.

676 3364 756 3436 Si
818 3366 917 3455 (c)
985 3363 1233 3438 etiam
1307 3364 1571 3435 malus
1639 3364 1997 3455 Angelus
2061 3362 2142 3436 in

589 3501 939 3573 corpore
973 3484 1394 3574 assumpto
1429 3481 1807 3574 baptizet,
1843 3484 1923 3556 et
1964 3501 2143 3554 con-

591 3602 751 3673 stet
813 3599 1019 3691 quod
1086 3602 1304 3672 esset
1372 3599 1464 3671 de
1508 3602 1916 3691 praecepto
1966 3597 2138 3680 Dei,

593 3713 782 3787 talis
818 3712 1223 3786 habendus
1265 3717 1482 3787 esset
1529 3734 1676 3806 pro
1701 3712 2140 3805 baptizato,

594 3828 780 3922 quia
841 3833 1167 3921 oportet
1221 3830 1528 3901 malum
1572 3830 1964 3921 Angelum
2006 3829 2148 3903 eti-

595 3966 724 4018 am
782 3945 1125 4018 invitum
1192 3945 1514 4018 obedire
1556 3948 1749 4019 Deo.
1795 3946 1938 4020 Sed
1988 3966 2148 4018 non

591 4065 809 4138 esset
853 4063 1026 4135 sine
1069 4066 1300 4137 certa
1354 4063 1853 4137 revelatione
1907 4083 2152 4155 super

591 4179 742 4254 hoc
782 4179 1063 4253 habita
1098 4180 1610 4263 credendum,
1650 4180 1854 4273 quod
1889 4181 2152 4253 malus

590 4297 947 4388 Angelus
982 4317 1173 4368 vere
1205 4296 1708 4389 baptizaret;
1747 4301 1921 4371 tum
1964 4297 2151 4389 quia

592 4414 807 4487 Deus
897 4433 1049 4484 non
1131 4411 1552 4487 ministrat
1621 4415 2153 4488 Sacramenta

599 4551 746 4623 per
831 4531 1208 4604 exclusos
1297 4530 1660 4605 finaliter
1731 4551 1777 4603 a
1847 4531 2152 4611 salute;

598 4651 772 4722 tum
807 4647 995 4740 quia
1039 4647 1105 4719 si
1158 4667 1322 4719 non
1380 4651 1599 4721 esset
1640 4648 2013 4720 arctatus
2062 4645 2155 4718 de

599 4768 1012 4858 praecepto
1109 4764 1378 4836 divino
1467 4764 1561 4836 ad
1661 4763 2150 4856 oppositum,

603 4879 1218 4973 supponendum
1270 4883 1393 4952 est
1480 4898 1805 4971 semper
1889 4877 2154 4970 ipsum

602 4997 1164 5071 fraudulenter
1222 5017 1492 5088 agere,
1547 5016 1692 5069 nec
1755 4996 2159 5088 complete

602 5117 873 5188 facere
933 5134 1052 5198 ea,
1117 5134 1291 5206 quae
1359 5115 1630 5186 essent
1690 5110 2160 5186 necessaria

602 5233 697 5305 ad
751 5233 1098 5304 salutem
1148 5229 1566 5323 baptizati,
1623 5232 1962 5322 propter
2010 5228 2161 5300 ini-

487 5397 497 5415 ·
607 5353 1034 5436 micitiam‚
1094 5373 1333 5446 quam
1374 5351 1617 5426 habet
1668 5351 1763 5423 ad
1815 5350 2162 5423 salutem

604 5471 1026 5544 hominum
1066 5492 1165 5542 ex
1208 5468 1513 5542 invidia
1554 5468 2162 5562 procedentem.

695 5587 1214 5664 Generaliter
1252 5585 1347 5679 (d)
1396 5585 1646 5660 etiam
1701 5603 2164 5676 congruum

2227 572 2352 642 est
2427 568 2526 641 ab
2598 570 2922 643 homine
2996 570 3318 644 viatore
3413 568 3770 644 conferri

2229 685 2764 778 Baptismum‚
2820 693 2899 762 et
2948 708 3109 760 non
3142 689 3240 760 ab
3272 687 3580 779 Angelo
3633 686 3772 759 ali-

2230 823 2426 894 quo;
2469 804 2643 876 tum
2679 804 2866 897 quia
2908 804 3310 889 ChristuS,
3351 805 3486 897 qui
3540 804 3778 877 insti-

2229 919 2412 1001 tuit,
2467 919 2709 992 homo
2763 921 2959 1003 fuit;
3006 925 3179 994 tum
3247 922 3435 1014 quia
3494 922 3575 994 in
3637 926 3779 995 Sa-

2231 1043 2653 1111 cramento
2696 1040 2819 1110 est
2890 1039 3187 1132 aliquid
3238 1039 3641 1121 sensibile,
3703 1042 3785 1111 et

2233 1152 2531 1246 aliquid
2611 1155 3063 1247 spirituale,
3134 1158 3213 1228 et
3292 1155 3435 1248 ‘per
3503 1177 3784 1228 conse-

2236 1295 2485 1365 quens
2521 1277 2794 1368 magis
2822 1277 3204 1368 congruit
3250 1277 3658 1359 ministro,
3703 1284 3784 1351 et

2238 1395 2498 1468 utenti
2569 1416 2807 1468 sensu
2877 1398 2956 1470 et
3027 1395 3468 1481 intellectu,
3543 1418 3783 1488 quam

2239 1531 2441 1604 pure
2493 1511 3062 1593 intellectuali;
3138 1517 3219 1586 et
3258 1513 3535 1594 tertio,
3595 1513 3784 1605 quia

2239 1649 2382 1721 per
2417 1629 3013 1723 susceptionem
3045 1631 3445 1723 Baptismi
3487 1632 3786 1703 adscri-

2237 1744 2461 1818 bitur
2501 1742 2796 1839 aliquis
2849 1750 2934 1819 ut
2990 1744 3095 1818 sit
3140 1745 3593 1818 membrum
3644 1746 3784 1815 Ec-

2241 1861 2508 1934 clesiae
2561 1862 3035 1944 militantis;
3079 1880 3279 1952 ergo
3329 1881 3784 1953 congruum

2240 1981 2363 2051 est
2415 1978 2564 2051 hoc
2623 1979 2800 2052 fieri
2863 1999 3009 2071 per
3076 1977 3432 2071 aliquem
3495 1977 3574 2049 in
3646 1977 3789 2050 illa

2242 2094 2632 2168 Ecclesia.

2334 2214 2430 2303 (e)
2473 2211 2821 2284 Tandem
2884 2212 3085 2294 dico,
3152 2212 3355 2303 quod
3416 2211 3605 2286 licet
3679 2232 3791 2282 se-

3630 408 3743 468 531
3837 486 3843 492 ἱ

3936 601 3990 651 3.

3930 2231 4038 2285 Soli

3849 2293 4113 2349 Sacerdoti

2246 2329 2592 2402 cundum
2635 2328 3022 2422 praedicta
3059 2328 3466 2420 quodlibet
3509 2347 3793 2420 suppo·
3849 2377 3914 2409 θ,
3944 2359 4109 2407 officio

2251 2447 2496 2520 situm
2548 2445 2850 2518 habens
2893 2450 3063 2519 tres
3126 2445 3554 2538 praedictas
3606 2464 3793 2516 con—

2246 2564 2593 2636 ditiones
2672 2563 2931 2657 possit
3007 2563 3450 2656 baptizare,
3543 2561 3793 2634 etiam

2248 2701 2430 2752 cum
2471 2679 2624 2754 hoc
2659 2679 3039 2773 congruit
3076 2679 3341 2752 solum
3383 2679 3794 2752 hominem

2247 2797 2662 2871 viatorem
2693 2796 3110 2891 baptizare
3138 2825 3152 2879 ;
3189 2816 3644 2888 congruum
3685 2801 3798 2870 ta-

2256 2936 2434 2988 men
2469 2919 2592 2988 est
2653 2913 2868 2989 inter
2915 2915 3278 2988 viatores
3339 2913 3604 2986 solum
3661 2916 3800 2987 Sa-

2250 3033 2665 3105 cerdotem
2706 3032 3150 3124 baptizare,
3194 3037 3275 3107 et
3332 3032 3484 3105 soli
3528 3036 3804 3108 Sacer-

2251 3144 2418 3221 doti
2468 3147 2849 3240 congruit
2883 3169 2982 3220 ex
3017 3146 3308 3221 officiO.

2345 3263 2592 3357 Cujus
2633 3265 2757 3337 est
2802 3265 3044 3348 ratic,
3091 3265 3281 3358 quia
3333 3285 3480 3360 per
3533 3264 3805 3358 Bapti-

2256 3400 2519 3452 smum
2564 3380 2963 3474 recipitur
3007 3378 3468 3472 baptizatus
3519 3380 3599 3452 in
3649 3381 3807 3454 col-

2255 3498 2557 3589 legium
2619 3499 3005 3571 Ecclesiae
3057 3498 3528 3580 militantis3
3597 3518 3808 3571 rece-

2260 3614 2428 3706 ptio
2479 3616 2753 3687 autem
2812 3615 3159 3708 alicujus
3235 3615 3315 3687 in
3372 3614 3808 3706 collegium

2259 3731 2614 3823 pertinet
2656 3731 2751 3803 ad
2803 3731 3369 3825 praesidentem
3403 3737 3482 3806 et
3524 3731 3809 3806 haben-

2260 3851 2422 3921 tem
2492 3848 3075 3921 auctoritatem
3145 3849 3227 3921 in
3292 3849 3641 3940 collegio
3679 3875 3693 3931 ;
3732 3854 3812 3922 et

2262 3964 2436 4038 ideo
2488 3969 2789 4056 quanto
2827 3964 3124 4059 aliquis
3167 3965 3503 4040 haberet
3556 3966 3810 4058 majo-

2262 4119 2438 4171 rem
2533 4098 3114 4172 auctoritatem
3228 4099 3307 4172 in
3412 4097 3809 4181 Ecclesia,

2263 4220 2497 4290 tanto
2543 4215 2806 4307 magis
2848 4216 3299 4309 pertineret
3333 4217 3427 4288 ad
3469 4237 3652 4288 eum
3692 4236 3813 4287 re-

2262 4330 2535 4424 cipere
2611 4335 2692 4404 et
2769 4331 3293 4404 introducere
3379 4332 3461 4403 in
3549 4330 3817 4404 Eccle-

2269 4449 2500 4531 siam,
2535 4452 2617 4521 et
2661 4468 2805 4541 per
2836 4468 3334 4540 consequens
3365 4446 3812 4541 baptizare.

2266 4573 2485 4646 Unde
2536 4572 2796 4666 magis
2851 4577 3356 4666 competeret
3412 4573 3816 4665 Episcopo

2270 4718 2506 4791 quam
2570 4698 2926 4791 simplici
2978 4698 3416 4780 Sacerdoti,
3477 4696 3544 4769 si
3605 4695 3818 4769 suffi-

2272 4829 2824 4928 cere'possent
2866 4824 3274 4918 Episcopi;
3312 4824 3445 4896 sed
3480 4827 3823 4916 propter

2271 4953 2767 5046 paucitatem
2837 4953 3446 5045 Episcoporum,
3516 4957 3597 5024 et
3658 4952 3824 5044 plu-

2273 5079 2692 5154 ralitatem
2751 5077 3443 5172 baptizandorum,
3508 5079 3821 5168 regula-

2276 5205 2482 5279 riter
2547 5204 3019 5281 conceditur
3097 5204 3467 5277 omnibus
3538 5209 3821 5278 Sacer-

2274 5330 2620 5404 dotibus.

2363 5459 2519 5530 Per
2551 5457 2701 5529 hoc
2734 5458 3073 5548 apparet
3108 5456 3203 5527 ad
3237 5457 3823 5531 auctoritatem

3869 2421 4106 2494 congruit

3841 2489 4117 2550 baptizare.

3975 5519 4007 5567 4

2279 5583 2597 5660 Isidori.
2662 5581 3062 5676 Loquitur
3117 5583 3332 5655 enim
3391 5583 3483 5655 de
3555 5580 3820 5654 officio
3853 5556 4074 5646 Adara·
4108 5578 4161 5643 1.
