4287 6313
213 2046 477 2118 Sententia

220 2114 476 2163 Doctoms.

245 2838 444 2890 Sufficit

227 2903 461 2954 moralis.

537 377 657 439 560

541 542 774 613 torem,
836 557 1035 620 quem
1095 546 1160 603 et
1223 542 1368 620 ipse
1437 544 1736 621 sequitur
1805 544 1942 605 dist.
2017 542 2075 601 3.

541 663 758 731 quaest.
824 662 1020 721 unica
1064 667 1186 722 art.
1237 662 1296 722 8.
1362 676 1580 740 neque
1644 661 1769 723 hoc
1833 657 2082 739 requiri

534 774 601 835 in
643 777 887 856 rigore,
958 775 1080 838 sed
1138 775 1444 839 sufficere
1513 777 2077 838 continuationem

532 891 872 964 moralem,
912 894 1105 972 juxta
1154 901 1448 956 naturam
1507 894 1828 974 cujusque
1873 894 2080 956 actio-

529 1007 630 1066 nis
663 1011 726 1067 et
753 1008 1024 1068 modum
1070 1009 1449 1072 enuntiandi
1514 1007 1766 1070 formae.
1820 1010 1913 1070 Ex
1944 1008 2080 1087 qui-

532 1123 654 1187 bus
702 1132 957 1188 constat
1000 1128 1083 1190 ad
1129 1130 1629 1191 Sacramentum
1689 1130 1864 1208 exigi
1904 1144 2083 1190 nunc

534 1241 876 1320 majorem,
941 1260 1115 1306 nunc
1178 1245 1528 1317 minorem,
1598 1250 1925 1324 quatenus
1996 1245 2080 1308 ad

533 1357 796 1437 signum
872 1361 1346 1424 sacramentale
1444 1366 1751 1439 spectant
1836 1363 1941 1422 hic
2018 1367 2083 1423 et

530 1492 719 1549 nunc,
785 1477 937 1554 quia
1008 1476 1164 1539 licet
1231 1479 1298 1540 in
1355 1479 1478 1540 hac
1538 1480 1809 1541 materia
1867 1480 2081 1539 omnis

532 1592 864 1671 diligentia
933 1591 1313 1656 adhibenda
1346 1600 1469 1668 est,
1503 1601 1577 1658 ut
1623 1595 1845 1658 debite
1888 1612 2076 1658 exer-

535 1715 782 1783 ceatur,
833 1713 1052 1770 tamen
1105 1710 1545 1775 submovendi
1591 1716 1748 1773 sunt
1791 1714 2082 1791 scrupuli

536 1829 603 1886 et
669 1824 983 1902 pericula,
1033 1843 1177 1905 quae
1234 1826 1318 1889 de
1372 1827 1599 1890 valore
1659 1830 2064 1891 Sacramenti

537 1943 788 2017 possint
832 1944 1087 2003 exoriri.

613 2058 687 2120 Et
755 2058 887 2136 haec
952 2064 1053 2120 est
1124 2061 1456 2122 sententia
1539 2062 1861 2136 DoctoriS,
1930 2078 2081 2123 nam

530 2173 686 2234 licet
730 2175 1025 2251 posuerit
1079 2176 1347 2236 modum
1382 2176 1759 2238 secundum
1795 2179 2080 2257 rigorem

531 2290 1077 2369 philosophicum,
1116 2293 1315 2354 etiam
1395 2293 1781 2356 salvandum
1847 2295 1931 2356 de
2000 2296 2081 2356 si·

536 2408 810 2470 multate
854 2412 1409 2484 successivorum,
1460 2428 1604 2490 quae
1638 2413 1923 2474 existunt
1963 2430 2084 2489 per

540 2527 783 2600 parteS,
849 2530 913 2586 et
955 2541 1089 2586 non
1152 2525 1366 2599 simul,
1430 2531 1497 2587 et
1547 2542 1690 2604 quae
1734 2526 1940 2605 magis
1985 2530 2084 2588 est

536 2639 601 2699 in
670 2639 875 2717 praxi,
951 2646 1018 2702 et
1077 2657 1271 2720 quam
1357 2658 1439 2703 ex
1517 2644 1934 2722 congruitate
2021 2647 2086 2703 et

535 2759 905 2820 reverentia
970 2760 1270 2822 minister
1329 2759 1531 2822 debet
1583 2761 1955 2835 observare,
2015 2766 2087 2821 ut

536 2872 861 2934 actionem
922 2875 1239 2938 abluendi
1282 2875 1476 2938 faciat
1531 2874 1900 2939 invocando
1938 2877 2078 2937 Tri·

533 2988 828 3062 nitatem,
907 2996 1127 3054 tamen
1185 3009 1406 3070 neque
1477 2994 1546 3055 id
1632 2993 1909 3055 asseruit
1999 2989 2083 3052 de

535 3108 931 3170 necessitate
982 3109 1385 3172 Sacramenti
1443 3110 1688 3188 requiri
1749 3108 2082 3189 (quamvis

532 3227 900 3303 requiratur
944 3225 1029 3288 de
1081 3230 1469 3290 necessitate
1514 3228 1821 3301 ministri,
1872 3241 2081 3306 quan-

533 3338 615 3400 do
664 3342 908 3404 servari
968 3342 1239 3423 potest),
1277 3344 1432 3421 quin
1493 3346 1689 3405 etiam
1736 3346 1937 3407 minor
1965 3359 2086 3422 per

530 3459 845 3521 moralem
929 3461 1492 3523 continuationem
1574 3459 1927 3522 ablutionis
2017 3465 2084 3522 et

533 3576 911 3652 prolationis
984 3574 1208 3640 formae
1289 3574 1589 3639 sufficiat.
1658 3577 1830 3638 Dicit
1906 3578 2085 3637 enim

533 3690 837 3754 sufficere
873 3691 970 3772 (ut
1002 3694 1304 3757 excludat
1352 3694 1640 3757 rationes
1673 3689 2084 3773 glossatoris)

536 3807 620 3868 ad
666 3808 1092 3882 simultatem,
1143 3814 1219 3871 ut
1262 3825 1391 3872 una
1443 3809 1611 3871 actio
1657 3809 1921 3887 incipiat
1964 3826 2081 3870 an-

539 3930 806 4004 tequam
855 3929 1243 3991 terminetur
1291 3928 1438 4003 alia,
1489 3944 1621 3990 non
1656 3927 1812 3990 dicit
1872 3932 2089 3990 tamen

538 4046 797 4106 omnino
837 4045 961 4107 hoc
996 4062 1144 4107 esse
1195 4062 1316 4123 per
1364 4062 1437 4107 se
1469 4044 1886 4124 requisitum,
1935 4060 2089 4106 nam

536 4165 695 4227 ratio
752 4168 963 4244 posita
1016 4167 1099 4227 ab
1144 4168 1289 4244 ipso
1345 4168 1635 4245 primum
1689 4166 1885 4229 docet
1913 4162 2087 4226 suffi-

543 4300 692 4346 cere
760 4285 1325 4364 propinquitatem
1380 4287 1700 4349 moralem
1748 4289 1815 4347 et
1855 4286 2090 4347 huma-

542 4417 715 4473 nam,
748 4419 870 4481 per
921 4420 1120 4482 quam
1154 4406 1421 4466 materia
1456 4408 1521 4466 et
1550 4402 1756 4465 forma
1788 4401 1872 4464 ad
1911 4401 2092 4465 idem

541 4517 914 4582 referantur
972 4537 1096 4599 per
1166 4520 1439 4584 modum
1482 4522 1681 4583 unius
1728 4519 1921 4599 signi,
1955 4517 2092 4597 etg

546 4639 770 4712 Qualis
826 4644 936 4711 est,
1002 4644 1128 4700 etc.
1190 4638 1256 4699 in
1295 4636 1449 4709 fine,
1497 4639 1586 4700 ait
1641 4633 2089 4717 impugnando

542 4758 987 4833 glossatorem
1050 4774 1064 4815 :
1126 4755 1416 4833 Apostoli
1490 4756 1883 4832 baptizantes
1959 4754 2093 4814 tria

541 4875 758 4937 millia
810 4877 1030 4937 eodem
1078 4876 1204 4946 die,
1239 4876 1371 4935 Act.
1405 4876 1464 4935 2.
1498 4890 1627 4933 non
1668 4888 1918 4948 semper
1949 4885 2095 4930 cam

537 4994 779 5056 ultima
851 4993 1113 5069 syllaba
1188 4993 1424 5068 formae
1507 4995 1942 5067 asperserunt,
2003 4990 2097 5049 ita

540 5113 716 5186 quod
756 5115 908 5170 tunc
964 5124 1136 5185 aqua
1177 5109 1465 5184 tetiqerit
1510 5106 1931 5183 baptizatum,
1966 5110 2089 5166 etc.

543 5242 674 5305 quo
732 5242 891 5288 casu
937 5225 1229 5303 aspersio
1283 5225 1500 5302 potuit
1550 5210 1915 5300 praevenire
1959 5219 2090 5284 for-

538 5361 740 5419 mam,
788 5347 901 5406 aut
950 5343 1286 5422 subsequi.

623 5464 779 5525 Hoc
817 5463 1016 5524 etiam
1077 5462 1313 5524 clarius
1376 5461 1705 5539 colligitur
1758 5472 1952 5535 supra
2015 5473 2098 5516 ex
2171 5522 2176 5523 ff

559 5582 704 5643 dist.
740 5580 800 5640 3.
845 5585 1061 5684 quaest.
1095 5580 1153 5640 2.
1202 5577 1238 5657 S
1273 5582 1357 5640 De
1386 5577 1665 5640 secunda
1710 5576 2095 5646 variatione,

1715 382 1860 443 ΜΒ.
1895 381 1966 441 lv
1982 425 1996 440 .
2028 379 2631 443 SENTENTIARUM

2203 557 2397 602 versu
2441 545 2518 605 de
2547 542 3051 617 interpositione,
3086 547 3211 604 etc.
3256 539 3368 602 ubi
3415 536 3575 601 dicit
3603 534 3734 597 suf-

2198 656 2399 720 ficere
2448 656 2533 719 ad
2585 658 3065 720 connexionem
3120 658 3472 718 verborum
3518 651 3744 715 formae

2197 774 2266 854 in
2324 775 2575 838 ratione
2632 777 2771 837 veri
2830 774 3024 854 signi,
3088 772 3584 835 continuitatem
3633 785 3736 831 re-

2198 889 2505 966 quisitam
2555 888 2641 951 ad
2687 895 2869 951 actus
2912 888 3259 951 humanos
3308 888 3491 951 Unde
3539 887 3591 947 si
3622 885 3736 947 ali-

2199 1005 2344 1082 quis
2403 1004 2680 1067 dicens:
2729 1006 2992 1083 Baptizo
3058 1012 3145 1080 te,
3189 1008 3567 1082 interponat
3613 1003 3739 1064 hoc

2196 1123 2494 1197 verbum,
2542 1130 2764 1197 tacete,
2795 1125 2902 1187 vel
2945 1127 3242 1194 recedite,
3275 1128 3342 1185 et
3373 1136 3739 1200 prosequa-

2196 1247 2298 1302 tur
2338 1239 2617 1302 formam
2673 1243 2739 1302 in
2793 1242 3094 1319 reliquiS,
3171 1241 3388 1302 donec
3419 1239 3737 1310 absolvat,

2195 1373 2329 1418 non
2386 1357 2743 1436 impeditur
2800 1358 3196 1420 continuitas
3240 1353 3381 1433 ejus
3435 1353 3521 1416 ad
3592 1370 3738 1415 sen-

2196 1490 2346 1535 sum
2415 1476 2960 1538 sacramentalem
3030 1475 3383 1553 requisita;
3432 1471 3554 1532 sed
3594 1485 3728 1531 non

2195 1591 2413 1670 major
2479 1593 2833 1671 requiritur
2879 1592 3333 1670 propinquitas
3379 1588 3596 1650 formae
3654 1584 3737 1647 ad
3768 1603 3884 1653 Non
3926 1601 4097 1666 major

2197 1711 2560 1782 materiam,
2616 1713 2689 1769 ut
2748 1707 2861 1769 fiat
2921 1712 3129 1769 totum
3190 1707 3453 1786 signum
3518 1721 3736 1766 sacra·
3784 1665 4096 1795 ssffiissff.

2197 1826 2487 1888 mentale
2562 1841 2758 1904 quam
2818 1827 3012 1886 unius
3097 1825 3294 1902 partis
3355 1821 3582 1886 formae
3652 1822 3737 1884 ad
3791 1797 3969 1901 (0,.ξέ
3998 1853 4064 1902 „d

2196 1942 2409 2015 aliam,
2474 1947 2544 2003 ut
2576 1943 2872 2004 similiter
2913 1946 3214 2004 servetur
3251 1956 3486 2003 sensus
3525 1955 3735 2000 sacra·
3784 1917 4074 2042 massffim’

2196 2060 2544 2130 mentalis:
2593 2059 2717 2121 sed
2771 2060 2905 2121 baec
2951 2076 3084 2121 non
3130 2066 3231 2120 est
3276 2059 3572 2137 physica,
3619 2052 3738 2118 sed
3795 2040 4067 2152 sffig'ffd

2195 2176 2487 2249 moraliS,
2556 2182 2621 2237 et
2687 2176 2975 2237 humano
3032 2174 3229 2237 modo
3296 2173 3736 2246 considerata,
3787 2169 4064 2215 semutuo.

2195 2294 2352 2354 alias
2426 2294 2622 2354 etiam
2694 2307 3096 2371 syncopans,
3154 2296 3267 2352 aut
3325 2290 3737 2370 singultiens,

2199 2413 2312 2469 aut
2367 2411 2722 2487 respiranS,
2772 2412 2883 2469 aut
2926 2406 3285 2487 suspirans,
3332 2423 3467 2467 non
3516 2409 3744 2485 posset

2196 2525 2409 2587 valide
2465 2524 2758 2605 proferre
2799 2525 3102 2597 formam,
3150 2525 3508 2589 interclusa
3579 2539 3741 2585 voce

2197 2648 2263 2704 et
2292 2644 2498 2704 halitu
2550 2660 2674 2721 per
2703 2641 3064 2722 ejusmodi,
3123 2659 3247 2704 seu
3298 2645 3518 2720 potius
3547 2644 3742 2702 inter·

2194 2765 2387 2838 rupta
2462 2758 2546 2821 ad
2605 2759 2962 2833 modicum,
3027 2758 3206 2840 quod
3301 2766 3402 2823 est
3471 2757 3737 2833 falsum,

2198 2876 2349 2953 quia
2394 2877 2486 2937 sic
2517 2893 2650 2937 non
2702 2880 2881 2938 esset
2922 2875 3182 2953 signum
3217 2880 3444 2954 aptum
3476 2874 3740 2936 infirmi-

2201 3001 2311 3061 tati
2353 3001 2672 3072 humanae,
2723 3017 2880 3080 ergo
2916 3003 3106 3063 etiam
3153 2999 3376 3062 similis
3448 2998 3603 3060 unio
3676 3001 3744 3059 et

2204 3116 2597 3180 continuitas
2654 3117 2826 3180 inter
2920 3116 3196 3181 formam
3267 3121 3331 3179 et
3401 3115 3741 3178 materiam

2198 3233 2531 3296 sufficiunt
2575 3251 2655 3295 ex
2687 3239 2905 3295 mente
2952 3237 3267 3296 Doctoris.
3322 3233 3740 3305 ScholiasteS,

2200 3350 2466 3430 quando
2527 3351 2682 3412 dicit
2736 3354 3123 3429 requiritur,
3182 3352 3487 3431 intelligit
3531 3367 3738 3430 quan·

2204 3463 2333 3519 tum
2412 3464 2512 3520 est
2585 3458 2668 3521 de
2749 3462 3149 3522 necessitate
3208 3464 3274 3520 et
3333 3460 3743 3538 congruitate

2199 3574 2496 3646 ministri,
2553 3573 2709 3634 dum
2769 3577 3013 3653 potest,
3070 3574 3218 3651 quia
3275 3572 3598 3634 servanda
3647 3576 3746 3634 est

2198 3692 2427 3771 regula
2488 3690 2837 3754 Ritualium
2884 3692 2950 3750 et
3009 3705 3191 3763 usuS,
3255 3696 3319 3750 et
3388 3689 3456 3748 in
3519 3687 3746 3749 minis-

2202 3808 2363 3869 terio
2481 3806 3087 3880 Sacramentorum,
3193 3803 3250 3866 si
3349 3803 3742 3883 possibilitas

2202 3924 2412 3997 adest,
2472 3929 2538 3986 et
2580 3925 2678 3985 via
2731 3926 3048 3987 tutissima
3110 3927 3212 3987 est
3265 3921 3609 4000 sequenda
3679 3925 3745 3982 et

2202 4038 2535 4118 eligenda,
2593 4047 2665 4101 ut
2746 4041 2991 4117 optime
3087 4038 3437 4116 praescribit
3507 4040 3747 4100 Doctor

2203 4156 2443 4219 eodem
2485 4157 2629 4220 loco
2683 4156 2750 4216 in
2782 4154 2912 4218 fine
2949 4155 3379 4235 praecedentis
3438 4171 3741 4234 paragra-

2203 4276 2338 4355 phi.

2623 4513 3117 4596 QUAESTIO.
3194 4515 3321 4583 IV.

2213 4735 2444 4800 Utrum
2527 4742 2826 4819 oporteat
2901 4731 3348 4818 baptizantem
3414 4750 3548 4793 esse
3600 4748 3747 4813 per-

2340 4852 2665 4917 sonaliter
2707 4849 3096 4915 distinctum
3128 4871 3168 4913 a
3201 4847 3537 4933 baptizato
3583 4844 3614 4909 ἶ)

2210 5046 2418 5106 Alensis
2446 5048 2500 5102 4.
2532 5062 2586 5114 p.
2627 5062 2684 5116 q.
2730 5042 2819 5101 16.
2851 5061 2928 5100 m.
2965 5041 3014 5098 8.
3044 5041 3205 5098 Rich.
3243 5037 3335 5095 hic
3364 5049 3484 5096 art.
3520 5044 3574 5097 4.
3606 5058 3659 5109 q.
3694 5042 3747 5097 3.

2287 5121 2347 5173 D.
2378 5117 2565 5175 Thom.
2593 5118 2647 5172 3.
2673 5132 2726 5183 p.
2758 5134 2811 5185 q.
2842 5118 2939 5172 66.
2973 5120 3087 5170 art.
3119 5117 3173 5171 5.
3197 5114 3291 5169 ad.
3319 5115 3369 5169 4.
3391 5112 3610 5169 Rubion
3632 5110 3745 5181 hic,

2278 5207 2335 5261 q.
2358 5194 2407 5245 2.
2430 5207 2484 5246 a.
2523 5194 2570 5247 1.
2593 5188 2792 5245 Bassol.
2819 5190 2874 5244 d.
2908 5191 2962 5244 5.
2995 5204 3046 5255 q.
3072 5188 3120 5242 1.
3144 5188 3208 5240 D.
3247 5189 3449 5241 Bonav.
3474 5187 3526 5240 d.
3555 5186 3609 5240 5.
3635 5191 3745 5240 art.

2281 5264 2328 5319 1.
2364 5279 2420 5332 q.
2455 5262 2504 5317 1.
2535 5265 2776 5333 vasquez
2807 5261 2861 5316 3.
2888 5275 2947 5328 p.
2970 5260 3026 5314 d.
3062 5259 3184 5314 148.
3218 5272 3339 5327 cap.
3367 5260 3422 5313 7.

2299 5440 2413 5512 Ad
2466 5437 2805 5512 tertium
2867 5435 3274 5528 arguitur,
3341 5433 3548 5526 quod
3589 5454 3748 5506 non

2214 5561 2541 5653 oportet
2591 5558 3142 5649 baptizantem
3203 5555 3749 5646 personaliter
3814 5522 4051 5650 Argdm.
