4287 6313
1639 435 1848 499 msr.
1897 436 1995 498 ιιι.
2042 434 2404 511 QUAEs'rno
2460 435 2506 512 ι.

484 611 633 656 cum
676 598 1046 674 praescripta
1097 595 1330 671 forma,
1384 600 1560 659 recte
1594 612 1753 676 ergo
1785 597 2023 658 Doctor

482 712 635 774 dicit
678 714 923 775 ablutio
980 717 1274 789 hominist,
1335 716 1391 776 si
1450 715 1686 777 invitus
1740 713 2023 791 baptiza-

477 834 681 903 retur,
727 846 860 894 non
921 838 1097 894 esset
1154 831 1575 910 baptismalis,
1634 835 1816 893 recte
1863 848 2021 910 ergo

475 946 657 1009 addit
686 949 1068 1028 aliqualiter
1098 953 1574 1024 consentientis,·
1602 953 1654 1012 si
1696 967 1733 1013 a
1776 951 2021 1027 seipso,

475 1080 610 1126 non
640 1069 819 1126 esset
846 1066 1250 1142 baptismalis
1279 1067 1598 1139 similiter,
1629 1070 1811 1128 recte
1862 1083 2021 1144 ergo

477 1179 661 1243 addit
689 1181 771 1243 ab
796 1181 928 1242 alio
947 1183 1164 1260 facta,-
1192 1184 1244 1243 si
1277 1188 1453 1244 esset
1482 1184 1547 1243 in
1587 1184 1711 1245 alio
1741 1185 2021 1262 liquore,

477 1314 610 1359 non
654 1303 830 1359 esset
859 1297 1289 1375 baptismalis,
1345 1302 1525 1361 recte
1558 1316 1716 1379 ergo
1765 1300 2027 1363 additur

355 1465 368 1475 .
478 1415 546 1474 in
589 1431 795 1491 aqua‚·
824 1418 877 1477 si
913 1414 1070 1492 joco
1104 1419 1171 1475 et
1213 1416 1355 1476 sine
1403 1416 1767 1477 intentione
1813 1415 2021 1489 fieret,

241 4349 325 4401 ss.

159 4412 436 4463 Removen·

245 4482 331 4525 tur

191 4552 394 4609 quoque

164 4615 420 4729 ..ma

483 1545 616 1592 non
675 1534 852 1590 esset
895 1527 1321 1606 baptismaliS,
1380 1534 1562 1590 recte
1613 1547 1781 1608 ergo
1840 1529 2024 1591 addit

481 1661 627 1706 eum
690 1645 901 1707 debita
962 1646 1326 1708 intentione.
1389 1646 1601 1708 Verba
1672 1647 1781 1708 illa
1850 1652 2025 1709 certa

477 1762 675 1822 verba
722 1763 1120 1839 proferente,
1172 1762 1453 1826 admittit
1501 1764 1692 1825 Sotus
1745 1779 1893 1825 esse
1940 1763 2023 1824 de

478 1879 729 1941 ratione
801 1879 1222 1953 sacramenti,
1282 1879 1555 1959 eJ‘usque
1617 1879 2018 1943 definitione.

481 1996 668 2069 item,
699 1994 914 2057 sinon
960 1998 1349 2072 siqnislcaret
1391 1998 1746 2073 efficaciter
1787 2014 1873 2060 ea:
1920 1999 2019 2059 in·

476 2114 796 2175 stitutione
830 2114 1072 2188 divina,
1107 2119 1234 2175 etc.
1268 2113 1657 2176 ablutionem
1696 2118 1930 2176 anim-re
1982 2133 2021 2175 α

468 2234 753 2306 peccato,
788 2233 914 2291 etc.
948 2245 1079 2291 non
1114 2235 1292 2292 esset
1328 2232 1754 2308 baptismalis,
1801 2248 2021 2310 neque

480 2343 773 2406 differret
815 2362 851 2406 a
902 2346 1232 2424 Baptismo
1279 2349 1572 2421 Joannis,
1627 2350 1738 2427 qui
1784 2347 1904 2411 fuit
1942 2364 2025 2412 ex

476 2462 885 2524 institutione
959 2462 1197 2535 divina,
1259 2465 1442 2526 Luca».
1497 2465 1555 2527 3.
1618 2468 1880 2527 Factum
1936 2472 2022 2527 est

475 2576 742 2638 verbum
802 2577 1061 2640 Domini
1100 2595 1293 2657 super
1330 2584 1645 2641 loannem
1693 2582 2026 2643 Zachariae

474 2691 685 2767 fllium
727 2693 796 2753 in
838 2695 1107 2768 deserto,
1140 2701 1195 2755 et
1230 2697 1392 2755 venit
1442 2697 1508 2756 in
1555 2711 1804 2758 omnem
1847 2701 2018 2774 reqi-

478 2823 665 2868 onem
698 2810 1004 2870 Iordanis
1042 2812 1408 2884 praedicans
1460 2813 1854 2888 Baptismum
1892 2829 2023 2888 ρω-

475 2921 772 2992 nitentiae,
823 2925 948 2981 etc.
1010 2927 1076 2981 et
1119 2922 1385 2984 Joannis
1437 2926 1489 2985 l.
1552 2926 1674 2995 Qui
1713 2927 1883 2986 misit
1925 2943 2024 2987 me

477 3035 826 3111 baptizare,
894 3034 1008 3096 ille
1071 3038 1239 3097 mihi
1300 3033 1492 3111 dixit,
1554 3043 1681 3101 etc.
1748 3040 2025 3120 Cyrillus

474 3151 589 3212 lib.
621 3154 679 3214 2.
727 3152 792 3212 in
835 3155 1170 3224 loannem,
1210 3170 1370 3229 cap.
1419 3154 1480 3216 2.
1535 3163 1590 3216 et
1639 3155 1697 3216 3.
1754 3156 1842 3217 ait
1889 3158 2025 3219 haec

479 3266 717 3330 dixisse
745 3271 1088 3341 ioannem,
1123 3288 1199 3331 ne
1228 3289 1342 3332 sua
1371 3280 1588 3346 sponte
1622 3290 2026 3349 praecurrere

477 3387 820 3460 videretur,
853 3390 966 3463 qui
990 3404 1116 3446 non
1162 3404 1288 3448 suae
1327 3388 1695 3463 voluntatis,
1726 3393 1839 3452 sed
1865 3393 2026 3454 divi-

475 3521 569 3563 ηε
623 3505 1117 3578 dispensationis
1159 3506 1647 3579 minister-fuit,
1705 3511 1828 3568 etc.
1890 3511 2024 3570 Au-

476 3623 781 3701 gustinus
827 3620 935 3681 lib.
1009 3622 1072 3681 4.
1144 3624 1220 3683 de
1293 3624 1643 3698 Baptismo,
1705 3642 1852 3701 cap.
1919 3629 2023 3689 22.

475 3736 655 3797 idem
687 3735 901 3796 docet.
938 3737 1076 3798 Fuit
1109 3737 1304 3798 etiam
1343 3739 1712 3817 Baptismus
1760 3742 2027 3804 Joannis

477 3852 599 3913 sub
685 3851 1121 3914 determinata
1197 3852 1405 3915 forma
1494 3855 1875 3931 verborum,
1959 3866 2031 3922 ut

474 3985 672 4048 supra
721 3969 1000 4032 vidimus
1058 3971 1177 4032 sed
1247 3989 1377 4033 non
1429 3972 1549 4035 fuit
1610 3976 1676 4036 in
1745 3978 2032 4039 remissi-

476 4104 668 4148 onem
702 4093 1148 4165 peccatorum,
1196 4090 1262 4151 in
1308 4108 1436 4168 quo
1474 4090 1685 4155 differt
1722 4109 1754 4153 a
1803 4096 2028 4172 Bapti-

479 4220 620 4266 smo
652 4202 901 4265 Christi.

570 4322 896 4396 Quaelibet
948 4337 1107 4395 ergo
1167 4323 1481 4400 particula
1526 4327 1592 4387 in
1638 4326 1745 4387 illa
1797 4326 2026 4389 defini·

489 4442 665 4501 tione
727 4439 962 4515 posita,
1028 4437 1356 4519 adjunctis
1415 4422 1577 4513 aliiS,
1635 4443 1741 4503 vel
1798 4461 2028 4508 omnes

482 4556 675 4618 simul
704 4558 790 4618 ita
824 4555 1265 4618 determinant
1310 4561 1612 4619 naturam
1657 4557 2029 4636 specificam

480 4673 904 4745 sacramenti,
964 4677 1036 4734 ut
1087 4672 1280 4735 simul
1321 4680 1591 4753 sumptae
1650 4697 1663 4737 ε
1727 4681 2032 4743 Omnibus

478 4805 605 4850 non
648 4790 861 4860 insint,
912 4789 1013 4849 vel
1053 4790 1433 4864 simpliciter
1462 4808 1602 4867 quae
1628 4799 1793 4867 sunt,
1825 4795 1923 4856 vel
1951 4797 2031 4857 iis

474 4923 617 4981 quae
634 4907 748 4967 sub
774 4909 994 4969 eodem
1017 4924 1248 4983 qenere
1272 4914 1409 4970 sunt
1433 4910 1556 4984 defi
1565 4911 1870 4985 uicorum,
1901 4917 2025 4974 etc.

475 5022 655 5100 quod
705 5029 804 5084 est
847 5023 1130 5100 primum
1170 5039 1387 5103 genus
1418 5026 1734 5102 superflui
1768 5029 1831 5089 in
1865 5029 2030 5091 defi-

474 5141 722 5201 nitione
774 5139 1079 5202 traditum
1130 5156 1165 5201 a
1216 5141 1606 5219 Philosopho
1659 5144 1719 5206 6.
1771 5147 2027 5220 Topieo·

473 5272 638 5324 rum,
687 5271 827 5330 cap.
879 5258 940 5317 2.
998 5257 1301 5332 Qualibet
1348 5256 1540 5318 etiam
1581 5259 1861 5334 sublata,
1895 5278 2028 5323 non

477 5376 700 5433 manet
745 5371 1032 5434 definitio
1067 5375 1330 5450 propria
1371 5376 1793 5449 sacramenti,
1843 5379 2028 5457 quod

479 5495 580 5553 est
634 5489 1005 5554 secundum
1073 5507 1292 5571 genus
1361 5493 1676 5569 superflui
1745 5495 2029 5568 ibidem,-

472 5609 651 5671 nulla
693 5607 1010 5687 particula
1060 5608 1458 5687 exprimitur,
1512 5613 1670 5688 quin
1718 5612 2026 5675 omnibus

3562 430 3671 490 281

2140 597 2309 671 insit,
2341 611 2492 674 quae
2532 599 2687 657 sunt
2731 595 2853 657 sub
2899 591 3146 673 specie,
3202 590 3381 670 quod
3420 593 3520 650 est
3563 592 3688 650 ter-

2135 715 2294 774 tium
2364 727 2620 792 genus;
2681 711 2841 773 nihil
2899 715 3001 772 est
3054 710 3156 771 bis
3200 710 3509 786 positum,
3577 709 3688 767 aut

2131 829 2519 908 frequenter
2589 827 2860 901 dictum,
2943 826 3122 906 quod
3194 829 3297 886 est
3382 807 3690 901 quartum

2133 961 2387 1028 genus3
2424 962 2557 1008 non
2588 944 2852 1006 additur
2883 942 3100 1022 aliqua
3130 958 3282 1021 pars
3312 940 3398 1004 ad
3454 945 3684 1012 totum,

2135 1059 2317 1140 quod
2362 1065 2463 1122 est
2505 1063 2806 1139 quintum
2855 1074 3093 1138 genuS.
3144 1057 3446 1134 Definitio
3499 1054 3689 1116 deni-

2136 1196 2267 1258 que
2300 1185 2401 1242 est
2427 1196 2511 1240 ea:
2549 1180 2883 1254 prioribus
2911 1187 2969 1240 ec
2996 1177 3355 1239 notioribus
3384 1181 3440 1238 et
3466 1177 3688 1236 imme·

2135 1297 2349 1368 dz'atis,
2397 1311 2478 1356 ex
2523 1296 2761 1373 quibus
2793 1296 3093 1373 sequitur
3124 1299 3329 1355 artem
3362 1291 3681 1355 definien-

2136 1412 2201 1474 di
2274 1414 2663 1474 observasse
2719 1411 3067 1472 Ductorem
3128 1409 3346 1488 quoad
3403 1406 3680 1469 definiti-

2135 1545 2356 1591 onem.

2214 1644 2308 1728 (d)
2361 1648 2457 1708 Act
2516 1649 2969 1721 arqumentum
3039 1644 3300 1715 dicitur,
3375 1647 3499 1703 etc.
3574 1640 3684 1700 Hic
3821 1663 3902 1715 12,

2132 1762 2348 1841 rejicit
2396 1760 2791 1823 solutionem
2839 1757 3162 1832 Richardi,
3207 1759 3316 1836 qui
3360 1756 3515 1819 dicit
3542 1771 3683 1817 ma·
3711 1727 4033 1856 arguwenta-

2136 1882 2367 1941 teriam
2423 1884 2534 1940 aut
2563 1877 2963 1957 subjectum,
2997 1873 3330 1953 praedicari
3364 1872 3446 1934 de
3486 1873 3683 1934 artifi-

2136 1996 2406 2056 cialibus
2449 1997 2515 2056 in
2559 1999 2765 2066 recto;
2819 1994 2945 2054 hoc
2995 2009 3223 2053 verum
3276 2006 3443 2064 esse,
3489 1989 3543 2050 si
3582 2006 3684 2050 su-

2134 2116 2349 2172 matur
2412 2115 2541 2171 tota
2591 2111 2888 2180 materia,
2946 2114 3057 2169 aut
3102 2107 3499 2185 subjectum,
3555 2121 3689 2166 non

2135 2234 2356 2290 autem
2417 2244 2590 2306 pars.
2655 2228 2979 2304 Supponit
3022 2231 3244 2287 autem
3289 2225 3691 2286 sententiam

2133 2342 2461 2413 Richardi,
2537 2343 2895 2405 asserentis
2973 2340 3252 2402 formam
3334 2341 3689 2402 verborum

2135 2478 2282 2524 esse
2336 2460 2417 2522 de
2465 2461 2732 2521 materia
2780 2459 3203 2528 Sacramenti‚
3244 2474 3368 2520 seu
3400 2459 3687 2518 essentia

2138 2585 2202 2641 et
2249 2576 2680 2639 fundamento
2745 2576 3080 2638 relationis
3138 2574 3681 2646 sacramentalis;

2138 2693 2374 2755 domus
2423 2707 2557 2754 non
2610 2693 2844 2754 dicitur
2896 2707 3042 2752 esse
3094 2690 3279 2766 lapis.
3319 2688 3688 2752 Adverten-

2138 2809 2297 2870 dum
2375 2809 2648 2885 insuper
2716 2806 2876 2869 illud
2951 2824 3079 2868 non
3155 2822 3302 2867 esse
3355 2806 3715 2884 peculiare,

2137 2928 2270 2987 enti
2303 2924 2634 2997 artificiali,
2671 2926 2821 3003 quia
2856 2924 2938 2984 de
2971 2923 3147 2984 omni
3181 2927 3488 2984 concreto
3521 2924 3682 2984 acci·
3731 2921 4016 3049 ssgfssffig

2136 3041 2381 3103 dentali
2411 3040 2797 3118 praedicatur
2832 3039 3205 3119 subjectum
3236 3053 3427 3099 suum
3464 3036 3681 3112 totale,
3726 3049 4035 3112 preadicatur

2136 3160 2312 3242 quod
2356 3162 2744 3237 importatur
2772 3174 2893 3235 per
2923 3155 3338 3233 praedicatum
3373 3172 3453 3216 ex
3483 3152 3683 3214 modo
3753 3111 3817 3161 αθ
3844 3116 3971 3163 ²⁰¹⁰·

2135 3274 2547 3357 significandi
2587 3277 2648 3337 in
2702 3279 3037 3348 concrete,
3090 3272 3318 3333 saltem
3365 3269 3686 3332 secunda·

2118 3367 2254 3463 rio,
2289 3394 2463 3456 bene
2497 3393 2672 3453 enim
2724 3391 2980 3461 dicitur,
3025 3405 3294 3451 currens
3322 3392 3407 3448 est
3438 3390 3684 3447 Petrus.

2215 3513 2291 3572 Et
2330 3510 2465 3570 haec
2512 3514 2610 3568 est
2655 3509 2815 3569 ratio
2860 3522 3063 3585 quare
3109 3506 3481 3584 subjectum
3523 3503 3688 3565 entis

2138 3627 2484 3691 artificialis
2517 3625 2904 3706 praedicetur
2950 3623 3033 3684 de
3070 3627 3215 3701 ipso
3251 3625 3316 3684 in
3352 3627 3686 3693 concret0,

2140 3761 2284 3825 quae
2325 3743 2705 3821 praedicatio
2749 3744 2930 3801 esset
2974 3736 3158 3810 falsa,
3217 3741 3270 3800 si
3317 3730 3722 3798 sumeretur'

2137 3839 2342 3933 torma
2387 3867 2735 3931 artificialis
2791 3868 2855 3927 in
2887 3853 3212 3926 abstracto
3242 3882 3257 3934 ;
3291 3879 3424 3925 non
3454 3860 3691 3923 sufficit

2142 3989 2338 4058 enim,
2382 3991 2452 4047 ut
2499 3984 2708 4047 forma
2750 3985 2926 4055 insit,
2973 3981 3093 4043 nisi
3140 3996 3221 4041 ex
3262 3979 3459 4043 modo
3493 3978 3691 4058 signi·

2123 4105 2377 4189 *ficandi
2429 4104 2701 4167 denotet
2748 4117 2940 4163 suum
2990 4101 3210 4170 inesse,
3274 4103 3473 4176 atque
3532 4096 3689 4158 illud

2145 4221 2246 4284 cui
2298 4221 2469 4292 insit,
2531 4219 2858 4295 importet.
2921 4217 3104 4278 Ratio
3165 4231 3323 4294 ergo
3372 4230 3683 4292 quorum-

2141 4340 2316 4410 dam,
2363 4342 2435 4399 ut
2478 4337 2633 4407 Soti,
2682 4337 2815 4414 jam
2861 4333 3209 4412 praemissa,
3266 4334 3332 4394 et
3368 4329 3529 4392 falsa
3565 4334 3687 4403 est,

2141 4461 2207 4518 et
2240 4452 2583 4515 committit
2615 4469 2739 4515 non
2776 4465 3042 4511 causam
3084 4454 3150 4509 ut
3198 4464 3487 4521 causam,
3537 4446 3689 4525 quia

2140 4589 2266 4633 nec
2322 4576 2451 4632 tota
2496 4567 2826 4648 quidditas
2867 4572 2933 4627 et
2999 4567 3162 4626 ratio
3195 4564 3362 4625 entis
3394 4562 3688 4629 artificia-

2139 4688 2241 4762 lis,
2288 4693 2355 4748 ut
2400 4683 2727 4749 artificiale
2759 4690 2882 4755 est,
2917 4687 3016 4744 est
3068 4698 3186 4743 sua
3226 4682 3518 4755 materia,
3566 4694 3683 4740 ne·

2141 4820 2271 4884 que
2318 4803 2368 4864 si
2417 4804 2614 4875 esset,
2667 4798 2823 4861 inde
2868 4800 3242 4859 sumeretur
3288 4793 3681 4857 fundamen·

2141 4929 2278 4984 tum
2313 4916 2732 4998 praedicandi‚
2784 4912 2906 4975 sed
2957 4931 3038 4975 ex
3090 4930 3167 4975 eo
3219 4911 3398 4991 quod
3438 4914 3502 4973 in
3535 4929 3684 4973 con-

2141 5042 2318 5100 creto
2378 5052 2498 5113 per
2556 5035 2959 5103 alterutrum,
3023 5030 3160 5090 sive
3205 5028 3505 5101 formam,
3547 5029 3683 5089 sive

2139 5152 2480 5214 materiam
2508 5151 2899 5227 importatur
2927 5145 3253 5223 reliquum
3282 5163 3297 5216 ;
3351 5149 3480 5205 tota
3514 5145 3691 5205 enim

2135 5268 2301 5330 ratio
2334 5265 2612 5328 hominis
2646 5271 2745 5326 est
2772 5263 3166 5334 humanitati,
3196 5259 3319 5322 sed
3350 5274 3479 5322 non
3511 5266 3688 5321 recte

2141 5385 2224 5447 de
2268 5386 2409 5462 ipso
2465 5381 2847 5461 praedicatur
2897 5381 2990 5442 sic
3037 5381 3099 5441 in
3152 5379 3504 5451 abstracte,
3568 5375 3687 5437 sed

2140 5507 2392 5564 tantum
2420 5500 2486 5561 in
2518 5502 2852 5561 concreto,
