4287 6313
1579 414 1783 476 D1s'r.
1831 411 2319 489 111.QUAEST10
2367 413 2441 476 11.

496 596 683 643 xeam
725 576 787 643 id
846 596 1078 642 verum
1155 585 1275 656 est,
1330 596 1478 643 cum
1510 597 1591 643 ex
1624 576 1766 663 ipsa
1825 566 2040 644 forma

495 692 721 777 probet
786 703 1012 758 contra
1075 690 1406 770 eumdem,
1464 696 1718 758 Patrem
1787 692 2028 760 distin-

490 810 605 896 gui
667 811 730 875 in
765 829 1042 897 persona
1072 830 1107 875 a
1141 809 1331 889 Filio;
1386 809 1560 876 unde
1617 809 1860 889 subdit,
1908 830 2044 878 non

492 925 565 990 in
586 945 791 990 unum
810 924 1068 1011 (supple
1097 923 1308 1012 quoad
1342 924 1714 1013 personas),
1741 947 1900 991 nam
1928 947 2047 991 nec

489 1041 836 1120 semel‚sed
869 1062 988 1126 per
1007 1043 1280 1129 sinqula
1314 1044 1586 1108 nomina
1616 1044 1687 1108 in
1724 1063 2046 1129 personas

487 1159 790 1244 sinqulas
854 1160 1198 1245 tinqimur,
1275 1160 1386 1229 ubi
1468 1171 1531 1225 et
1588 1160 1784 1226 ritum
1818 1173 1881 1225 et
1911 1159 2043 1225 for-

490 1274 1013 1358 mimBaptismi
1057 1274 1386 1363 designat,
1449 1289 1522 1343 ut
1601 1286 1774 1341 recte
1839 1274 2039 1341 etiam

489 1389 774 1455 advertit
833 1391 1158 1458 pamelius
1207 1393 1631 1459 annotatione
1691 1391 1901 1477 prima
1977 1391 2041 1456 in

497 1503 662 1571 libro
739 1506 1031 1592 ejusdem
1104 1509 1486 1574 Tertulliani
1556 1507 1637 1575 de
1678 1508 2038 1595 BaptismO.

499 1622 873 1710 Eodemque
943 1627 1134 1691 modo
1183 1648 1389 1693 canon
1426 1627 1738 1713 praefatus
1772 1630 2047 1711 Aposto-

498 1733 708 1807 lorum
781 1742 973 1808 tradit
1023 1741 1294 1809 formam
1359 1742 1723 1831 baptizandi
1824 1754 2047 1828 contra

501 1859 847 1924 haereticos
899 1859 1298 1946 baptizantes
1358 1861 1432 1925 in
1503 1861 1770 1935 nominc
1837 1861 2047 1925 trium

501 1976 851 2060 principio
883 1976 1278 2053 carentium,
1323 1986 1392 2040 ut
1433 1977 1635 2040 trium
1686 1974 2040 2052 Filiorum,

504 2091 606 2154 vel
653 2092 858 2155 trium
921 2091 1438 2176 paracletorum.
1472 2089 1784 2165 Quamvis
1830 2099 2046 2154 autem

504 2205 724 2271 versio
764 2206 1010 2284 Latina,
1074 2219 1203 2271 tam
1246 2207 1538 2292 Dionysii
1574 2206 1810 2292 Exigui
1849 2226 2047 2292 quam

502 2305 812 2402 Gratiani,
866 2333 1080 2388 vertat
1136 2325 1208 2388 in
1267 2325 1535 2388 nomine
1567 2323 1795 2387 Patris
1834 2332 1894 2386 et
1933 2321 2050 2386 Fi-

502 2439 603 2518 lii,
641 2451 764 2505 etc.
821 2459 948 2504 non
1000 2440 1095 2506 sic
1131 2440 1504 2506 continetur
1547 2439 1610 2503 in
1643 2450 1824 2505 textu
1869 2439 2051 2503 Grae-

497 2574 596 2631 ce,
651 2555 764 2621 sed
815 2557 891 2621 in
950 2556 1221 2622 Patrem
1280 2565 1340 2620 et
1407 2553 1679 2632 Filium,
1750 2566 1821 2619 ut
1873 2564 2047 2620 recte

502 2670 750 2736 notavit
819 2671 959 2757 ipse
995 2673 1309 2758 vasquez,
1375 2669 1676 2757 quamvis
1743 2689 1873 2734 non
1945 2688 2047 2735 re-

495 2785 811 2871 spondeat
864 2785 987 2853 nisi
1038 2786 1116 2852 ad
1147 2786 1874 2853 Tertullianum.Canon
1915 2805 2036 2850 au«

499 2919 630 2967 tem
683 2901 771 2967 ita
830 2902 1073 2968 habet:
1140 2904 1222 2968 Si
1279 2904 1425 2990 quis
1503 2904 1890 2989 Episcopus,
1945 2900 2050 2967 vel

451 3013 888 3104 .Presbyter,'
931 3023 1135 3106 juxta
1208 3020 1485 3090 Domi-ni
1540 3019 2043 3084 ordinationem

500 3158 637 3203 non
683 3136 1126 3224 baptizaverit
1169 3139 1242 3203 in
1282 3137 1552 3202 Patrem
1601 3147 1662 3202 et
1707 3136 1955 3202 Filium
1985 3147 2044 3202 et

503 3254 840 3339 Spiritum
867 3264 1188 3333 sanctum,
1232 3254 1348 3320 sed
1395 3255 1470 3319 in
1503 3265 1634 3320 tres
1685 3255 2039 3341 principio

504 3380 826 3455 expertes,
867 3369 970 3435 vel
1016 3380 1148 3435 tres
1187 3370 1420 3449 Filios,
1469 3382 1594 3436 etc.
1641 3370 2039 3456 deponatur.
2113 3435 2124 3446 ,

505 3484 621 3550 Ηίο
676 3505 834 3572 ergo
865 3505 1071 3551 canon
1113 3484 1308 3552 tradit
1340 3486 1610 3552 formam
1652 3497 1876 3552 contra
1910 3486 2042 3551 hae-

506 3601 739 3668 reticos
781 3587 1181 3688 reprobatos,
1228 3602 1397 3668 sicut
1427 3613 1490 3668 et
1519 3623 1727 3668 canon
1761 3623 2044 3689 sequens

508 3718 702 3783 ritum
733 3717 925 3783 trinae
962 3717 1428 3795 immersioniS,
1474 3730 1698 3784 contra
1747 3738 1859 3784 eos
1938 3718 2047 3804 qui

510 3854 723 3900 unam*
752 3846 1001 3900 tantum
1041 3832 1277 3900 dabant
1320 3835 1385 3900 in
1429 3834 1680 3901 Domini
1744 3846 2045 3910 mortem,

509 3950 916 4037 subjungens
987 3947 1303 4015 rationem
1358 3972 1371 4015 :
1435 3969 1572 4014 non
1623 3950 1801 4014 enim
1870 3949 2051 4014 dixit

510 4067 696 4132 nobis
734 4066 1075 4145 Dominus,
1123 4067 1194 4129 in
1242 4076 1449 4130 morte
1493 4086 1637 4130 mea
1677 4065 2046 4150 baptisate,

506 4183 620 4249 sed
649 4194 871 4249 euntes
906 4181 1128 4247 docete
1166 4201 1388 4246 omnes
1428 4192 1658 4267 {lentes
1695 4181 2050 4266 baptizan-

413 4304 416 4305 ’
506 4310 595 4365 tes
624 4321 729 4365 eos
766 4301 839 4366 in
877 4299 1147 4364 nomine
1191 4299 1439 4378 Patris,
1489 4308 1612 4363 etc.
1662 4297 1841 4364 Unde
1871 4297 2049 4362 colli-

505 4435 661 4500 gere
729 4415 879 4481 licet
937 4414 1089 4480 huic
1146 4411 1543 4500 aequivalere
1595 4412 1869 4478 formam
1938 4433 2050 4479 su-

506 4533 849 4618 periorem,
912 4552 994 4597 ex
1056 4551 1256 4596 sensu
1333 4530 1678 4615 utriusque
1751 4530 2046 4609 canonis,

509 4678 653 4724 cum
701 4656 763 4721 in
823 4653 1147 4743 superiori
1212 4653 1422 4719 tradat
1489 4673 1708 4718 veram
1775 4653 2047 4718 formam

509 4772 847 4860 corrigens
887 4792 1170 4838 errorem
1215 4769 1698 4848 haereticorum,
1738 4783 1801 4835 et
1833 4770 1897 4834 in
1931 4770 2054 4836 hoc

513 4904 835 4976 supponat
907 4885 1201 4954 eamdem
1278 4908 1359 4953 ex
1426 4887 1712 4952 Matthaei
1794 4886 2045 4966 ultimo,

513 5017 734 5072 contra
818 5004 1221 5090 baptizantes
1300 5023 1424 5068 una
1503 5002 1925 5069 immersione
1987 5003 2052 5067 in

512 5121 749 5187 Christi
792 5132 1097 5198 mortem;
1139 5138 1266 5206 qua
1306 5130 1520 5186 autem
1556 5118 1807 5184 ratione
1840 5117 1900 5182 id
1936 5118 2054 5183 im-

491 5239 839 5323 probetur,
909 5237 1159 5302 dicetur
1200 5234 1263 5300 in
1304 5234 1599 5322 sequenti
1650 5234 2037 5321 quaestione.

487 5346 720 5411 ‘Prima
781 5344 986 5410 forma
1055 5343 1246 5409 datur
1294 5363 1407 5428 per
1477 5342 1857 5427 particulam
1895 5364 2042 5429 per,

511 5455 612 5519 cui
661 5452 1012 5540 aequivalet
1051 5451 1365 5538 particula
1409 5452 1505 5515 in.

489 5646 496 5653 .
598 5560 975 5653 Confirmari
1018 5568 1255 5644 potest,
1308 5558 1386 5624 ad
1435 5559 1807 5627 Corinthios
1845 5563 1921 5627 6.
1964 5562 2052 5626 Et

705 5674 1018 5730 Tom.XV1.
1083 5672 1086 5677 ’

3574 403 3699 489 ,305

2153 577 2290 642 hoec
2328 575 2594 661 quidem
2631 576 2862 659 fuistis
2892 586 3016 642 etc.
3050 572 3165 639 sed
3194 570 3481 640 absoluti
3508 569 3686 647 estis,
3766 649 3769 656 1

2150 691 2266 756 sed
2303 692 2709 774 sanctificati
2765 692 2942 771 estis,
2987 689 3102 756 sed
3132 687 3495 775 justificati
3545 685 3703 750 estis
3752 713 3755 720 ·

2158 808 2233 871 in
2273 809 2538 872 nomine
2589 808 2860 873 Domini
2924 808 3141 873 nostri
3202 806 3355 870 Iesu
3417 800 3697 875 Christi,

2159 926 2324 988 etin
2379 917 2644 1009 Spiritu
2687 924 2811 988 Dei
2840 923 3075 999 nostri,
3113 933 3242 987 etc.
3300 919 3361 984 id
3402 929 3526 1000 est,
3582 935 3700 1002 per

2155 1039 2472 1124 Spiritum
2551 1051 2872 1118 sanctum,
2932 1052 2999 1104 ut
3039 1047 3377 1122 exponunt
3414 1036 3699 1120 Chryso-

2145 1165 2436 1232 stomuS,
2504 1153 3055 1240 Theophylactus,
3118 1149 3581 1229 OEcumeniuS,
3641 1160 3704 1214 et

2158 1267 2291 1338 alii.
2340 1270 2650 1355 Loquitur
2702 1281 2917 1336 autem
2971 1268 3320 1355 Apostolus
3367 1265 3448 1331 de
3506 1262 3694 1329 ablu·
3746 1305 3753 1312 ·

2159 1384 2336 1451 tione
2375 1398 2438 1450 et
2476 1385 2984 1452 sanctificatione
3024 1382 3420 1470 baptismali.
3454 1384 3533 1447 Et
3566 1378 3704 1466 pri·

2164 1520 2269 1565 mo
2312 1499 2451 1566 loco
2515 1499 2669 1564 dicit
2710 1501 2783 1565 in
2831 1501 3100 1564 nomine
3158 1496 3433 1563 Domini
3479 1496 3705 1560 ,nostri

2160 1616 2312 1680 Iesu
2364 1616 2618 1680 Christi
2638 1639 2663 1695 ‚·
2704 1615 2769 1680 in
2820 1614 3104 1680 secundo
3143 1625 3358 1679 autem
3414 1609 3572 1675 dicit
3619 1610 3693 1675 in

2162 1732 2429 1816 Spiritu
2462 1732 2585 1794 Dei
2614 1731 2846 1803 nostri,
2893 1742 3022 1795 etc.
3072 1728 3178 1794 ubi
3223 1723 3580 1815 propositio
3621 1727 3697 1803 in

2166 1846 2449 1911 sumitur
2492 1845 2964 1932 aequivalenter
3004 1865 3120 1930 pro
3177 1845 3251 1909 in
3300 1844 3593 1908 nomine.

2256 1963 2351 2026 De
2390 1963 2644 2047 quinta,
2682 1963 2936 2026 scilicet
2974 1960 3057 2024 de
3092 1961 3359 2024 nomine
3425 1957 3723 2034 Christi,
3857 1973 3935 2025 46.

2710 2078 2722 2090 .
3081 2077 3093 2088 .
3146 2077 3157 2089 .
3453 2073 3465 2086 .
3860 2035 3940 2084 De

2164 2087 2346 2163 patet
2403 2077 2575 2162 quod
2623 2075 2991 2162 aliquando
3042 2076 3296 2141 licitum
3355 2074 3516 2156 fuit,
3574 2083 3697 2136 etc.
3763 2096 4024 2161 Baptismo

2166 2192 2490 2278 baptizare
2523 2191 2771 2258 scilicet
2802 2193 2875 2258 in
2921 2194 3189 2258 nomine
3241 2190 3521 2256 Christi.
3559 2191 3712 2252 Haec
3755 2173 4037 2270 ¹¹2⁴ss35¹21¹5¹3⁰

2161 2320 2259 2374 est
2290 2309 2608 2374 sententia
2640 2308 3009 2374 communis
3040 2306 3331 2372 omnium
3356 2302 3710 2370 Scholasti-
3737 2283 4048 2396 οὲξζζζῆῗῐξξζ

2166 2445 2419 2506 corum,
2473 2445 2638 2510 quos
2672 2424 2833 2490 citat
2878 2424 3298 2500 ScholiasteS,
3344 2432 3407 2487 et
3436 2420 3709 2486 aliorum
3736 2407 4048 2519 Αᾞῇξῑέῗῦ·

2165 2553 2410 2627 praeter
2493 2541 2702 2606 solum
2758 2540 3233 2606 Armachanum
3296 2537 3410 2603 lib.
3485 2539 3555 2602 8.
3627 2536 3711 2601 de
3875 2509 3903 2533 ⁰

3797 2531 3988 2581 Canus.

3789 2596 3998 2645 Suarez.

2166 2659 2636 2743 qucestionibus
2675 2659 3116 2724 Armenorum
3165 2677 3310 2741 cap.
3374 2658 3438 2720 3.
3501 2673 3699 2740 quem
3760 2657 4017 2782 νξξὲιᾶεθῑι.

2163 2776 2459 2864 sequitur
2506 2780 2724 2841 Canus
2778 2788 2841 2841 et
2880 2777 3116 2841 Suarez
3148 2772 3351 2853 citati,
3397 2783 3462 2836 et
3512 2775 3706 2838 Sotus

2163 2904 2280 2957 art.
2337 2894 2401 2956 6.
2468 2892 2664 2978 hujus
2716 2889 3211 2969 distinctionis,
3284 2901 3349 2954 et
3417 2886 3708 2974 vasquez

2161 3009 2335 3094 disp.
2407 3012 2560 3074 143.
2614 3031 2758 3094 cap.
2815 3013 2879 3074 3.
2936 3020 2995 3074 et
3058 3013 3123 3074 4.
3168 3006 3280 3095 qui
3332 3018 3506 3073 certe
3561 3024 3703 3070 ma-

2160 3125 2310 3211 gnis
2382 3124 2777 3211 conjecturis
2851 3124 3217 3210 oppositam
3299 3120 3741 3195 sententiam.

2162 3241 2460 3326 probant,
2514 3253 2577 3305 et
2636 3260 2968 3327 nunquam
3031 3239 3239 3305 fuisse
3297 3238 3362 3303 in
3413 3258 3536 3302 usu
3588 3236 3702 3302 ba-

2168 3357 2403 3443 ptizare
2444 3357 2509 3422 in
2542 3357 2807 3423 nomine
2864 3356 3128 3432 Christi,
3195 3376 3323 3421 non
3393 3372 3708 3439 expressa

2164 3470 2576 3540 invocatione
2614 3470 2812 3535 trium
2845 3489 3300 3555 personarum.

2251 3588 2596 3653 Conclusio
2663 3588 3031 3654 communis
3081 3586 3284 3653 variis
3340 3586 3552 3652 modis
3592 3584 3706 3651 de·
3849 3580 3933 3630 47.

3734 3642 3881 3695 Varii
3916 3640 4056 3691 modi

2166 3703 2473 3771 fenditur.
2518 3688 2782 3770 ‘Alensis
2832 3723 2980 3768 cum
3046 3702 3189 3768 aliis
3249 3703 4038 3816 sequentibus‘ssss‘iffffi‘ssi

2163 3820 2396 3886 docent
2442 3819 2883 3905 dispensative
2921 3819 2986 3884 in
3039 3818 3357 3905 principio
3401 3839 3515 3904 per
3554 3838 3698 3903 spe·
3788 3842 4009 3877 commu-

2160 3936 2388 4002 cialem
2424 3935 2885 4001 revelationem
2927 3954 3312 4001 concessum
3353 3954 3499 4000 esse
3532 3938 3699 4019 Apo·
3785 3904 4017 4005 Ᾱιὶἕιῗὲὶε.

2164 4052 2373 4131 stolis,
2450 4064 2521 4117 ut
2597 4072 2832 4117 nomen
2911 4051 3149 4117 Christi
3217 4049 3709 4137 contemptibile

2164 4168 2334 4256 apud
2374 4167 2635 4234 Judaeos
2693 4180 2756 4233 et
2795 4168 3081 4233 Gentiles
3133 4164 3510 4233 redderetur
3560 4166 3711 4252 glo-

2165 4286 2436 4363 riosum,
2483 4306 2630 4351 cum
2674 4306 2787 4371 per
2822 4285 3299 4351 invocationem
3346 4285 3490 4372 ejus
3531 4281 3713 4348 dare-

2166 4411 2272 4465 tur
2292 4400 2501 4485 gratia
2532 4399 2963 4485 baptismaliS‚
3000 4411 3063 4464 et
3093 4399 3374 4484 Spiritus
3406 4408 3709 4473 sanctus;

2163 4531 2228 4583 et
2282 4537 2433 4583 cum
2476 4516 2597 4581 hac
2655 4514 3097 4582 moderatione
3148 4515 3429 4580 limitant
3519 4533 3710 4579 usum

2165 4631 2341 4696 illius
2383 4630 2609 4696 formae
2642 4651 2756 4715 pro
2797 4630 2906 4696 illo
2937 4642 3186 4695 tantum
3235 4641 3548 4715 tempore,
3601 4628 3710 4693 do-

2166 4767 2283 4811 nec
2324 4767 2556 4813 nomen
2615 4746 2852 4812 Christi
2904 4767 2979 4812 ex
3038 4746 3250 4811 fructu
3308 4744 3615 4811 innotuit.

2255 4864 2601 4950 Cajetanus
2642 4864 2956 4929 tamenin
3005 4873 3140 4928 art.
3194 4865 3259 4930 6.
3312 4873 3545 4949 quoest.
3589 4864 3704 4930 66.
3775 4864 4007 4927 cajetan.

2170 4982 2243 5044 D.
2308 4980 2600 5058 Thomae,
2646 4990 2710 5044 et
2741 4979 3065 5045 Adrianus
3120 4978 3184 5043 in
3227 4991 3554 5067 quartum,
3610 4930 4022 5044 (ii-'Adrmnuffi

2140 5107 2324 5160 ‚cunt
2381 5095 2658 5161 formam
2720 5095 2878 5160 citra
2952 5093 3506 5182 dispensationem
3551 5094 3716 5161 vali-

2166 5210 2311 5276 dam
2345 5231 2489 5276 esse
2521 5232 2637 5297 pro
2668 5231 3080 5299 quocumque
3112 5222 3442 5298 tempore;
3480 5210 3719 5298 quibus

2166 5328 2388 5394 favent
2453 5326 2863 5406 Ambrosius,
2946 5326 3251 5392 Nicolaus
3323 5330 3518 5411 Papa,
3571 5346 3716 5412 cap.

2165 5447 2214 5510 A
2252 5444 2542 5530 quodam
2594 5444 2846 5523 Iudaea,
2884 5454 2946 5507 et
2986 5442 3301 5529 Magister
3344 5441 3407 5506 in
3466 5442 3711 5521 littera,

2165 5574 2229 5627 et
2258 5564 2446 5649 Hugo
2494 5558 2573 5626 de
2602 5563 2837 5628 Sancto
2876 5560 3137 5626 Victore
3178 5560 3300 5626 lib.
3344 5561 3409 5629 2.
3463 5557 3547 5625 de
3590 5558 3722 5621 Sa-

2260 5680 2267 5685 ,
3511 5669 3585 5722 20
3697 5662 3704 5672 .
