4287 6313
366 955 449 1007 60.

292 1077 303 1087 .
329 1018 383 1067 Si
414 1018 482 1067 sit

263 1082 554 1131 simultane·

388 1160 447 1193 35

359 1207 456 1255 erit

252 1267 564 1320 ordinarius.

334 2618 498 2683 Magis

326 2687 500 2749 ageret

267 2749 562 2798 Sacramen-

362 2814 470 2858 tum

272 2873 318 2925 in
357 2871 543 2922 virtulo

293 2934 518 3002 propria,

339 3012 489 3061 quam

279 3062 537 3111 voluntate

285 3126 524 3176 excitata.

327 3457 509 3510 Modus

296 3521 537 3575 causandi

383 3603 444 3636 ex

272 3650 556 3701 conditione

273 3713 545 3778 colligitur.

309 4959 504 5015 Ramisi

245 5024 550 5098 quaestionis

380 5103 435 5138 13

329 5151 487 5202 alium

248 5225 257 5234 ·
317 5215 503 5267 locum.

618 338 728 405 176

593 506 730 573 11311
770 505 1232 593 superadditae,
1267 491 1649 593 applicando
1682 500 2143 569 inconvenien-

593 622 704 703 tia,
767 622 907 689 sive
946 644 1094 711 quae
1137 622 1307 689 idem
1356 633 1582 688 auctor
1620 632 1843 687 contra
1883 629 2145 685 senten·

595 739 749 805 tiam
789 738 1209 826 antiquorum
1253 738 1579 824 proponit,
1625 737 1765 803 sive
1805 757 1955 823 quae
2004 733 2139 802 alii.

687 855 754 921 Si
787 855 1035 923 dicatur
1064 876 1210 922 esse
1242 856 1405 921 ratio
1435 854 1846 934 simultanea,
1886 855 1949 919 in
1998 867 2143 920 tan-

600 983 741 1039 tum
791 971 915 1038 erit
953 993 1313 1039 concursus
1373 971 1698 1058 specialis,
1757 971 2141 1057 inquantum

602 1093 772 1157 Deus
840 1110 969 1155 non
1027 1089 1243 1175 603311
1298 1088 1378 1154 de
1418 1088 1706 1175 potentia
1746 1099 1811 1154 et
1848 1087 1994 1173 lege
2033 1108 2142 1152 or·-

602 1204 852 1271 dinaria
892 1203 1200 1291 potentiae
1240 1203 1682 1283 obedientiali,
1721 1202 1893 1290 quod
1934 1212 2147 1269 cessat

601 1322 666 1387 in
699 1320 1060 1408 proposit0,
1099 1322 1437 1409 supposita
1471 1321 1880 1388 institutione
1919 1323 2142 1387 Sacra·

598 1450 993 1519 mentorum,
1048 1440 1441 1526 quibuscum
1483 1439 1814 1506 concurrit
1862 1438 1942 1504 de
1996 1437 2145 1523 lege

594 1555 966 1634 ordinaria;
1021 1555 1320 1641 sequitur
1384 1576 1543 1642 ergo
1608 1554 1790 1621 illum
1863 1574 2142 1620 concur-

594 1692 739 1738 sum
781 1692 929 1739 esse
968 1671 1031 1736 in
1074 1692 1191 1737 sua
1230 1672 1497 1737 entitate
1544 1669 1942 1757 generalem,
2010 1690 2140 1735 non

595 1787 970 1876 specialem,
1034 1788 1190 1874 quia*
1230 1786 1516 1874 potentia
1562 1785 2020 1852 obedientialis
2073 1784 2141 1850 in

595 1923 713 1969 530
767 1922 1011 1989 genere
1078 1914 1177 1967 est
1241 1900 1583 1988 completa,
1646 1921 1795 1968 6313
1860 1899 2021 1967 nihil
2080 1898 2138 1966 61

595 2018 1068 2106 superaddatur
1144 2039 1258 2105 per
1321 2018 1587 2085 modum
1648 2018 1937 2083 virtutis.
2011 2015 2135 2084 Sed

596 2137 872 2203 liberum
913 2136 1255 2203 arbitrium
1300 2135 1364 2201 in
1405 2134 1634 2201 ordine
1673 2136 1750 2202 31
1791 2147 1974 2202 36135
2023 2156 2138 2201 53-

594 2252 1038 2338 pernaturales
1088 2272 1215 2317 303
1248 2251 1344 2317 sic
1380 2261 1482 2317 est
1521 2250 1945 2338 completum,
1984 2249 2138 2336 quia

595 2383 835 2456 praeter
877 2369 1194 2437 actionem
1245 2369 1355 2436 Dei
1396 2370 1880 2448 simultaneam,
1930 2368 2139 2454 exigit

596 2486 841 2574 aliquid
908 2508 1021 2572 per
1090 2485 1350 2552 modum
1414 2496 1599 2554 actus
1660 2484 1895 2573 primi;
1974 2504 2135 2570 ergo

598 2603 808 2689 magis
850 2602 1158 2688 competit
1198 2605 1614 2668 Sacramento
1665 2598 1992 2665 mediante
2026 2619 2137 2685 po-

602 2718 802 2784 tentia
854 2716 1269 2783 obedientiali
1329 2737 1525 2802 agere
1583 2714 1649 2781 in
1686 2713 1944 2781 virtute
1984 2733 2136 2800 pro-

601 2834 736 2921 pria
796 2855 989 2922 quam
1076 2834 1279 2899 libero
1345 2831 1640 2909 arbitrio,
1728 2852 1802 2897 ac
1863 2828 2138 2916 proinde

603 2951 820 3017 minus
896 2950 1359 3017 subordinatur
1418 2949 1701 3029 ChristO,
1792 2963 1863 3015 ut
1920 2967 2138 3014 causae

603 3066 981 3152 meritoriae,
1034 3079 1338 3158 tanquam
1389 3068 1899 3133 instrumentum
1939 3083 2135 3154 quam

600 3185 807 3251 eidem
875 3184 1258 3271 subjiciatur
1323 3184 1600 3251 liberum
1662 3184 2003 3250 arbitrium
2068 3197 2138 3251 ut

599 3298 921 3365 excitatur
961 3319 1074 3384 per
1113 3297 1387 3385 gratiam
1424 3296 1686 3363 Christi.

688 3416 930 3483 Deinde
962 3414 1227 3482 materia
1266 3425 1328 3481 et
1368 3415 1599 3494 forma,
1637 3426 1706 3481 ut
1738 3425 2139 3501 componunt

602 3535 1116 3610 Sacramentum,
1194 3542 1463 3597 causant
1537 3530 1836 3597 effectum
1925 3551 2135 3597 sacra-

602 3650 993 3722 mentalem:
1041 3649 1207 3714 inter
1245 3647 1389 3713 illas
1435 3659 1676 3727 autem,
1721 3660 1831 3713 aut
1867 3657 2138 3714 causant

600 3769 904 3836 effectum
953 3783 1392 3842 communem,
1447 3762 1690 3830 sufficit
1776 3762 2136 3831 secundum

601 3883 902 3952 eumdem
972 3893 1035 3948 et
1095 3879 1256 3946 alios
1312 3879 1767 3966 propinquitas
1834 3879 2133 3967 quaedam

598 3998 887 4076 moralis,
977 4010 1042 4062 et
1106 4016 1235 4062 303
1302 3995 1659 4083 requiritur
1721 3995 2135 4064 simultaneae

597 4112 965 4182 existentiae
1006 4111 1071 4177 in
1121 4110 1296 4177 omni
1344 4111 1588 4197 rigore,
1654 4110 1767 4177 sed
1817 4112 2135 4178 successi-

596 4230 766 4310 onis,
847 4238 913 4296 et
969 4227 1153 4315 quasi
1210 4226 1609 4294 continuatae
1648 4227 1964 4307 actionis;
2007 4249 2136 4295 efe-

597 4329 743 4414 dem
808 4357 879 4413 ut
942 4354 1234 4425 causent,
1318 4341 1685 4430 dependent
1741 4342 1822 4409 ab
1870 4343 2135 4410 intenti-

597 4484 720 4530 one
792 4460 1099 4545 Ministri,
1151 4459 1264 4526 sed
1349 4458 1758 4526 conditiones
1814 4461 2131 4527 causandi

598 4590 752 4647 sunt
816 4576 1110 4666 ejusdem
1198 4575 1463 4663 generis
1546 4597 1696 4643 cum
1772 4576 1913 4664 ipsa
1984 4597 2134 4644 cau-

598 4696 892 4774 salitate;
964 4714 1121 4780 ergo
1171 4692 1516 4760 causalitas
1557 4704 1805 4760 tantum
1849 4693 1973 4760 erit
2005 4715 2136 4759 mo-

598 4814 778 4894 13115,
824 4813 996 4880 51631
1034 4821 1098 4877 61
1134 4809 1543 4877 conditiones
1582 4811 1915 4877 causandi.

685 4933 838 4998 Haec
877 4949 957 4995 ex
998 4927 1305 5014 praesenti
1359 4925 1681 4994 instituto,
1749 4927 1874 4993 Alii
1929 4929 2136 4998 fusius

595 5047 674 5115 ad
715 5047 1277 5134 impugnationem
1330 5044 1504 5112 illius
1548 5045 1891 5112 sententiae
1932 5047 2136 5114 multa

596 5175 1002 5253 congerunt;
1047 5162 1159 5229 sed
1199 5163 1308 5229 hic
1347 5182 1474 5228 non
1515 5173 1615 5228 est
1662 5161 1842 5229 locus
1874 5163 2135 5249 singula

594 5279 938 5362 tractandi,
1018 5278 1264 5346 sufficit
1347 5278 1535 5345 nobis
1584 5278 1756 5365 quod
1812 5300 1926 5364 per
1990 5300 2133 5346 eam

597 5421 726 5466 non
784 5397 1073 5465 salvetur
1111 5395 1452 5462 commode
1517 5394 1737 5482 opinio
1778 5395 2128 5465 contraria.

596 5514 1043 5585 Fundamenta
1082 5524 1297 5580 autem
1338 5511 1538 5600 hujus
1578 5503 1921 5580 sententiae
1960 5512 2134 5580 infra

1738 334 1883 402 [ΑΒ.
1932 334 2031 400 lV.
2079 332 2676 403 SENTENTIARUM

2259 501 2592 570 solvemus
2643 523 2792 570 cum
2851 507 3143 583 Doctore,
3204 502 3657 591 respondendo
3718 500 3797 569 ad

2256 633 2644 706 argumenta
2684 621 3032 689 contraria.

2345 738 2610 805 Interim
2644 749 2715 805 ut
2752 758 3224 826 prosequamur
3255 736 3427 826 quod
3471 736 3796 825 reliquum

2257 864 2378 935 est,
2416 855 2578 922 ratio
2621 854 2725 921 illa
2757 856 3052 935 minoriS,
3099 877 3293 943 quam
3334 855 3644 943 supponit
3684 858 3798 920 Do·

2256 980 2394 1035 ctor
2433 961 2846 1037 communem
2879 970 3187 1037 omnibus
3217 970 3523 1059 antiquiS,
3568 991 3801 1058 nempe

2255 1085 2533 1172 gratiam
2596 1087 2861 1174 produci
2913 1108 3026 1175 per
3091 1088 3488 1154 creationem
3541 1087 3803 1173 proprie

2256 1201 2518 1282 dictam,
2565 1222 2638 1268 36
2679 1203 2952 1290 proinde
2987 1224 3112 1269 non
3145 1224 3341 1291 posse
3371 1202 3604 1290 attingi
3637 1204 3801 1290 phy-

2256 1316 2391 1383 sice
2448 1338 2481 1384 a
2554 1321 2998 1401 SacramentO,
3073 1320 3316 1406 patitur
3380 1318 3791 1405 scrupulum.

2257 1437 2433 1500 Hanc
2481 1435 2796 1502 rationem
2856 1435 3247 1523 impugnant
3315 1435 3584 1524 quidam
3662 1456 3804 1501 mo-

2253 1550 2462 1632 derni,
2507 1564 2576 1619 ut
2614 1553 2908 1640 Vasquez
2944 1556 3003 1617 1.
3061 1564 3237 1631 pare.
3277 1565 3431 1621 eom.
3485 1557 3550 1621 2.
3605 1552 3788 1638 disp.

2252 1668 2403 1737 174.
2467 1690 2526 1734 c.
2606 1672 2675 1733 2.
2746 1671 2982 1737 Suarez
3022 1669 3176 1756 disp
3253 1672 3319 1737 9.
3363 1670 3445 1736 de
3492 1670 3795 1737 Sacram.

2253 1796 2406 1853 eom.
2445 1789 2515 1851 3.
2568 1789 2643 1851 in
2710 1789 2775 1853 3.
2849 1797 3065 1872 parce,
3131 1796 3194 1852 et
3232 1785 3366 1866 alii,
3418 1786 3527 1873 qui
3573 1796 3803 1872 putant

2251 1902 2437 1970 educi
2468 1903 2748 1989 gratiam
2790 1902 2868 1970 de
2899 1903 3189 1991 potentia
3217 1902 3494 1982 animae3
3531 1902 3796 1990 quidam

2250 2040 2405 2085 vero
2446 2041 2594 2085 cum
2646 2020 2953 2108 Cajetano
2998 2018 3226 2086 dicunt
3264 2020 3620 2099 concreari,
3668 2041 3796 2087 non

2247 2135 2450 2203 creari
2498 2135 2913 2223 simpliciter.
2976 2136 3357 2223 Oppositum
3419 2146 3800 2223 supponunt

2248 2272 2478 2319 omnes
2522 2253 2771 2339 antiqui
2828 2252 3238 2331 Scholastici,
3285 2265 3350 2319 et
3405 2264 3628 2318 noster
3672 2255 3798 2318 Do-

2205 2452 2214 2455 -
2248 2381 2387 2436 ctor
2434 2370 2563 2450 hic,
2599 2382 2664 2435 et
2693 2369 2852 2436 alias
2883 2390 3082 2456 saepe,
3120 2380 3191 2436 ut
3231 2371 3302 2436 in
3334 2374 3404 2436 3.
3459 2369 3621 2436 disc.
3672 2373 3785 2436 13.

2251 2487 2324 2551 in
2352 2489 2417 2551 2.
2452 2484 2610 2551 dist.
2640 2488 2750 2553 23.
2805 2487 2914 2552 26.
2980 2484 3149 2551 infra
3180 2485 3339 2554 dise.
3402 2485 3793 2551 22161άί51.

2250 2603 2357 2667 21.
2380 2600 2543 2666 Vide
2583 2600 2743 2666 alios
2774 2600 3002 2668 citatos
3042 2600 3214 2688 apud
3244 2604 3538 2690 Vasquez
3568 2622 3794 2688 supra.

2338 2720 2659 2784 Caeterum
2734 2716 2997 2783 videtur
3085 2720 3377 2805 Vasquez
3458 2717 3800 2785 insinuare

2250 2832 2489 2899 ibidem
2557 2832 3057 2899 fundamentum
3115 2832 3424 2900 frivolum
3498 2855 3614 2921 pro
3678 2835 3799 2901 1136

2248 2944 2595 3028 5631611113,
2643 2948 2828 3035 quasi
2873 2969 3101 3016 omnes
3141 2949 3391 3036 antiqui
3445 2949 3510 3015 in
3568 2970 3644 3015 6ο
3694 2971 3795 3016 65-

2249 3074 2396 3130 sent
2425 3084 2670 3145 errore,
2707 3076 2778 3131 ut
2828 3077 3153 3152 putarent,
3197 3066 3250 3132 si
3303 3065 3511 3152 gratia
3561 3064 3794 3133 educe-

2248 3192 2430 3247 retur
2460 3181 2536 3248 de
2570 3182 2857 3268 potentia
2908 3182 3185 3270 subjecti
3238 3183 3514 3250 naturali
3555 3203 3797 3250 conve-

2249 3297 2392 3364 nire
2435 3319 2583 3365 cum
2642 3319 2865 3365 errore
2920 3299 3192 3386 Pelagii,
3244 3298 3415 3386 quod
3483 3299 3793 3367 frivolum

2246 3425 2420 3480 esset
2472 3413 2673 3493 dictu,
2727 3424 2791 3481 et
2841 3425 3094 3482 notaret
3153 3416 3217 3480 in
3266 3415 3428 3503 ipsis
3490 3436 3796 3504 13333313

2248 3528 2727 3616 ignorantiam3
2775 3551 2987 3619 neque
3033 3532 3319 3599 cohaeret
3376 3553 3524 3599 cum
3568 3553 3794 3599 eorum

2250 3646 2613 3734 principiis,
2659 3648 2812 3734 quia
2860 3647 3122 3736 quidam
3169 3648 3519 3716 admittunt
3575 3662 3797 3736 poten-

2249 3762 2403 3828 tiam
2453 3762 2951 3829 obedientialem
3013 3768 3264 3832 tantum
3306 3777 3606 3852 respectu
3647 3786 3796 3852 gra-

2249 3880 2382 3959 tiae,
2430 3891 2492 3946 et
2532 3901 2658 3946 non
2696 3880 3096 3960 naturalem;
3142 3881 3252 3948 alii
3301 3891 3484 3964 vem,
3547 3895 3615 3950 ut
3651 3903 3795 3949 nos-

2246 4009 2347 4063 ter
2376 4000 2608 4063 Doctor
2639 3996 2737 4085 (ut
2767 4017 2964 4083 supra
2997 4009 3094 4063 est
3126 3997 3528 4065 insinuatum
3563 4010 3786 4086 quoest.

2246 4111 2339 4198 1.)
2376 4112 2600 4179 dicunt
2625 4133 2772 4178 esse
2810 4111 3169 4198 pot-entiam
3198 4114 3560 4180 naturalem
3593 4115 3795 4202 passi-

2248 4249 2397 4294 vam
2430 4228 2494 4294 in
2527 4228 2744 4295 anima
2784 4240 3082 4317 respectu
3115 4230 3376 4316 gratiae.
3421 4232 3601 4308 Quod
3633 4252 3793 4319 ergo

2250 4366 2363 4432 per
2410 4344 2729 4411 actionem
2797 4349 2927 4411 Deo
2988 4345 3341 4432 propriam,
3406 4348 3793 4416 educeretur

2247 4460 2454 4548 gratia
2494 4482 2574 4527 ex
2628 4460 2914 4548 potentia
2980 4461 3284 4551 subjecti,
3330 4465 3495 4532 nihil
3552 4466 3793 4533 faceret

2247 4576 2325 4642 ad
2357 4597 2643 4644 errorem
2686 4578 2958 4666 Pelagii.

2337 4692 2520 4761 Unde
2550 4706 2724 4761 recte
2765 4708 2983 4762 noster
3014 4700 3246 4763 Doctor
3279 4699 3353 4763 in
3387 4703 3446 4764 1.
3483 4699 3639 4768 dist.
3679 4706 3784 4771 17.

2248 4824 2474 4899 quoesl.
2556 4814 2620 4880 2.
2674 4812 2705 4900 Ξ
2749 4814 3000 4879 Contra
3032 4815 3230 4880 istam
3269 4819 3779 4895 conclusionem,

2247 4939 2376 4996 616.
2443 4927 2836 5016 impugnans
2885 4930 3258 5017 opinionem
3311 4953 3458 5020 quae
3507 4932 3789 5020 imponi·

2246 5057 2353 5112 tur
2411 5046 2744 5133 Magistro,
2803 5061 3191 5136 argumento
3235 5071 3312 5116 ex
3357 5052 3640 5120 secunda
3681 5055 3788 5123 via

2248 5163 2616 5251 desumpto,
2680 5185 2761 5230 ex
2802 5177 3028 5232 natura
3061 5180 3240 5234 actus
3282 5169 3624 5252 meritorii,
3670 5172 3788 5239 ali-

2246 5292 2344 5348 ter
2399 5281 2682 5349 declarat
2720 5304 3006 5350 errorem
3055 5285 3324 5372 Pelagii,
3390 5287 3476 5353 ita
3520 5288 3715 5358 habet
3766 5315 3781 5360 :

2250 5399 2416 5464 Cum
2443 5400 2744 5484 operatio
2774 5401 3121 5467 meritoria
3150 5402 3239 5467 sil
3269 5403 3656 5487 voluntati&
3686 5410 3791 5474 vel

2244 5514 2535 5581 hominis
2560 5537 2681 5602 per
2719 5517 3128 5584 voluntatem
3160 5522 3523 5605 operantis,
3569 5524 3777 5609 sequi·

3956 741 4034 792 61.

3907 803 4083 855 Utrum

3911 865 4071 929 gratia

3884 937 4096 981 creetur.

3941 4764 4026 4815 62.

3868 4826 4083 4877 Doctor
4101 4869 4118 4882 .
