4287 6313
226 1476 468 1542 Cyrinus,

192 1541 489 1591 Arelatense

202 1600 480 1655 Concilium
490 1639 505 1654 .

327 2764 410 2813 43.

284 2828 453 2879 Verus

280 2904 458 2941 sensus

235 2954 496 3006 Canonum
506 2991 519 3005 .

524 365 646 428 678

524 541 626 596 est
655 551 769 617 per
809 531 1182 598 unctionem
1226 532 1600 598 chrismatis
1651 529 1925 618 intelligi
1958 532 2066 596 Sa-

525 649 928 704 cramentum
1005 638 1567 720 ConfirmationiS,
1637 651 1706 705 ut
1748 649 1920 724 patet
1986 660 2067 704 ex

526 754 786 817 Canone
876 753 1208 838 praecitato
1293 748 1992 837 constantinopolitani
2053 775 2066 817 :

529 865 920 952 Recipimus,
999 863 1238 951 inquit,
1329 865 1737 950 obsiynando
1797 865 2075 952 (supple

528 979 876 1045 haereticos
933 1000 1099 1067 quos
1158 980 1512 1067 memorat)
1543 981 1682 1046 sive
1734 980 2076 1068 unqendos

525 1097 824 1183 primum
919 1106 1147 1162 sancto
1233 1097 1590 1161 chrismate
1637 1105 1697 1160 et
1757 1095 2069 1180 frontem,

531 1223 593 1277 et
656 1213 899 1292 oculos,
962 1223 1023 1277 et
1080 1231 1299 1289 nares,
1346 1222 1406 1276 et
1453 1232 1544 1287 os,
1620 1222 1679 1276 et
1746 1231 1962 1289 aureS,
2017 1222 2078 1276 et

534 1349 639 1393 eos
693 1330 1031 1415 siqnantes
1069 1328 1352 1394 dicimus
1391 1328 1810 1413 siqnacutum
1865 1326 2077 1392 dona-

538 1444 739 1509 tionis
797 1444 1093 1529 Spiritus
1146 1444 1382 1522 sancti,
1449 1454 1571 1508 etc.
1619 1442 1729 1528 qui
1761 1455 1862 1507 est
1915 1441 2080 1507 ritus

539 1558 965 1625 confirmandi
1026 1580 1106 1625 ex
1154 1558 1393 1645 Cyrillo
1469 1578 1666 1644 supra
1740 1557 1956 1635 citato,
2021 1569 2084 1622 et

539 1674 917 1741 Arelatense
956 1678 1003 1742 1.
1050 1677 1129 1741 Si
1182 1675 1626 1763 perviderint,
1705 1674 1939 1760 inquit,
2011 1677 2083 1739 in

538 1793 745 1856 Patre
812 1802 873 1856 et
953 1792 1128 1857 Filio
1195 1803 1255 1857 et
1342 1794 1606 1880 Spiritu
1669 1802 1896 1859 sancto
1979 1812 2085 1856 eos

537 1909 747 1991 sitisse
785 1908 1153 1994 baptizatos
1185 1906 1451 1995 (supple
1490 1908 1792 1996 Arianos)
1849 1928 2085 1974 manus

539 2032 795 2088 tantam
857 2024 953 2087 eis
992 2025 1402 2108 imponatur,
1440 2033 1508 2087 ut
1557 2026 1895 2111 accipiant
1930 2024 2083 2110 Spi-

536 2140 741 2204 ritum
777 2151 1097 2204 sanctum.
1135 2141 1214 2204 Et
1243 2141 1566 2208 Arelaten.
1596 2144 1674 2207 11.
1704 2142 1977 2229 loquens
2009 2141 2089 2207 de

538 2257 809 2336 eisdem,
874 2269 937 2322 et
987 2256 1368 2324 Bonasianis
1434 2257 1580 2336 rite,
1626 2269 1690 2324 et
1746 2256 1824 2323 ad
1902 2256 2086 2322 invo-

539 2375 860 2439 cationem
892 2372 1230 2438 Trinitatis
1264 2373 1601 2451 baptizatis
1637 2396 1651 2440 :
1696 2373 1862 2437 Cum
1911 2372 2090 2437 chri-

541 2500 748 2556 smate
780 2489 1012 2577 inquit,
1049 2501 1108 2555 et
1139 2510 1375 2555 manus
1416 2490 1833 2575 impositione
1862 2489 1937 2553 in
1968 2489 2089 2553 Ec-

548 2606 750 2671 clesia
790 2605 1003 2691 recipi
1056 2606 1332 2689 sufficit,
1378 2618 1508 2672 etc.

643 2720 1095 2807 Respondet-ur
1145 2742 1301 2808 ergo
1350 2723 1726 2809 praemissos
1801 2728 2091 2792 Canones

557 2839 1015 2927 intelligendos
1046 2861 1191 2907 esse
1221 2838 1301 2907 de
1355 2841 1724 2927 signatione
1790 2853 1852 2909 et
1923 2843 2091 2909 chri-

555 2972 765 3031 smate
795 2966 1271 3044 sacramentali,
1308 2963 1479 3050 quod
1540 2965 1834 3032 conferre
1871 2978 2093 3051 potue-

554 3093 708 3147 runt
739 3080 1141 3161 SacerdoteS‚
1172 3094 1235 3148 et
1283 3082 1696 3147 conserebant
1758 3081 2095 3168 dispensa-

553 3198 709 3280 tive,
748 3217 876 3264 non
909 3197 1119 3266 solum
1153 3200 1219 3264 in
1253 3199 1538 3266 Ecclesia
1603 3200 1937 3283 Orientali,
2030 3200 2096 3264 in

551 3335 676 3406 qua
710 3317 818 3383 ille
850 3336 989 3383 mos
1022 3317 1377 3383 etiamnum
1411 3316 1623 3397 durat,
1659 3317 1772 3385 sed
1803 3319 1997 3384 etiam
2032 3317 2096 3382 in

550 3431 879 3519 aliquibus
931 3434 1225 3520 partibus
1282 3433 1589 3501 Ecclesiae
1639 3434 2091 3514 OccidentaliS,

551 3560 623 3623 ut
652 3549 716 3613 in
750 3548 1174 3635 sequentibus
1204 3549 1526 3631 dicemus;
1565 3552 1688 3617 hoc
1717 3562 1932 3619 autem
1969 3571 2096 3617 non

551 3663 742 3745 tollit,
786 3665 945 3751 quin
976 3666 1340 3751 Episcopus
1380 3665 1466 3731 sit
1500 3666 1796 3732 minister
1840 3665 2096 3733 ordina-

552 3783 691 3848 rius
751 3782 1134 3847 necessitate
1201 3782 1625 3848 Sacramenti.
1698 3787 1836 3849 Huc
1903 3783 2097 3848 etiam

555 3909 801 3984 spectat
831 3900 1047 3963 Canon
1106 3897 1214 3963 ille
1253 3897 1487 3964 citatus
1536 3897 1910 3983 Presbyter,
1959 3898 2095 3985 qui.

557 4025 627 4080 ut
666 4025 840 4079 recte
878 4013 1213 4080 adnotavit
1253 4015 1490 4080 Suarez
1554 4025 1778 4080 contra
1845 4016 2095 4094 Sotum,

557 4146 656 4200 est
687 4132 944 4201 Martini
1004 4130 1484 4212 BracharensiS,
1549 4151 1677 4196 non
1735 4131 1990 4198 Martini
2048 4132 2096 4197 1.

558 4251 621 4316 in
654 4250 938 4316 Concilio
987 4253 1297 4316 RomanO.
1351 4251 1671 4316 Caeterum
1758 4249 1925 4315 male
1967 4248 2106 4334 ipse

555 4371 791 4434 Suarez
828 4365 1167 4433 confundit
1201 4365 1382 4431 illum
1413 4385 1561 4432 cum
1604 4368 1905 4432 Canone:
1962 4387 2102 4431 om-

552 4487 628 4551 ni
712 4495 1019 4572 tempore,
1100 4483 1253 4570 quia
1335 4482 1400 4548 in
1472 4482 1758 4548 editione
1847 4482 2103 4550 Martini

552 4601 1013 4668 Bracharensis
1077 4599 1318 4666 diversi
1391 4610 1568 4678 sunt,
1637 4618 1789 4665 nam
1853 4599 2106 4686 primus

552 4730 650 4800 est
688 4739 898 4784 canon
950 4717 1058 4782 52.
1104 4715 1263 4784 alter
1302 4735 1460 4782 vero
1493 4736 1709 4782 canon
1776 4719 1885 4783 51.
1966 4716 2103 4797 sed,

554 4845 625 4901 ut
661 4832 876 4911 cred0,
932 4830 1076 4899 ideo
1124 4831 1461 4898 confundit
1531 4842 1902 4919 utrumque,
1980 4851 2110 4922 quo

553 4952 979 5039 intelligatur,
1027 4959 1095 5015 ut
1136 4949 1277 5035 ipse
1335 4948 1472 5015 vult
1514 4970 1662 5016 cum
1698 4953 1872 5018 Sot0.
1922 4953 2113 5020 Intel=

557 5069 671 5156 ligi
722 5079 1001 5147 tantum,
1050 5067 1423 5133 unctionem
1464 5069 1989 5136 caeremonialem
2045 5071 2109 5136 in

559 5184 803 5251 vertice
860 5183 1223 5270 praescribi,
1266 5184 1331 5250 in
1393 5200 1666 5272 utroque
1740 5185 1902 5266 loce,
1972 5188 2114 5255 sive

562 5322 757 5381 unuS,
819 5302 963 5368 sive
1002 5300 1086 5366 sit
1131 5321 1339 5367 canon
1409 5302 1754 5377 diversus:
1811 5304 1924 5371 sed
2005 5326 2113 5370 ne-

561 5437 688 5504 que
746 5414 812 5481 in
862 5436 1015 5496 unc,
1078 5435 1290 5500 neque
1338 5416 1402 5482 in
1464 5417 1666 5483 altero
1741 5419 2114 5505 assequitur

564 5532 961 5600 intellectum
1047 5552 1394 5614 canonum,
1484 5533 1635 5620 quia
1711 5554 1960 5617 revera,
2045 5546 2115 5602 ut

2181 5605 2184 5610 ,
2225 5528 2569 5595 dicendum
2619 5530 2702 5597 sit
2759 5532 2834 5598 ad
2904 5531 3061 5600 illud
3104 5538 3275 5624 quod
3319 5544 3546 5612 Doctor
3580 5567 3760 5618 asse-

1756 365 1899 428 LIB.
1934 366 2033 427 lv.
2084 364 2688 429 SENTENTIARUM

2186 529 2343 610 dixi,
2401 528 2640 597 diversi
2680 542 2833 597 sunt
2863 530 2955 597 illi
2996 532 3290 597 Canones
3337 529 3400 594 in
3459 527 3746 594 editione

2188 639 2669 719 BracharensiS,
2735 660 2850 706 seu
2891 638 3179 705 collectis
3210 640 3374 726 ejuS,
3425 649 3489 704 et
3526 637 3743 704 diver-

2187 765 2257 810 sa
2309 745 2763 831 praescribunt.
2821 748 3183 831 Utrumque
3224 756 3442 810 autem
3484 742 3741 809 desum-

2190 859 2318 946 psit
2388 881 2467 925 ex
2556 859 2864 926 Toletano
2924 861 2969 927 1.
3044 880 3191 926 can.
3269 862 3378 925 20.
3453 859 3517 924 in
3584 879 3736 945 quc,

2189 985 2382 1057 prout
2465 995 2659 1060 supra
2784 974 3155 1041 notavimus
3239 974 3440 1040 dubio
3547 995 3742 1061 super

2189 1090 2652 1157 commissione
2691 1091 3025 1178 potestatis
3075 1089 3498 1157 benedicendi
3533 1090 3742 1156 chris-

2193 1224 2320 1283 ma,
2366 1205 2650 1291 primum
2702 1204 2938 1274 dicitur
2966 1226 3130 1293 pene
3205 1205 3448 1293 ubique
3511 1206 3740 1272 obser·
3817 1258 4081 1308 transcri-

2191 1331 2413 1385 vatum
2454 1341 2621 1402 esse,
2689 1332 2760 1386 ut
2808 1322 3052 1407 absque
3085 1320 3403 1408 Episcopo
3441 1321 3742 1389 Chrisma
3772 1398 3803 1433 a
3904 1325 4108 1431 fflffum

2196 1456 2385 1501 nemo
2439 1436 2778 1517 conficiat3
2825 1437 3057 1504 deinde
3127 1458 3284 1504 usus
3342 1438 3739 1504 contrarium
3772 1444 4110 1555 Braegiiaren·

2195 1553 2562 1641 aliquorum
2640 1554 2929 1620 locorum
2975 1565 3041 1621 et
3082 1554 3600 1634 provinciarum,
3678 1555 3742 1620 in
3972 1543 3985 1554 ⁸

2197 1670 2437 1757 quibus
2481 1671 2852 1756 Presbyteri
2915 1671 3202 1737 chrisma
3268 1670 3737 1751 conficiebant3

2197 1789 2388 1852 tertio
2418 1785 2721 1852 inhibitio
2747 1787 2921 1854 illius
2953 1808 3143 1856 usus:
3183 1789 3474 1873 Placuit,
3507 1788 3744 1884 inquit,

2198 1925 2283 1968 ea:
2310 1905 2434 1969 hac
2467 1905 2576 1970 die
2605 1906 2863 1970 nullum
2894 1906 3129 1979 alium,
3166 1906 3303 1970 nisi
3345 1905 3747 1991 Episcopum

2199 2022 2494 2086 chrisma
2523 2023 2866 2105 conficere,
2902 2034 2963 2088 et
2989 2045 3112 2110 per
3165 2023 3495 2088 dioecesim
3544 2021 3747 2087 desti·
3782 2014 4117 2130 DiffieTJ-tur

2199 2158 2385 2214 nare,
2422 2140 2518 2204 ita
2550 2150 2618 2204 ut
2649 2140 2728 2204 de
2755 2140 3041 2226 sinqulis
3077 2140 3391 2205 Ecclesiis
3421 2140 3512 2205 ad
3585 2138 3748 2224 Epi·
3806 2144 4080 2193 membra.

2199 2276 2463 2341 scopum
2495 2269 2644 2323 ante
2679 2258 2856 2323 diem
2906 2258 3176 2323 Paschae
3224 2259 3511 2323 Diaconi
3548 2259 3754 2323 desti-

2206 2384 2469 2453 nentur,
2520 2387 2635 2440 aut
2692 2377 3123 2456 subdiaconi,
3206 2381 3323 2465 qui
3387 2383 3754 2466 confectum

2208 2490 2497 2555 chrisma
2594 2492 2675 2557 ab
2770 2498 3099 2583 Episcopo
3191 2499 3593 2565 destinatum
3671 2500 3761 2566 ad

2206 2606 2384 2673 diem
2431 2611 2704 2675 Paschae
2742 2614 3001 2699 possint
3038 2613 3129 2679 ad
3170 2624 3420 2702 tempus
3454 2616 3760 2701 deferre,·

2206 2723 2443 2791 deinde
2483 2726 2703 2792 subdit
2772 2742 3028 2814 quarto,
3074 2730 3245 2818 quod
3314 2732 3505 2800 liceat
3613 2734 3763 2821 Epi-

2211 2860 2409 2926 scopo
2454 2844 2629 2908 omni
2699 2857 2990 2932 tempore
3037 2848 3326 2914 chrisma
3399 2848 3760 2929 conficere;

2212 2956 2438 3041 quinto
2466 2960 2610 3024 sine
2702 2963 3106 3028 conscientia
3176 2964 3504 3052 Episcopi
3588 2967 3767 3032 nihil

2208 3076 2474 3159 penitus
2567 3075 2951 3163 Presbyteri
3047 3101 3243 3168 aqere
3317 3095 3763 3169 praesumant,-

2210 3202 2394 3256 sexto
2434 3204 2746 3259 statutum
2790 3215 2945 3261 vero
3013 3207 3111 3262 est
3191 3198 3544 3265 Diaconum
3625 3221 3754 3267 non

2211 3306 2592 3386 chrismare,
2694 3309 2806 3375 sed
2929 3312 3391 3397 Presbyterum
3484 3318 3752 3385 absente

2211 3422 2574 3509 Episcopo;
2640 3439 2963 3511 praesente
3016 3449 3195 3507 vere,
3273 3451 3399 3497 non
3479 3433 3605 3500 nisi
3674 3434 3756 3500 ab

2210 3542 2530 3626 Episcopo
2588 3542 2783 3609 fuerit
2829 3557 3251 3631 praeceptum.

2302 3661 2395 3724 Ex
2427 3659 2633 3725 tribus
2664 3681 2820 3747 ergo
2854 3661 3082 3747 primis
3113 3663 3422 3733 clausulis
3473 3670 3754 3736 Canonis

2211 3785 2464 3840 constat
2503 3795 2871 3842 sermonem
2949 3800 3094 3847 esse
3177 3780 3258 3848 de
3358 3785 3760 3852 confectione

2212 3902 2274 3955 et
2312 3890 2603 3976 ejusdem
2657 3891 3129 3964 benedictione.
3191 3900 3426 3973 Quarta
3467 3903 3763 3970 clausula

2215 4016 2428 4091 potest
2463 4008 2686 4073 referri
2729 4009 2807 4076 ad
2850 4011 3044 4094 idem,
3091 4026 3154 4081 et
3192 4016 3386 4082 etiam
3420 4018 3499 4083 ad
3542 4020 3758 4106 ipsum

2219 4122 2681 4204 ministerium,
2756 4126 2899 4194 sive
2955 4130 3325 4198 unctionem
3388 4134 3452 4198 in
3522 4136 3756 4215 fronte,

2217 4238 2386 4306 sicut
2434 4250 2496 4305 et
2560 4246 2920 4330 sequentia,
2978 4249 3152 4335 quia,
3223 4263 3292 4316 ut
3321 4271 3398 4317 ex
3443 4251 3756 4339 Hierony-

2219 4375 2324 4420 mo
2398 4356 2827 4441 ostendimus,
2891 4363 3125 4431 licebat
3175 4368 3369 4434 etiam
3437 4368 3757 4449 Diaconi8‚

2219 4471 2389 4538 sicut
2454 4494 2533 4538 ex
2610 4474 2868 4544 licentia
2942 4482 3321 4550 solemniter
3412 4486 3758 4572 baptizare,

2221 4587 2308 4653 ita
2366 4609 2616 4676 ungere
2655 4593 3010 4662 chrismate
3078 4598 3144 4662 in
3214 4602 3496 4682 vertice;
3590 4624 3764 4672 nun·

2221 4727 2414 4793 quam
2508 4721 2723 4777 autem
2837 4713 3018 4781 licuit
3084 4716 3246 4802 ipsis
3347 4719 3759 4790 confirmare.

2221 4825 2484 4908 Oportet
2523 4846 2680 4913 ergo
2723 4830 2830 4897 hic
2890 4830 3166 4921 intelligi
3253 4836 3611 4906 chrismare
3699 4842 3764 4908 in

2224 4961 2299 5009 eo
2361 4963 2584 5022 sensu,
2633 4966 2757 5032 quo
2824 4969 3157 5035 nunquam
3236 4951 3426 5020 liceat
3486 4956 3765 5024 Diacono

2223 5060 2606 5143 chrismare,
2698 5074 2810 5129 aut
2876 5062 3057 5131 licuit
3110 5068 3261 5153 jure
3329 5069 3551 5137 divino
3647 5094 3761 5140 ve-

2225 5190 2422 5245 tante.
2473 5178 2568 5245 Ad
2608 5180 2894 5269 reliquos
2935 5182 3108 5249 bene.
3157 5188 3503 5272 respondet
3533 5198 3764 5276 praefa-

2224 5311 2329 5362 tus
2378 5301 2619 5362 Auctor
2680 5308 2745 5363 et
2783 5301 2966 5365 Soto.

2312 5415 2407 5478 Ex
2490 5412 2592 5478 his
2666 5414 3054 5502 intelligitur
3135 5438 3217 5486 ex
3306 5436 3511 5510 parte,
3608 5431 3764 5515 quid

3857 1132 4050 1184 canon

3817 1194 4062 1244 Toletani

3916 3680 4008 3730 44.

3836 5373 4098 5427 Sacerdo-

4011 5517 4072 5551 ΟΧ
