4287 6313
546 390 667 452 204

248 548 485 664 caignes
554 573 657 633 na,
701 564 767 621 et
805 553 1084 625 litteram
1146 559 1625 646 quuscumque
1689 557 1980 625 mandati
2036 567 2101 623 et

243 674 486 739 antiquis.
550 671 742 758 legis,
789 674 1237 742 constituebat
1295 696 1532 762 nempe
1591 675 1896 763 Pelagius
1945 696 2100 763 gra-

547 787 732 870 tiam,
784 789 888 856 vel
939 790 1003 855 in
1059 772 1316 859 natura·
1347 805 1411 858 et
1470 793 1722 860 viribus
1772 791 1961 859 liberi
1998 813 2098 859 ar-

550 903 753 985 bitrii,
791 905 894 972 vel
927 906 994 972 in
1034 906 1201 993 legis
1234 908 1572 988 doctrina;
1620 908 1702 974 de
1740 908 1884 995 ipso
1923 910 2097 976 enim

212 1026 495 1142 Augpjgn.
548 1021 959 1108 Augustinus
1036 1023 1148 1090 lib.
1241 1024 1322 1089 de
1404 1024 1645 1091 Gratia
1714 1026 1971 1091 Christi
2028 1028 2101 1093 in

250 1151 465 1218 Pelagii.
541 1139 887 1225 principio
927 1161 1073 1225 cap.
1128 1147 1193 1209 3.
1249 1140 1375 1206 ait:
1441 1142 1614 1206 Nam
1680 1152 1740 1207 et
1807 1144 2100 1229 qratiam

549 1255 696 1333 Dei,
771 1266 831 1320 et
890 1256 1333 1342 adjutorium,
1400 1278 1528 1343 quo
1591 1258 1959 1345 adjuvatur
2011 1258 2102 1324 ad

546 1391 682 1435 non
763 1371 1196 1456 peccandum,
1309 1384 1425 1438 αιιι
1522 1374 1598 1439 in
1700 1384 1948 1439 natura
2039 1386 2101 1441 et

552 1486 762 1551 libero
831 1489 1026 1573 ponit
1100 1490 1407 1568 arbitrie,
1482 1501 1598 1555 aut
1671 1491 1745 1555 in
1824 1492 1964 1577 leye
2040 1500 2101 1556 et

547 1602 881 1681 doctrina,
930 1605 1257 1686 videlicet,
1296 1628 1443 1672 cum
1473 1607 1753 1693 adjuvat
1783 1610 1956 1673 Deus
1986 1608 2100 1673 ho-

298 4775 437 4824 idem

545 1722 812 1801 minem,
851 1734 921 1788 ut
980 1723 1268 1790 declinet
1305 1745 1346 1787 a
1390 1726 1587 1805 malo,
1643 1735 1703 1789 el
1751 1724 1964 1807 faciat
1994 1724 2101 1790 bo-

549 2067 990 2152 cooperandO,
1046 2080 1105 2134 ec
1163 2070 1590 2136 dilectionem
1665 2071 2092 2157 inspirand0‚

221 2413 462 2467 Trident.
554 2414 820 2501 politani
870 2438 1120 2483 canone
1159 2423 1221 2486 4.
1282 2418 1663 2500 Milevitani,
1719 2442 1869 2508 quae
1905 2443 2096 2490 secu-

268 2808 449 2857 scopus
549 2766 808 2834 Judaeos
848 2790 1042 2856 quem
1085 2781 1380 2836 assecuta
1412 2784 1511 2837 est
1550 2772 1837 2838 Ecclesia
1869 2786 2094 2840 contra

243 2980 474 3030 inutilem

248 3173 465 3228 granam
549 3138 625 3185 su
667 3117 995 3207 intelligit,
1043 3141 1170 3210 quo
1210 3121 1578 3190 contrarius
1630 3143 1812 3190 error
1876 3123 2090 3193 Judae-

286 3371 438 3427 opera
545 3350 757 3436 gratia
806 3363 870 3417 et
939 3351 1301 3439 redemptio
1356 3352 1524 3421 facta
1567 3375 1680 3440 per
1728 3354 2089 3440 Christum,

543 3696 766 3784 quitur
803 3697 884 3765 de
913 3698 1421 3766 circumcisione
1476 3717 1539 3766 et
1571 3699 1717 3788 lege
1760 3714 1829 3769 ut
1888 3702 2092 3769 inclu-

542 4068 686 4115 rum
722 4069 923 4114 unum
957 4049 1083 4115 fuit
1141 4049 1565 4116 circumcisio
1605 4064 1906 4137 respectu
1948 4073 2096 4139 pec-

548 4410 774 4466 contra
827 4402 962 4487 Jam
1011 4399 1446 4486 judaizantes,
1515 4401 1757 4488 quibus
1818 4423 1898 4468 ne
1955 4416 2095 4470 tum

647 4753 721 4815 In
780 4770 980 4817 sensu
1038 4762 1102 4816 et
1174 4760 1391 4815 mente
1456 4748 1634 4817 Pauli
1689 4749 1887 4816 locuti
1946 4764 2101 4818 sunt

229 4836 525 4888 intendunt.

557 5111 749 5187 prout
775 5099 980 5167 Judaei
1015 5101 1452 5183 sanctitatem,
1485 5101 1836 5189 justitiam,
1882 5121 2100 5189 repro·

550 1855 763 1916 mun,
806 1838 1188 1918 revelandO,
1243 1851 1301 1904 ec
1362 1840 1765 1906 ostendendo
1821 1840 1984 1926 quid
2013 1843 2100 1924 si-

557 1951 658 2014 eri
691 1949 939 2030 debeat,
986 1952 1313 2039 adjuvare
1360 1954 1691 2034 credatur,
1729 1976 1861 2021 non
1900 1957 2099 2021 eciam

551 2194 621 2248 ul
680 2182 754 2249 id
808 2185 983 2271 quod
1038 2186 1428 2269 faciendum
1496 2208 1630 2253 esse
1688 2191 2091 2276 coqnoverit,

208 2284 495 2405 ffffiffi'g‘d·
546 2302 786 2384 faciat,
852 2313 974 2367 etc.
1011 2302 1192 2377 Quod
1252 2302 1598 2371 damnatur
1645 2316 1776 2371 art.
1815 2309 1877 2372 7.
1916 2306 2095 2372 Dios-

556 2542 694 2597 tum
727 2544 826 2598 est
856 2533 1302 2601 Tridentinum
1335 2557 1585 2601 canone
1609 2538 1833 2623 primo
1860 2560 2089 2625 supra.

277 2667 445 2781 ἀξίω
638 2653 731 2716 Ex
795 2651 1036 2739 quibus
1103 2664 1275 2738 patet
1332 2673 1564 2720 sensus
1646 2655 1821 2721 Pauli
1872 2669 2094 2724 contra

266 2856 451 2983 Εξζέξξ,
551 2885 956 2971 Pelagianos.
1009 2887 1277 2964 Quando
1337 2910 1498 2977 ergo
1542 2890 1700 2956 dicit
1740 2891 2094 2958 circumci-

261 3059 373 3093 esse
403 3048 459 3093 ut
550 3000 805 3068 sionem
858 3020 921 3070 et
984 3004 1200 3091 legem
1252 3024 1381 3072 non
1414 3005 1801 3093 justificare,
1838 3028 1915 3074 eo
1946 3029 2091 3075 sen-

198 3106 495 3158 excludebat

225 3233 476 3345 etflgtem,
548 3256 735 3302 orum
778 3235 1225 3324 impugnatur,
1282 3258 1539 3324 nempe,
1603 3252 1673 3305 ut
1720 3239 2094 3307 excluditur

240 3419 452 3473 ctu-ssu.
547 3466 716 3533 sicut
756 3478 815 3532 et
857 3466 1037 3533 valor
1076 3489 1347 3554 operum
1378 3469 1521 3554 ejus
1553 3470 1616 3535 in
1649 3491 1927 3558 quorum
1962 3473 2094 3537 vir-

545 3592 681 3646 tute
737 3582 1160 3649 circumcisio
1210 3583 1504 3661 valebat;
1571 3605 1699 3650 non
1756 3600 1974 3653 autem
2007 3587 2093 3653 lo·

541 3811 780 3880 debant
822 3815 1099 3902 gratiam
1140 3837 1220 3882 ex
1261 3815 1572 3901 operibus
1623 3818 1865 3884 Christi
1926 3839 2094 3904 prae-

542 3931 732 4010 visiS,
769 3944 833 3997 et
871 3932 1195 4019 adjutoria
1229 3934 1601 4001 necessaria
1632 3933 1889 4015 collata,
1929 3957 2089 4024 quo-

542 4165 668 4232 cati
709 4165 1074 4253 originalis,
1122 4166 1367 4233 Deinde
1418 4167 1755 4254 speciatim
1806 4168 2098 4256 loquitur

545 4282 895 4371 aliquando
973 4282 1213 4350 Paulus
1280 4283 1359 4350 de
1408 4283 1554 4371 lege
1612 4285 1751 4371 jam
1823 4285 2092 4367 abolita,

553 4515 816 4603 quidem
865 4515 1122 4583 valebat
1153 4513 1279 4583 'lex
1336 4517 1647 4604 abrogata
1698 4539 1812 4604 per
1860 4518 2095 4585 verita·

556 4642 714 4713 tem,
763 4643 833 4699 ut
872 4633 1064 4716 infra
1104 4631 1496 4698 videbimus,

559 4870 780 4934 Patres
819 4879 1037 4934 contra
1082 4865 1344 4933 ludaeos
1382 4866 1774 4954 quandoque
1840 4867 2099 4956 simpli-

561 4984 722 5050 citer
761 4984 827 5050 in
858 4995 1150 5050 extremo
1210 4984 1767 5064 contradictionis,
1825 4985 2095 5067 scilicet,

553 5216 902 5282 missiones
942 5237 1087 5282 esse
1141 5237 1226 5283 ex
1273 5217 1423 5304 lege
1473 5229 1536 5284 et
1589 5217 2103 5284 circumcisione

554 5345 810 5403 tanturn
857 5333 1305 5418 adstruebant,
1370 5353 1497 5399 non
1556 5346 1771 5400 autem
1824 5355 1903 5401 ex
1974 5333 2103 5400 fide

555 5463 707 5528 Jesu
748 5459 1015 5542 Christi,
1068 5472 1180 5527 aut
1228 5460 1678 5547 redemptione
1732 5473 1794 5527 et
1845 5462 2096 5547 gratia;

563 5588 956 5680 quandoque
1012 5588 1208 5656 etiam
1279 5587 1636 5677 loquuntur
1704 5588 1784 5655 de
1840 5586 2097 5669 iisdem,

1709 395 1853 458 ΜΒ.
1901 397 2001 458 Ν.
2047 394 2644 462 SENTENTIARUM

2218 571 2564 646 postquam
2606 557 2953 645 adimpleta
3004 559 3300 639 veritate,
3344 574 3409 625 et
3447 555 3758 645 praedica·

2214 686 2279 741 to
2320 674 2704 761 Evangelio,
2752 696 2881 741 non
2920 675 3130 742 solum
3174 675 3344 744 facta
3391 686 3547 742 sunt
3587 694 3758 740 mor-

2217 804 2348 876 tua,
2415 792 2529 858 sed
2598 791 2793 858 etiam
2875 792 3233 872 mortifera,
3322 791 3474 879 quia
3537 793 3759 856 Patres

2213 929 2362 974 cum
2401 928 2472 974 se
2529 908 2810 974 referant
2877 907 2958 975 ad
3015 907 3153 974 loca
3215 907 3421 986 Pauli,
3461 925 3588 972 non
3647 906 3755 972 de·

2215 1024 2370 1090 bent
2398 1023 2592 1091 latius
2633 1024 3043 1110 interpretari
3102 1043 3334 1090 eorum
3405 1022 3753 1103 sententia,

2215 1161 2408 1229 quam
2458 1141 2713 1209 locutus
2762 1142 2847 1209 sit
2889 1142 3127 1209 Paulus
3195 1140 3274 1208 de
3334 1140 3760 1208 circumcisi-

2217 1277 2341 1322 one
2396 1268 2461 1322 et
2512 1256 2861 1344 legalibus.

2307 1379 2384 1442 Et
2440 1374 2699 1463 quando
2761 1398 2872 1463 per
2919 1376 3320 1463 oppositum,
3372 1374 3598 1441 dicunt
3650 1393 3760 1440 sa-

2213 1494 2416 1562 lutem
2459 1514 2607 1561 esse
2658 1515 2742 1561 ex
2789 1491 2916 1561 side
2955 1497 3105 1560 Jesu
3157 1492 3425 1574 christi,
3478 1509 3757 1580 sequen·

2217 1623 2314 1678 tes
2362 1612 2655 1691 Paulum,
2712 1611 3088 1699 intelligunt
3127 1610 3320 1677 etiam
3374 1629 3472 1690 ea,
3516 1608 3758 1695 quibus

2216 1728 2578 1817 applicatur
2617 1727 2778 1796 fides
2808 1741 2872 1796 et
2903 1729 3132 1796 merita
3162 1729 3328 1815 ejuS,
3368 1727 3434 1792 in
3476 1747 3754 1814 quorum

2217 1844 2462 1915 virtute
2501 1846 2742 1913 habent
2782 1845 3164 1925 efficaciam,
3199 1844 3293 1910 sic
3331 1843 3756 1911 circumcisio

2214 1975 2276 2029 et
2327 1962 2688 2030 remedium
2713 1962 2879 2050 legis
2910 1974 3161 2028 naturae
3187 1961 3488 2027 valebant
3528 1960 3593 2025 in
3629 1957 3756 2025 lide

2215 2079 2483 2164 Christi,
2556 2080 2618 2145 id
2678 2092 2800 2159 est,
2876 2078 3117 2145 virtute
3164 2098 3436 2164 operum
3485 2075 3747 2154 christi,

2212 2218 2339 2264 non
2376 2210 2594 2264 autem
2654 2198 2720 2262 in
2753 2196 2880 2262 file
2908 2217 3059 2283 quae
3090 2195 3172 2261 sit
3203 2209 3388 2261 actus
3424 2193 3733 2275 ministri,

2207 2327 2319 2382 aut
2374 2313 2761 2403 applicantis
2820 2314 2963 2379 haec
3029 2311 3337 2379 remedia.
3411 2311 3518 2378 Sic
3566 2312 3742 2378 enim

2212 2455 2338 2501 non
2400 2434 2691 2522 loquitnr
2730 2434 2809 2500 de
2866 2432 2994 2499 fide
3043 2432 3285 2499 christi
3321 2432 3584 2501 Paulus,
3630 2452 3745 2497 ne-

2208 2571 2336 2637 que
2392 2550 2457 2616 in
2497 2571 2574 2616 eo
2615 2570 2814 2617 sensu
2867 2548 3028 2615 fides
3061 2570 3176 2636 pro
3217 2548 3462 2615 virtute
3493 2559 3752 2633 sumpta

2208 2665 2283 2732 ad
2355 2667 2630 2734 salutem
2689 2664 3040 2743 sufficeret,
3102 2664 3215 2731 sed
3274 2662 3537 2729 nomine
3590 2661 3757 2745 fidei

2204 2781 2698 2868 comprehendit
2750 2780 2978 2846 merita
3037 2779 3303 2857 christi,
3359 2792 3422 2844 et
3476 2776 3750 2843 Redem-

2206 2899 2514 2985 ptionem‚
2600 2920 2681 2965 ex
2749 2916 3027 2986 quorum
3093 2896 3363 2974 motivo,
3438 2907 3746 2980 tanquam

2204 3036 2285 3081 ex
2319 3016 2547 3081 merito
2591 3013 2896 3101 praevi50‚
2947 3017 3113 3079 Deus
3154 3009 3558 3077 instituendo
3599 3009 3744 3075 haec

2207 3132 2514 3212 remedia,
2586 3131 2910 3200 concessit
2983 3130 3157 3197 illam
3213 3128 3571 3197 efficaciam
3612 3127 3754 3194 Cir·

2213 3252 2627 3319 cumcisioni.

2296 3376 2601 3437 Asserere
2664 3390 2821 3455 ergo
2869 3368 3280 3445 alterutrum,
3347 3363 3450 3431 vel
3515 3383 3743 3429 omnes

3907 3377 3987 3427 16.

3821 3440 4069 3490 Censura.

2208 3490 2427 3553 Patres
2477 3499 2625 3552 ante
2656 3486 3095 3572 Augustinum
3131 3483 3593 3569 impugnantes
3631 3485 3745 3547 Ju-
3781 3506 4108 3568 nemnem-

3912 3579 3978 3614 llO

2207 3604 2382 3669 daeos
2429 3604 2635 3669 fuisse
2702 3603 2765 3668 in
2815 3622 3060 3677 errore,
3124 3598 3227 3665 vel
3302 3597 3744 3683 Augustinum
3812 3630 4058 3681 rasum.

2207 3742 2355 3788 cum
2415 3720 2721 3786 omnibus
2781 3716 3237 3805 sequentibuS,
3282 3735 3560 3803 quorum
3623 3733 3752 3778 non

2207 3849 2307 3903 est
2368 3838 2579 3902 minor
2634 3834 3013 3913 auctoritaS,
3071 3831 3419 3899 accedente
3468 3829 3755 3895 definiti-

2209 3973 2334 4020 one
2363 3951 2697 4032 Ecclesiae‚
2733 3964 2796 4017 et
2825 3948 3156 4016 communi
3188 3966 3515 4014 consensu
3550 3945 3757 4011 Scho-

2209 4067 2613 4147 lasticorum,
2669 4067 2875 4134 fuisse
2918 4067 2983 4131 in
3033 4086 3252 4132 errore
3301 4061 3759 4150 intelligentiae

2210 4185 2592 4271 Scriptura),
2639 4185 2846 4271 major
2894 4202 3077 4248 error
3115 4191 3236 4247 est.

2299 4299 2720 4386 Interpretari
2762 4319 2920 4386 ergo
2978 4297 3216 4363 debent
3285 4301 3505 4363 Patres
3575 4306 3761 4361 ante·

2211 4417 2419 4484 riores
2450 4437 2532 4483 ex
2573 4416 2866 4501 subjecta
2927 4414 3197 4481 materia
3254 4424 3482 4480 contra
3546 4413 3756 4479 Judae-

2213 4555 2311 4612 oe,
2370 4545 2436 4600 et
2492 4532 2569 4599 ad
2642 4551 2911 4598 sensum
2962 4530 3167 4609 Pauli,
3233 4529 3524 4616 alioquin
3572 4528 3760 4614 plura

2215 4658 2353 4723 loca
2430 4676 2681 4734 eorum,
2761 4665 2825 4720 et
2884 4653 3169 4720 rationes
3232 4652 3472 4738 quibus
3542 4650 3759 4736 impu-

2211 4784 2418 4861 gnant
2462 4772 2745 4850 Judaeos,
2810 4769 3143 4836 habebunt
3205 4788 3472 4854 parvam
3545 4765 3758 4833 effica-

2213 4889 2405 4968 ciam,
2489 4887 2615 4953 nisi
2698 4897 3072 4972 supponant
3157 4903 3382 4949 eorum
3442 4902 3758 4962 errorem,

2214 5005 2486 5073 salutem
2532 5024 2764 5090 nempe
2818 5024 2902 5069 ex
2968 5001 3102 5069 sola
3162 5001 3310 5088 lege
3348 5011 3412 5067 et
3472 5000 3762 5066 circum·

2215 5122 2461 5188 cisione
2510 5118 2895 5206 sperandam
2945 5139 3115 5197 esse,
3188 5119 3360 5184 sicut
3418 5129 3481 5183 et
3519 5117 3762 5203 vrepro-

2218 5239 2591 5307 missiones.

2292 5355 2586 5423 Justinus
2646 5352 2874 5440 probat
2913 5351 3491 5419 circumcisionem
3543 5348 3755 5415 datam

2215 5490 2361 5536 esse
2400 5468 2466 5534 in
2517 5469 2808 5553 signum,
2855 5477 2917 5532 et
2951 5484 3077 5530 non
3112 5464 3177 5530 in
3203 5463 3554 5550 Justitiam,
3606 5462 3759 5549 quia

2221 5585 2550 5651 Abraham
2610 5604 2690 5650 ex
2731 5581 2856 5649 fide
2898 5580 3298 5671 justificatus
3338 5590 3461 5662 est,
3521 5589 3584 5644 et
3647 5599 3758 5667 ge-

3835 5383 3863 5431 J
3869 5381 4083 5431 ustinus.

3864 5446 4041 5496 Ratio·
