<?xml version="1.0" encoding="UTF-8"?>
<!DOCTYPE html PUBLIC "-//W3C//DTD XHTML 1.0 Transitional//EN"
    "http://www.w3.org/TR/xhtml1/DTD/xhtml1-transitional.dtd">
<html xmlns="http://www.w3.org/1999/xhtml" xml:lang="en" lang="en">
 <head>
  <title>
</title>
<meta http-equiv="Content-Type" content="text/html;charset=utf-8" />
  <meta name='ocr-system' content='tesseract 3.04.00' />
  <meta name='ocr-capabilities' content='ocr_page ocr_carea ocr_par ocr_line ocrx_word'/>
</head>
<body>
  <div class='ocr_page' id='page_1' title='image "./joannisdunsscot01waddgoog_0351.png"; bbox 0 0 4287 6313; ppageno 0'>
   <div class='ocr_carea' id='block_1_1' title="bbox 154 1815 448 1990">
    <p class='ocr_par' dir='ltr' id='par_1_1' title="bbox 154 1815 448 1990">
     <span class='ocr_line' id='line_1_1' title="bbox 188 1815 412 1943; baseline 0.004 -16"><span class='ocrx_word' id='word_1_1' title='bbox 188 1815 412 1943; x_wconf 54' lang='lat' dir='ltr'><strong><em>Opg&#39;tus</em></strong></span> 
     </span>
     <span class='ocr_line' id='line_1_2' title="bbox 154 1939 448 1990; baseline 0.007 -2"><span class='ocrx_word' id='word_1_2' title='bbox 154 1939 213 1988; x_wconf 78' lang='lat' dir='ltr'>M</span> <span class='ocrx_word' id='word_1_3' title='bbox 220 1940 281 1990; x_wconf 86' lang='lat' dir='ltr'><strong><em>ile</em></strong></span> <span class='ocrx_word' id='word_1_4' title='bbox 290 1945 448 1990; x_wconf 81' lang='lat' dir='ltr'><strong><em>vitan·</em></strong></span> 
     </span>
    </p>
   </div>
   <div class='ocr_carea' id='block_1_2' title="bbox 147 4079 469 4231">
    <p class='ocr_par' dir='ltr' id='par_1_2' title="bbox 147 4079 469 4231">
     <span class='ocr_line' id='line_1_3' title="bbox 147 4079 469 4155; baseline 0.003 -1"><span class='ocrx_word' id='word_1_5' title='bbox 147 4079 441 4154; x_wconf 75' lang='lat' dir='ltr'><strong><em>Ten-tullian</em></strong></span> <span class='ocrx_word' id='word_1_6' title='bbox 452 4139 469 4155; x_wconf 86' lang='lat'><strong>.</strong></span> 
     </span>
     <span class='ocr_line' id='line_1_4' title="bbox 163 4166 437 4231; baseline 0 -14"><span class='ocrx_word' id='word_1_7' title='bbox 163 4166 437 4231; x_wconf 73' lang='lat' dir='ltr'><strong>chrysost.</strong></span> 
     </span>
    </p>
   </div>
   <div class='ocr_carea' id='block_1_3' title="bbox 171 4873 457 5000">
    <p class='ocr_par' dir='ltr' id='par_1_3' title="bbox 171 4873 457 5000">
     <span class='ocr_line' id='line_1_5' title="bbox 194 4873 442 4936; baseline 0 -13"><span class='ocrx_word' id='word_1_8' title='bbox 194 4873 442 4936; x_wconf 77' lang='lat' dir='ltr'><strong><em>Euthym.</em></strong></span> 
     </span>
     <span class='ocr_line' id='line_1_6' title="bbox 171 4935 457 5000; baseline -0.01 -14"><span class='ocrx_word' id='word_1_9' title='bbox 171 4935 457 5000; x_wconf 67' lang='lat' dir='ltr'><strong><em>Theophyl.</em></strong></span> 
     </span>
    </p>
   </div>
   <div class='ocr_carea' id='block_1_4' title="bbox 1566 354 2460 432">
    <p class='ocr_par' dir='ltr' id='par_1_4' title="bbox 1566 354 2460 432">
     <span class='ocr_line' id='line_1_7' title="bbox 1566 354 2460 432; baseline -0.002 -14"><span class='ocrx_word' id='word_1_10' title='bbox 1566 357 1766 420; x_wconf 85' lang='lat' dir='ltr'><strong><em>DlST.</em></strong></span> <span class='ocrx_word' id='word_1_11' title='bbox 1800 356 1899 418; x_wconf 91' lang='lat' dir='ltr'><strong><em>lll.</em></strong></span> <span class='ocrx_word' id='word_1_12' title='bbox 1950 354 2313 432; x_wconf 80' lang='lat' dir='ltr'><strong><em>QUAEsTlO</em></strong></span> <span class='ocrx_word' id='word_1_13' title='bbox 2359 356 2460 418; x_wconf 84' lang='lat' dir='ltr'><strong><em>lv.</em></strong></span> 
     </span>
    </p>
   </div>
   <div class='ocr_carea' id='block_1_5' title="bbox 477 518 2040 956">
    <p class='ocr_par' dir='ltr' id='par_1_5' title="bbox 477 518 2040 956">
     <span class='ocr_line' id='line_1_8' title="bbox 488 518 2035 609; baseline -0.003 -21"><span class='ocrx_word' id='word_1_14' title='bbox 488 520 681 609; x_wconf 82' lang='lat' dir='ltr'><strong>epist.</strong></span> <span class='ocrx_word' id='word_1_15' title='bbox 743 525 810 589; x_wconf 86' lang='grc'><strong><em>4.</em></strong></span> <span class='ocrx_word' id='word_1_16' title='bbox 873 541 1015 609; x_wconf 89' lang='lat' dir='ltr'><strong><em>cap.</em></strong></span> <span class='ocrx_word' id='word_1_17' title='bbox 1079 524 1142 589; x_wconf 87' lang='grc'><strong><em>3.</em></strong></span> <span class='ocrx_word' id='word_1_18' title='bbox 1197 521 1543 600; x_wconf 77' lang='lat' dir='ltr'><strong><em>Dominus,</em></strong></span> <span class='ocrx_word' id='word_1_19' title='bbox 1571 518 1807 608; x_wconf 86' lang='lat' dir='ltr'><strong><em>inquit,</em></strong></span> <span class='ocrx_word' id='word_1_20' title='bbox 1850 521 2035 586; x_wconf 78' lang='lat' dir='ltr'><strong><em>lesus</em></strong></span> 
     </span>
     <span class='ocr_line' id='line_1_9' title="bbox 477 636 2040 725; baseline -0.002 -22"><span class='ocrx_word' id='word_1_21' title='bbox 477 649 825 725; x_wconf 76' lang='lat' dir='ltr'><strong><em>postquam</em></strong></span> <span class='ocrx_word' id='word_1_22' title='bbox 881 640 1264 704; x_wconf 77' lang='lat' dir='ltr'><strong><em>resurrexit</em></strong></span> <span class='ocrx_word' id='word_1_23' title='bbox 1302 659 1346 704; x_wconf 92' lang='lat' dir='ltr'><strong><em>a</em></strong></span> <span class='ocrx_word' id='word_1_24' title='bbox 1384 637 1690 714; x_wconf 70' lang='lat' dir='ltr'><strong><em>mortuiS,</em></strong></span> <span class='ocrx_word' id='word_1_25' title='bbox 1743 636 2040 718; x_wconf 76' lang='lat' dir='ltr'><strong><em>discipu·</em></strong></span> 
     </span>
     <span class='ocr_line' id='line_1_10' title="bbox 487 752 2037 841; baseline -0.002 -21"><span class='ocrx_word' id='word_1_26' title='bbox 487 755 573 820; x_wconf 84' lang='lat' dir='ltr'><strong><em>Iis</em></strong></span> <span class='ocrx_word' id='word_1_27' title='bbox 633 759 794 834; x_wconf 86' lang='lat' dir='ltr'><strong><em>suis,</em></strong></span> <span class='ocrx_word' id='word_1_28' title='bbox 841 756 915 821; x_wconf 88' lang='lat' dir='ltr'><strong><em>in</em></strong></span> <span class='ocrx_word' id='word_1_29' title='bbox 983 755 1217 841; x_wconf 86' lang='lat' dir='ltr'><strong><em>quibus</em></strong></span> <span class='ocrx_word' id='word_1_30' title='bbox 1294 775 1518 821; x_wconf 84' lang='lat' dir='ltr'><strong><em>omnes</em></strong></span> <span class='ocrx_word' id='word_1_31' title='bbox 1581 752 2037 818; x_wconf 86' lang='lat' dir='ltr'><strong><em>Ecclesiarum</em></strong></span> 
     </span>
     <span class='ocr_line' id='line_1_11' title="bbox 478 871 2036 956; baseline -0.003 -20"><span class='ocrx_word' id='word_1_32' title='bbox 478 872 796 956; x_wconf 69' lang='lat' dir='ltr'><strong><em>praesules</em></strong></span> <span class='ocrx_word' id='word_1_33' title='bbox 826 871 1253 951; x_wconf 86' lang='lat' dir='ltr'><strong><em>docebantur,</em></strong></span> <span class='ocrx_word' id='word_1_34' title='bbox 1314 873 1608 956; x_wconf 84' lang='lat' dir='ltr'><strong><em>formam</em></strong></span> <span class='ocrx_word' id='word_1_35' title='bbox 1666 878 1728 934; x_wconf 91' lang='lat' dir='ltr'><strong><em>et</em></strong></span> <span class='ocrx_word' id='word_1_36' title='bbox 1754 877 2036 955; x_wconf 84' lang='lat' dir='ltr'><strong><em>potesta·</em></strong></span> 
     </span>
    </p>
   </div>
   <div class='ocr_carea' id='block_1_6' title="bbox 484 983 2038 1185">
    <p class='ocr_par' dir='ltr' id='par_1_6' title="bbox 484 983 2038 1185">
     <span class='ocr_line' id='line_1_12' title="bbox 486 983 2038 1073; baseline -0.003 -21"><span class='ocrx_word' id='word_1_37' title='bbox 486 998 611 1052; x_wconf 89' lang='lat' dir='ltr'><strong><em>tem</em></strong></span> <span class='ocrx_word' id='word_1_38' title='bbox 650 986 935 1052; x_wconf 86' lang='lat' dir='ltr'><strong><em>tradidit</em></strong></span> <span class='ocrx_word' id='word_1_39' title='bbox 963 985 1384 1073; x_wconf 86' lang='lat' dir='ltr'><strong><em>baptizandi,</em></strong></span> <span class='ocrx_word' id='word_1_40' title='bbox 1438 985 1721 1050; x_wconf 85' lang='lat' dir='ltr'><strong><em>dicens:</em></strong></span> <span class='ocrx_word' id='word_1_41' title='bbox 1787 983 2038 1049; x_wconf 86' lang='lat' dir='ltr'><strong><em>Euntes</em></strong></span> 
     </span>
     <span class='ocr_line' id='line_1_13' title="bbox 484 1093 2036 1185; baseline -0.005 -20"><span class='ocrx_word' id='word_1_42' title='bbox 484 1120 639 1185; x_wconf 78' lang='lat' dir='ltr'><strong><em>erqo</em></strong></span> <span class='ocrx_word' id='word_1_43' title='bbox 666 1119 844 1165; x_wconf 87' lang='lat' dir='ltr'><strong><em>nunc</em></strong></span> <span class='ocrx_word' id='word_1_44' title='bbox 871 1098 1093 1165; x_wconf 87' lang='lat' dir='ltr'><strong><em>docete</em></strong></span> <span class='ocrx_word' id='word_1_45' title='bbox 1140 1117 1363 1162; x_wconf 87' lang='lat' dir='ltr'><strong><em>omnes</em></strong></span> <span class='ocrx_word' id='word_1_46' title='bbox 1408 1105 1651 1182; x_wconf 74' lang='lat' dir='ltr'><strong><em>=qentes,</em></strong></span> <span class='ocrx_word' id='word_1_47' title='bbox 1691 1093 2036 1180; x_wconf 83' lang='lat' dir='ltr'><strong><em>baptizan-</em></strong></span> 
     </span>
    </p>
   </div>
   <div class='ocr_carea' id='block_1_7' title="bbox 484 1209 2045 3963">
    <p class='ocr_par' dir='ltr' id='par_1_7' title="bbox 484 1209 2039 1764">
     <span class='ocr_line' id='line_1_14' title="bbox 484 1209 2039 1297; baseline -0.005 -17"><span class='ocrx_word' id='word_1_48' title='bbox 484 1226 576 1280; x_wconf 88' lang='lat' dir='ltr'><strong><em>tes</em></strong></span> <span class='ocrx_word' id='word_1_49' title='bbox 606 1235 712 1279; x_wconf 84' lang='lat' dir='ltr'><strong><em>eos</em></strong></span> <span class='ocrx_word' id='word_1_50' title='bbox 739 1216 817 1280; x_wconf 88' lang='lat' dir='ltr'><strong><em>in</em></strong></span> <span class='ocrx_word' id='word_1_51' title='bbox 842 1215 1114 1281; x_wconf 89' lang='lat' dir='ltr'><strong><em>nomine</em></strong></span> <span class='ocrx_word' id='word_1_52' title='bbox 1161 1215 1394 1279; x_wconf 84' lang='lat' dir='ltr'><strong><em>Patris</em></strong></span> <span class='ocrx_word' id='word_1_53' title='bbox 1430 1224 1491 1279; x_wconf 92' lang='lat' dir='ltr'><strong><em>et</em></strong></span> <span class='ocrx_word' id='word_1_54' title='bbox 1522 1211 1690 1279; x_wconf 81' lang='lat' dir='ltr'><em>Filii</em></span> <span class='ocrx_word' id='word_1_55' title='bbox 1719 1221 1779 1277; x_wconf 87' lang='lat' dir='ltr'><strong><em>et</em></strong></span> <span class='ocrx_word' id='word_1_56' title='bbox 1813 1209 2039 1297; x_wconf 90' lang='lat' dir='ltr'><strong><em>Spiri-</em></strong></span> 
     </span>
     <span class='ocr_line' id='line_1_15' title="bbox 488 1328 2036 1419; baseline -0.005 -21"><span class='ocrx_word' id='word_1_57' title='bbox 488 1342 589 1398; x_wconf 85' lang='lat' dir='ltr'><strong><em>tus</em></strong></span> <span class='ocrx_word' id='word_1_58' title='bbox 617 1333 861 1398; x_wconf 84' lang='lat' dir='ltr'><strong><em>sancti.</em></strong></span> <span class='ocrx_word' id='word_1_59' title='bbox 899 1333 995 1397; x_wconf 91' lang='lat' dir='ltr'><strong><em>De</em></strong></span> <span class='ocrx_word' id='word_1_60' title='bbox 1032 1353 1158 1419; x_wconf 86' lang='lat' dir='ltr'><strong><em>quo</em></strong></span> <span class='ocrx_word' id='word_1_61' title='bbox 1196 1331 1423 1417; x_wconf 87' lang='lat' dir='ltr'><strong><em>utique</em></strong></span> <span class='ocrx_word' id='word_1_62' title='bbox 1476 1351 1582 1396; x_wconf 88' lang='lat' dir='ltr'><strong><em>eos</em></strong></span> <span class='ocrx_word' id='word_1_63' title='bbox 1620 1339 1777 1394; x_wconf 91' lang='lat' dir='ltr'><strong><em>ante</em></strong></span> <span class='ocrx_word' id='word_1_64' title='bbox 1820 1328 2036 1414; x_wconf 87' lang='lat' dir='ltr'><strong><em>passi-</em></strong></span> 
     </span>
     <span class='ocr_line' id='line_1_16' title="bbox 489 1445 2039 1536; baseline -0.003 -23"><span class='ocrx_word' id='word_1_65' title='bbox 489 1470 677 1515; x_wconf 84' lang='lat' dir='ltr'><strong><em>onem</em></strong></span> <span class='ocrx_word' id='word_1_66' title='bbox 758 1449 1082 1536; x_wconf 86' lang='lat' dir='ltr'><strong><em>potuisset</em></strong></span> <span class='ocrx_word' id='word_1_67' title='bbox 1135 1448 1488 1527; x_wconf 85' lang='lat' dir='ltr'><strong><em>instruere,</em></strong></span> <span class='ocrx_word' id='word_1_68' title='bbox 1559 1446 1698 1511; x_wconf 88' lang='lat' dir='ltr'><strong><em>nisi</em></strong></span> <span class='ocrx_word' id='word_1_69' title='bbox 1755 1445 2039 1533; x_wconf 85' lang='lat' dir='ltr'><strong><em>proprie</em></strong></span> 
     </span>
     <span class='ocr_line' id='line_1_17' title="bbox 492 1559 2038 1662; baseline -0.005 -33"><span class='ocrx_word' id='word_1_70' title='bbox 492 1564 1133 1662; x_wconf 61' lang='lat' dir='ltr'><strong><em>voluissetintelliqi</em></strong></span> <span class='ocrx_word' id='word_1_71' title='bbox 1181 1560 1708 1648; x_wconf 77' lang='lat' dir='ltr'><strong><em>reyenerationis</em></strong></span> <span class='ocrx_word' id='word_1_72' title='bbox 1744 1559 2038 1645; x_wconf 79' lang='lat' dir='ltr'><strong><em>qratiam</em></strong></span> 
     </span>
     <span class='ocr_line' id='line_1_18' title="bbox 498 1679 1753 1764; baseline -0.003 -17"><span class='ocrx_word' id='word_1_73' title='bbox 498 1702 584 1747; x_wconf 71' lang='lat' dir='ltr'><strong><em>ea·</em></strong></span> <span class='ocrx_word' id='word_1_74' title='bbox 616 1703 738 1748; x_wconf 86' lang='lat' dir='ltr'><strong><em>sua</em></strong></span> <span class='ocrx_word' id='word_1_75' title='bbox 772 1681 1258 1747; x_wconf 86' lang='lat' dir='ltr'><strong><em>resurrectione</em></strong></span> <span class='ocrx_word' id='word_1_76' title='bbox 1295 1679 1587 1764; x_wconf 79' lang='lat' dir='ltr'><strong><em>coepisse,</em></strong></span> <span class='ocrx_word' id='word_1_77' title='bbox 1626 1686 1753 1743; x_wconf 90' lang='lat' dir='ltr'><strong><em>etc.</em></strong></span> 
     </span>
    </p>

    <p class='ocr_par' dir='ltr' id='par_1_8' title="bbox 489 1791 2045 3963">
     <span class='ocr_line' id='line_1_19' title="bbox 586 1791 2036 1880; baseline -0.002 -18"><span class='ocrx_word' id='word_1_78' title='bbox 586 1797 763 1864; x_wconf 92' lang='lat' dir='ltr'><strong><em>ldem</em></strong></span> <span class='ocrx_word' id='word_1_79' title='bbox 811 1808 1034 1863; x_wconf 88' lang='lat' dir='ltr'><strong><em>tenere</em></strong></span> <span class='ocrx_word' id='word_1_80' title='bbox 1083 1794 1345 1862; x_wconf 85' lang='lat' dir='ltr'><strong><em>videtur</em></strong></span> <span class='ocrx_word' id='word_1_81' title='bbox 1391 1795 1660 1880; x_wconf 86' lang='lat' dir='ltr'><strong><em>Optatus</em></strong></span> <span class='ocrx_word' id='word_1_82' title='bbox 1714 1791 2036 1859; x_wconf 83' lang='lat' dir='ltr'><strong><em>Milevita·</em></strong></span> 
     </span>
     <span class='ocr_line' id='line_1_20' title="bbox 498 1909 2040 1981; baseline -0.004 -1"><span class='ocrx_word' id='word_1_83' title='bbox 498 1934 621 1981; x_wconf 90' lang='lat' dir='ltr'><strong><em>nus</em></strong></span> <span class='ocrx_word' id='word_1_84' title='bbox 669 1914 783 1980; x_wconf 87' lang='lat' dir='ltr'><strong><em>lib.</em></strong></span> <span class='ocrx_word' id='word_1_85' title='bbox 850 1918 919 1979; x_wconf 77' lang='lat'><strong><em>5.</em></strong></span> <span class='ocrx_word' id='word_1_86' title='bbox 965 1924 1189 1979; x_wconf 90' lang='lat' dir='ltr'><strong><em>contra</em></strong></span> <span class='ocrx_word' id='word_1_87' title='bbox 1245 1909 1748 1978; x_wconf 77' lang='lat' dir='ltr'>parmenianum</span> <span class='ocrx_word' id='word_1_88' title='bbox 1797 1930 1811 1974; x_wconf 77' lang='grc' dir='ltr'><em>τ</em></span> <span class='ocrx_word' id='word_1_89' title='bbox 1873 1910 2040 1974; x_wconf 86' lang='lat' dir='ltr'><strong><em>Cum</em></strong></span> 
     </span>
     <span class='ocr_line' id='line_1_21' title="bbox 493 2026 2038 2117; baseline -0.005 -23"><span class='ocrx_word' id='word_1_90' title='bbox 493 2030 800 2109; x_wconf 78' lang='lat' dir='ltr'><strong><em>Ioannes,</em></strong></span> <span class='ocrx_word' id='word_1_91' title='bbox 838 2029 1077 2117; x_wconf 88' lang='lat' dir='ltr'><strong><em>inquit,</em></strong></span> <span class='ocrx_word' id='word_1_92' title='bbox 1113 2030 1390 2112; x_wconf 74' lang='lat' dir='ltr'><strong><em>infinita</em></strong></span> <span class='ocrx_word' id='word_1_93' title='bbox 1428 2027 1651 2094; x_wconf 86' lang='lat' dir='ltr'><strong><em>millia</em></strong></span> <span class='ocrx_word' id='word_1_94' title='bbox 1693 2026 2038 2091; x_wconf 83' lang='lat' dir='ltr'><strong><em>hominum</em></strong></span> 
     </span>
     <span class='ocr_line' id='line_1_22' title="bbox 495 2144 2039 2233; baseline -0.004 -23"><span class='ocrx_word' id='word_1_95' title='bbox 495 2144 882 2233; x_wconf 79' lang='lat' dir='ltr'><strong><em>baptizaret,</em></strong></span> <span class='ocrx_word' id='word_1_96' title='bbox 913 2148 1062 2233; x_wconf 87' lang='lat' dir='ltr'><strong><em>jam</em></strong></span> <span class='ocrx_word' id='word_1_97' title='bbox 1096 2146 1362 2211; x_wconf 84' lang='lat' dir='ltr'><strong><em>Christo</em></strong></span> <span class='ocrx_word' id='word_1_98' title='bbox 1417 2152 1742 2230; x_wconf 84' lang='lat' dir='ltr'><strong><em>proesente</em></strong></span> <span class='ocrx_word' id='word_1_99' title='bbox 1798 2160 2039 2227; x_wconf 89' lang='lat' dir='ltr'><strong><em>opera-</em></strong></span> 
     </span>
     <span class='ocr_line' id='line_1_23' title="bbox 494 2259 2039 2342; baseline -0.004 -16"><span class='ocrx_word' id='word_1_100' title='bbox 494 2262 688 2327; x_wconf 88' lang='lat' dir='ltr'><strong><em>batur</em></strong></span> <span class='ocrx_word' id='word_1_101' title='bbox 714 2283 963 2342; x_wconf 87' lang='lat' dir='ltr'><strong><em>servus,</em></strong></span> <span class='ocrx_word' id='word_1_102' title='bbox 1001 2272 1062 2328; x_wconf 90' lang='lat' dir='ltr'><strong><em>et</em></strong></span> <span class='ocrx_word' id='word_1_103' title='bbox 1127 2260 1398 2328; x_wconf 83' lang='lat' dir='ltr'><strong><em>vocabat</em></strong></span> <span class='ocrx_word' id='word_1_104' title='bbox 1458 2259 1775 2325; x_wconf 77' lang='lat' dir='ltr'><strong><em>Dominus</em></strong></span> <span class='ocrx_word' id='word_1_105' title='bbox 1858 2267 2039 2322; x_wconf 91' lang='lat' dir='ltr'><strong><em>ante·</em></strong></span> 
     </span>
     <span class='ocr_line' id='line_1_24' title="bbox 495 2378 2045 2466; baseline -0.006 -20"><span class='ocrx_word' id='word_1_106' title='bbox 495 2400 693 2465; x_wconf 83' lang='lat' dir='ltr'><strong><em>quam</em></strong></span> <span class='ocrx_word' id='word_1_107' title='bbox 750 2378 1150 2466; x_wconf 84' lang='lat' dir='ltr'><strong><em>baptizandi</em></strong></span> <span class='ocrx_word' id='word_1_108' title='bbox 1213 2378 1407 2444; x_wconf 86' lang='lat' dir='ltr'><strong><em>daret</em></strong></span> <span class='ocrx_word' id='word_1_109' title='bbox 1470 2378 1811 2461; x_wconf 84' lang='lat' dir='ltr'><strong><em>formam,·</em></strong></span> <span class='ocrx_word' id='word_1_110' title='bbox 1850 2393 2045 2461; x_wconf 90' lang='lat' dir='ltr'><strong><em>pera-</em></strong></span> 
     </span>
     <span class='ocr_line' id='line_1_25' title="bbox 495 2489 2042 2580; baseline -0.003 -22"><span class='ocrx_word' id='word_1_111' title='bbox 495 2505 668 2559; x_wconf 88' lang='lat' dir='ltr'><strong><em>ctum</em></strong></span> <span class='ocrx_word' id='word_1_112' title='bbox 697 2505 790 2561; x_wconf 89' lang='lat' dir='ltr'><strong><em>est</em></strong></span> <span class='ocrx_word' id='word_1_113' title='bbox 828 2517 964 2561; x_wconf 87' lang='lat' dir='ltr'><strong><em>non</em></strong></span> <span class='ocrx_word' id='word_1_114' title='bbox 1003 2493 1335 2561; x_wconf 88' lang='lat' dir='ltr'><strong><em>modicum</em></strong></span> <span class='ocrx_word' id='word_1_115' title='bbox 1367 2505 1643 2580; x_wconf 87' lang='lat' dir='ltr'><strong><em>tempus,</em></strong></span> <span class='ocrx_word' id='word_1_116' title='bbox 1665 2491 1891 2558; x_wconf 88' lang='lat' dir='ltr'><strong><em>millia</em></strong></span> <span class='ocrx_word' id='word_1_117' title='bbox 1928 2489 2042 2554; x_wconf 83' lang='lat' dir='ltr'><strong><em>ho-</em></strong></span> 
     </span>
     <span class='ocr_line' id='line_1_26' title="bbox 493 2605 2042 2697; baseline -0.004 -24"><span class='ocrx_word' id='word_1_118' title='bbox 493 2610 750 2675; x_wconf 87' lang='lat' dir='ltr'><strong><em>minum</em></strong></span> <span class='ocrx_word' id='word_1_119' title='bbox 779 2612 855 2675; x_wconf 88' lang='lat' dir='ltr'><strong><em>in</em></strong></span> <span class='ocrx_word' id='word_1_120' title='bbox 876 2609 1276 2697; x_wconf 86' lang='lat' dir='ltr'><strong><em>poenitentia</em></strong></span> <span class='ocrx_word' id='word_1_121' title='bbox 1307 2621 1367 2675; x_wconf 88' lang='lat' dir='ltr'><strong><em>et</em></strong></span> <span class='ocrx_word' id='word_1_122' title='bbox 1408 2608 1796 2674; x_wconf 80' lang='lat' dir='ltr'><strong><em>remissione</em></strong></span> <span class='ocrx_word' id='word_1_123' title='bbox 1836 2605 2042 2669; x_wconf 89' lang='lat' dir='ltr'><strong><em>tincta</em></strong></span> 
     </span>
     <span class='ocr_line' id='line_1_27' title="bbox 489 2719 2040 2811; baseline -0.003 -23"><span class='ocrx_word' id='word_1_124' title='bbox 489 2736 642 2791; x_wconf 85' lang='lat' dir='ltr'><strong><em>sunt</em></strong></span> <span class='ocrx_word' id='word_1_125' title='bbox 687 2737 1127 2811; x_wconf 86' lang='lat' dir='ltr'><strong><em>peccatorum,</em></strong></span> <span class='ocrx_word' id='word_1_126' title='bbox 1196 2725 1312 2791; x_wconf 89' lang='lat' dir='ltr'><strong><em>sed</em></strong></span> <span class='ocrx_word' id='word_1_127' title='bbox 1352 2745 1540 2790; x_wconf 89' lang='lat' dir='ltr'><strong><em>nemo</em></strong></span> <span class='ocrx_word' id='word_1_128' title='bbox 1608 2725 1856 2790; x_wconf 87' lang='lat' dir='ltr'><strong><em>tinctus</em></strong></span> <span class='ocrx_word' id='word_1_129' title='bbox 1930 2719 2040 2804; x_wconf 79' lang='lat' dir='ltr'><strong><em>su-</em></strong></span> 
     </span>
     <span class='ocr_line' id='line_1_28' title="bbox 491 2838 2040 2926; baseline -0.003 -20"><span class='ocrx_word' id='word_1_130' title='bbox 491 2853 633 2907; x_wconf 88' lang='lat' dir='ltr'><strong><em>erat</em></strong></span> <span class='ocrx_word' id='word_1_131' title='bbox 682 2843 756 2908; x_wconf 88' lang='lat' dir='ltr'><strong><em>in</em></strong></span> <span class='ocrx_word' id='word_1_132' title='bbox 820 2841 1180 2926; x_wconf 85' lang='lat' dir='ltr'><strong><em>Trinitate,</em></strong></span> <span class='ocrx_word' id='word_1_133' title='bbox 1254 2862 1447 2906; x_wconf 91' lang='lat' dir='ltr'><strong><em>nemo</em></strong></span> <span class='ocrx_word' id='word_1_134' title='bbox 1513 2838 1732 2906; x_wconf 79' lang='lat' dir='ltr'><strong><em>adhuc</em></strong></span> <span class='ocrx_word' id='word_1_135' title='bbox 1763 2845 2040 2904; x_wconf 87' lang='lat' dir='ltr'><strong><em>noverat</em></strong></span> 
     </span>
     <span class='ocr_line' id='line_1_29' title="bbox 499 2956 2040 3042; baseline -0.002 -19"><span class='ocrx_word' id='word_1_136' title='bbox 499 2958 861 3037; x_wconf 81' lang='lat' dir='ltr'><strong><em>Christum,</em></strong></span> <span class='ocrx_word' id='word_1_137' title='bbox 908 2979 1097 3025; x_wconf 86' lang='lat' dir='ltr'><strong><em>nemo</em></strong></span> <span class='ocrx_word' id='word_1_138' title='bbox 1159 2957 1470 3024; x_wconf 78' lang='lat' dir='ltr'><strong><em>audierat</em></strong></span> <span class='ocrx_word' id='word_1_139' title='bbox 1528 2977 1664 3022; x_wconf 89' lang='lat' dir='ltr'><strong><em>esse</em></strong></span> <span class='ocrx_word' id='word_1_140' title='bbox 1703 2956 2040 3042; x_wconf 88' lang='lat' dir='ltr'><strong><em>Spiritum</em></strong></span> 
     </span>
     <span class='ocr_line' id='line_1_30' title="bbox 489 3071 2044 3163; baseline -0.002 -24"><span class='ocrx_word' id='word_1_141' title='bbox 489 3084 814 3143; x_wconf 85' lang='lat' dir='ltr'><strong><em>sanctum.</em></strong></span> <span class='ocrx_word' id='word_1_142' title='bbox 857 3078 942 3141; x_wconf 88' lang='lat' dir='ltr'><strong><em>At</em></strong></span> <span class='ocrx_word' id='word_1_143' title='bbox 980 3076 1093 3142; x_wconf 88' lang='lat' dir='ltr'><strong><em>ubi</em></strong></span> <span class='ocrx_word' id='word_1_144' title='bbox 1132 3078 1313 3142; x_wconf 87' lang='lat' dir='ltr'><strong><em>venit</em></strong></span> <span class='ocrx_word' id='word_1_145' title='bbox 1364 3087 1619 3163; x_wconf 86' lang='lat' dir='ltr'><strong><em>tempus</em></strong></span> <span class='ocrx_word' id='word_1_146' title='bbox 1674 3071 2044 3162; x_wconf 88' lang='lat' dir='ltr'><strong><em>plenitudi-</em></strong></span> 
     </span>
     <span class='ocr_line' id='line_1_31' title="bbox 493 3190 2044 3282; baseline -0.002 -25"><span class='ocrx_word' id='word_1_147' title='bbox 493 3193 617 3270; x_wconf 85' lang='lat' dir='ltr'><strong><em>nis,</em></strong></span> <span class='ocrx_word' id='word_1_148' title='bbox 672 3204 850 3258; x_wconf 88' lang='lat' dir='ltr'><strong><em>certo</em></strong></span> <span class='ocrx_word' id='word_1_149' title='bbox 892 3205 1182 3282; x_wconf 87' lang='lat' dir='ltr'><strong><em>tempore</em></strong></span> <span class='ocrx_word' id='word_1_150' title='bbox 1212 3192 1398 3260; x_wconf 85' lang='lat' dir='ltr'><strong><em>dedit</em></strong></span> <span class='ocrx_word' id='word_1_151' title='bbox 1429 3192 1600 3279; x_wconf 77' lang='lat' dir='ltr'><strong><em>ques</em></strong></span> <span class='ocrx_word' id='word_1_152' title='bbox 1655 3190 2044 3276; x_wconf 89' lang='lat' dir='ltr'><strong><em>Baptisma-</em></strong></span> 
     </span>
     <span class='ocr_line' id='line_1_32' title="bbox 495 3307 2042 3393; baseline -0.001 -22"><span class='ocrx_word' id='word_1_153' title='bbox 495 3309 580 3373; x_wconf 88' lang='lat' dir='ltr'><strong><em>tis</em></strong></span> <span class='ocrx_word' id='word_1_154' title='bbox 606 3308 826 3376; x_wconf 84' lang='lat' dir='ltr'><strong><em>Filius</em></strong></span> <span class='ocrx_word' id='word_1_155' title='bbox 870 3311 1016 3388; x_wconf 89' lang='lat' dir='ltr'><strong><em>Dei,</em></strong></span> <span class='ocrx_word' id='word_1_156' title='bbox 1070 3321 1131 3375; x_wconf 90' lang='lat' dir='ltr'><strong><em>et</em></strong></span> <span class='ocrx_word' id='word_1_157' title='bbox 1175 3309 1360 3375; x_wconf 89' lang='lat' dir='ltr'><strong><em>dedit</em></strong></span> <span class='ocrx_word' id='word_1_158' title='bbox 1399 3309 1580 3374; x_wconf 86' lang='lat' dir='ltr'><strong><em>viam</em></strong></span> <span class='ocrx_word' id='word_1_159' title='bbox 1648 3328 1778 3393; x_wconf 88' lang='lat' dir='ltr'><strong><em>qua</em></strong></span> <span class='ocrx_word' id='word_1_160' title='bbox 1825 3307 2042 3371; x_wconf 87' lang='lat' dir='ltr'><strong><em>iretur</em></strong></span> 
     </span>
     <span class='ocr_line' id='line_1_33' title="bbox 504 3422 2040 3513; baseline -0.002 -24"><span class='ocrx_word' id='word_1_161' title='bbox 504 3445 576 3490; x_wconf 77' lang='lat' dir='ltr'><strong><em>tn</em></strong></span> <span class='ocrx_word' id='word_1_162' title='bbox 616 3447 821 3513; x_wconf 82' lang='lat' dir='ltr'><strong><em>reqna</em></strong></span> <span class='ocrx_word' id='word_1_163' title='bbox 858 3428 1194 3511; x_wconf 86' lang='lat' dir='ltr'><strong><em>coelorum,</em></strong></span> <span class='ocrx_word' id='word_1_164' title='bbox 1217 3426 1372 3493; x_wconf 90' lang='lat' dir='ltr'><strong><em>dum</em></strong></span> <span class='ocrx_word' id='word_1_165' title='bbox 1405 3424 1749 3512; x_wconf 79' lang='lat' dir='ltr'><strong><em>pra-cepit,</em></strong></span> <span class='ocrx_word' id='word_1_166' title='bbox 1776 3422 2040 3488; x_wconf 82' lang='lat' dir='ltr'><strong><em>dicens.-</em></strong></span> 
     </span>
     <span class='ocr_line' id='line_1_34' title="bbox 493 3539 2043 3630; baseline -0.001 -26"><span class='ocrx_word' id='word_1_167' title='bbox 493 3540 609 3622; x_wconf 90' lang='lat' dir='ltr'><strong><em>Ite,</em></strong></span> <span class='ocrx_word' id='word_1_168' title='bbox 652 3541 876 3609; x_wconf 87' lang='lat' dir='ltr'><strong><em>docete</em></strong></span> <span class='ocrx_word' id='word_1_169' title='bbox 952 3564 1177 3609; x_wconf 87' lang='lat' dir='ltr'><strong><em>omnes</em></strong></span> <span class='ocrx_word' id='word_1_170' title='bbox 1276 3553 1521 3630; x_wconf 75' lang='lat' dir='ltr'><strong><em>qenteS‚</em></strong></span> <span class='ocrx_word' id='word_1_171' title='bbox 1624 3539 2043 3627; x_wconf 80' lang='lat' dir='ltr'><strong><em>baptizantes</em></strong></span> 
     </span>
     <span class='ocr_line' id='line_1_35' title="bbox 493 3657 2041 3749; baseline -0.001 -26"><span class='ocrx_word' id='word_1_172' title='bbox 493 3678 621 3738; x_wconf 80' lang='lat' dir='ltr'><strong><em>eos,</em></strong></span> <span class='ocrx_word' id='word_1_173' title='bbox 651 3672 776 3727; x_wconf 91' lang='lat' dir='ltr'><strong><em>etc.</em></strong></span> <span class='ocrx_word' id='word_1_174' title='bbox 813 3660 963 3727; x_wconf 91' lang='lat' dir='ltr'><strong><em>etin</em></strong></span> <span class='ocrx_word' id='word_1_175' title='bbox 1003 3658 1434 3749; x_wconf 83' lang='lat' dir='ltr'><strong><em>sequentibus</em></strong></span> <span class='ocrx_word' id='word_1_176' title='bbox 1457 3657 1629 3724; x_wconf 89' lang='lat' dir='ltr'><strong><em>idem</em></strong></span> <span class='ocrx_word' id='word_1_177' title='bbox 1660 3657 1847 3723; x_wconf 91' lang='lat' dir='ltr'><strong><em>docet</em></strong></span> <span class='ocrx_word' id='word_1_178' title='bbox 1889 3675 2041 3741; x_wconf 92' lang='lat' dir='ltr'><strong><em>sup-</em></strong></span> 
     </span>
     <span class='ocr_line' id='line_1_36' title="bbox 499 3772 2043 3865; baseline -0.003 -23"><span class='ocrx_word' id='word_1_179' title='bbox 499 3796 747 3864; x_wconf 84' lang='lat' dir='ltr'><strong><em>ponens</em></strong></span> <span class='ocrx_word' id='word_1_180' title='bbox 835 3777 1239 3865; x_wconf 87' lang='lat' dir='ltr'><strong><em>Baptismum</em></strong></span> <span class='ocrx_word' id='word_1_181' title='bbox 1268 3776 1509 3843; x_wconf 84' lang='lat' dir='ltr'><strong><em>Christi</em></strong></span> <span class='ocrx_word' id='word_1_182' title='bbox 1544 3794 1669 3840; x_wconf 90' lang='lat' dir='ltr'><strong><em>non</em></strong></span> <span class='ocrx_word' id='word_1_183' title='bbox 1714 3772 2043 3860; x_wconf 85' lang='lat' dir='ltr'><strong><em>incepisse</em></strong></span> 
     </span>
     <span class='ocr_line' id='line_1_37' title="bbox 497 3891 1848 3963; baseline -0.006 0"><span class='ocrx_word' id='word_1_184' title='bbox 497 3905 648 3963; x_wconf 87' lang='lat' dir='ltr'><strong><em>ante</em></strong></span> <span class='ocrx_word' id='word_1_185' title='bbox 678 3895 891 3962; x_wconf 84' lang='lat' dir='ltr'><strong><em>datam</em></strong></span> <span class='ocrx_word' id='word_1_186' title='bbox 926 3895 1198 3961; x_wconf 81' lang='lat' dir='ltr'><strong><em>formam</em></strong></span> <span class='ocrx_word' id='word_1_187' title='bbox 1232 3892 1532 3960; x_wconf 65' lang='lat' dir='ltr'><strong><em>Matthaei</em></strong></span> <span class='ocrx_word' id='word_1_188' title='bbox 1581 3891 1848 3957; x_wconf 84' lang='lat' dir='ltr'><strong><em>ultima.</em></strong></span> 
     </span>
    </p>
   </div>
   <div class='ocr_carea' id='block_1_8' title="bbox 497 4015 2044 4813">
    <p class='ocr_par' dir='ltr' id='par_1_9' title="bbox 497 4015 2044 4813">
     <span class='ocr_line' id='line_1_38' title="bbox 589 4015 2041 4108; baseline -0.006 -20"><span class='ocrx_word' id='word_1_189' title='bbox 589 4023 895 4088; x_wconf 82' lang='lat' dir='ltr'><strong><em>Eamdem</em></strong></span> <span class='ocrx_word' id='word_1_190' title='bbox 952 4020 1265 4108; x_wconf 89' lang='lat' dir='ltr'><strong><em>supponit</em></strong></span> <span class='ocrx_word' id='word_1_191' title='bbox 1327 4017 1764 4086; x_wconf 87' lang='lat' dir='ltr'><strong><em>Tertullianus</em></strong></span> <span class='ocrx_word' id='word_1_192' title='bbox 1797 4016 1911 4083; x_wconf 85' lang='lat' dir='ltr'><strong><em>lib.</em></strong></span> <span class='ocrx_word' id='word_1_193' title='bbox 1958 4015 2041 4081; x_wconf 91' lang='lat' dir='ltr'><strong><em>de</em></strong></span> 
     </span>
     <span class='ocr_line' id='line_1_39' title="bbox 498 4118 2042 4227; baseline -0.006 -21"><span class='ocrx_word' id='word_1_194' title='bbox 498 4118 1047 4227; x_wconf 34' lang='lat' dir='ltr'><strong><em>Baptismo‘cap.</em></strong></span> <span class='ocrx_word' id='word_1_195' title='bbox 1121 4142 1185 4205; x_wconf 82' lang='lat'><strong><em>7.</em></strong></span> <span class='ocrx_word' id='word_1_196' title='bbox 1269 4136 1376 4203; x_wconf 93' lang='lat' dir='ltr'><strong><em>ubi</em></strong></span> <span class='ocrx_word' id='word_1_197' title='bbox 1435 4135 1622 4202; x_wconf 91' lang='lat' dir='ltr'><strong><em>docet</em></strong></span> <span class='ocrx_word' id='word_1_198' title='bbox 1688 4130 2042 4219; x_wconf 90' lang='lat' dir='ltr'><strong><em>discipulos</em></strong></span> 
     </span>
     <span class='ocr_line' id='line_1_40' title="bbox 497 4251 2044 4340; baseline -0.006 -17"><span class='ocrx_word' id='word_1_199' title='bbox 497 4254 739 4323; x_wconf 89' lang='lat' dir='ltr'><strong><em>Christi</em></strong></span> <span class='ocrx_word' id='word_1_200' title='bbox 795 4254 990 4322; x_wconf 86' lang='lat' dir='ltr'><strong><em>Joan.</em></strong></span> <span class='ocrx_word' id='word_1_201' title='bbox 1042 4258 1108 4320; x_wconf 85' lang='grc'><strong><em>4.</em></strong></span> <span class='ocrx_word' id='word_1_202' title='bbox 1173 4252 1532 4340; x_wconf 80' lang='lat' dir='ltr'><strong><em>baptizasse</em></strong></span> <span class='ocrx_word' id='word_1_203' title='bbox 1564 4251 1887 4338; x_wconf 89' lang='lat' dir='ltr'><strong><em>baptismo</em></strong></span> <span class='ocrx_word' id='word_1_204' title='bbox 1939 4252 2044 4315; x_wconf 82' lang='lat' dir='ltr'><strong><em>Jo-</em></strong></span> 
     </span>
     <span class='ocr_line' id='line_1_41' title="bbox 501 4369 2037 4457; baseline -0.005 -16"><span class='ocrx_word' id='word_1_205' title='bbox 501 4373 692 4441; x_wconf 89' lang='lat' dir='ltr'><strong><em>annis</em></strong></span> <span class='ocrx_word' id='word_1_206' title='bbox 746 4384 1059 4453; x_wconf 87' lang='lat' dir='ltr'><strong><em>tantum;</em></strong></span> <span class='ocrx_word' id='word_1_207' title='bbox 1122 4371 1631 4457; x_wconf 79' lang='lat' dir='ltr'><strong><em>chrysostomus</em></strong></span> <span class='ocrx_word' id='word_1_208' title='bbox 1661 4370 1836 4435; x_wconf 84' lang='lat' dir='ltr'><strong><em>hom.</em></strong></span> <span class='ocrx_word' id='word_1_209' title='bbox 1926 4369 2037 4434; x_wconf 68' lang='lat'><strong><em>28.</em></strong></span> 
     </span>
     <span class='ocr_line' id='line_1_42' title="bbox 499 4485 2044 4575; baseline -0.005 -15"><span class='ocrx_word' id='word_1_210' title='bbox 499 4496 576 4560; x_wconf 87' lang='lat' dir='ltr'><strong><em>in</em></strong></span> <span class='ocrx_word' id='word_1_211' title='bbox 601 4495 794 4559; x_wconf 83' lang='lat' dir='ltr'><strong><em>Joan.</em></strong></span> <span class='ocrx_word' id='word_1_212' title='bbox 828 4512 1130 4559; x_wconf 89' lang='lat' dir='ltr'><strong><em>asserens</em></strong></span> <span class='ocrx_word' id='word_1_213' title='bbox 1162 4492 1592 4575; x_wconf 85' lang='lat' dir='ltr'><strong><em>Baptismum,</em></strong></span> <span class='ocrx_word' id='word_1_214' title='bbox 1639 4506 1768 4574; x_wconf 92' lang='lat' dir='ltr'><strong><em>quo</em></strong></span> <span class='ocrx_word' id='word_1_215' title='bbox 1837 4485 2044 4572; x_wconf 88' lang='lat' dir='ltr'><strong><em>bapti·</em></strong></span> 
     </span>
     <span class='ocr_line' id='line_1_43' title="bbox 500 4602 2044 4693; baseline -0.006 -16"><span class='ocrx_word' id='word_1_216' title='bbox 500 4611 754 4692; x_wconf 88' lang='lat' dir='ltr'><strong><em>zabant,</em></strong></span> <span class='ocrx_word' id='word_1_217' title='bbox 825 4610 1030 4677; x_wconf 80' lang='lat' dir='ltr'><strong><em>fuisse</em></strong></span> <span class='ocrx_word' id='word_1_218' title='bbox 1097 4605 1379 4693; x_wconf 82' lang='lat' dir='ltr'><strong><em>Spiritus</em></strong></span> <span class='ocrx_word' id='word_1_219' title='bbox 1438 4617 1799 4692; x_wconf 83' lang='lat' dir='ltr'><strong><em>expertem,</em></strong></span> <span class='ocrx_word' id='word_1_220' title='bbox 1871 4602 2044 4670; x_wconf 85' lang='lat' dir='ltr'><strong><em>sicut</em></strong></span> 
     </span>
     <span class='ocr_line' id='line_1_44' title="bbox 504 4718 2041 4813; baseline -0.007 -19"><span class='ocrx_word' id='word_1_221' title='bbox 504 4727 626 4794; x_wconf 78' lang='lat' dir='ltr'><strong><em>fuit</em></strong></span> <span class='ocrx_word' id='word_1_222' title='bbox 673 4725 1042 4813; x_wconf 86' lang='lat' dir='ltr'><strong><em>Baptismus</em></strong></span> <span class='ocrx_word' id='word_1_223' title='bbox 1088 4722 1380 4803; x_wconf 75' lang='lat' dir='ltr'><strong><em>loannis,</em></strong></span> <span class='ocrx_word' id='word_1_224' title='bbox 1455 4719 1706 4787; x_wconf 90' lang='lat' dir='ltr'><strong><em>nullum</em></strong></span> <span class='ocrx_word' id='word_1_225' title='bbox 1756 4718 2041 4785; x_wconf 81' lang='lat' dir='ltr'><strong><em>fructum</em></strong></span> 
     </span>
    </p>
   </div>
   <div class='ocr_carea' id='block_1_9' title="bbox 499 4846 2044 5643">
    <p class='ocr_par' dir='ltr' id='par_1_10' title="bbox 499 4846 2044 5643">
     <span class='ocr_line' id='line_1_45' title="bbox 502 4846 2042 4935; baseline -0.007 -16"><span class='ocrx_word' id='word_1_226' title='bbox 502 4852 836 4920; x_wconf 77' lang='lat' dir='ltr'><strong><em>diversum</em></strong></span> <span class='ocrx_word' id='word_1_227' title='bbox 880 4849 1211 4930; x_wconf 86' lang='lat' dir='ltr'><strong><em>habuisse,</em></strong></span> <span class='ocrx_word' id='word_1_228' title='bbox 1274 4867 1467 4935; x_wconf 92' lang='lat' dir='ltr'><strong><em>quem</em></strong></span> <span class='ocrx_word' id='word_1_229' title='bbox 1512 4856 1880 4932; x_wconf 87' lang='lat' dir='ltr'><strong><em>sequuntur</em></strong></span> <span class='ocrx_word' id='word_1_230' title='bbox 1918 4846 2042 4910; x_wconf 88' lang='lat' dir='ltr'><strong><em>Eu-</em></strong></span> 
     </span>
     <span class='ocr_line' id='line_1_46' title="bbox 501 4962 2037 5054; baseline -0.005 -19"><span class='ocrx_word' id='word_1_231' title='bbox 501 4967 795 5054; x_wconf 88' lang='lat' dir='ltr'><strong><em>thymius</em></strong></span> <span class='ocrx_word' id='word_1_232' title='bbox 869 4977 934 5033; x_wconf 89' lang='lat' dir='ltr'><strong><em>et</em></strong></span> <span class='ocrx_word' id='word_1_233' title='bbox 1008 4962 1536 5051; x_wconf 86' lang='lat' dir='ltr'><strong><em>Theophylactus</em></strong></span> <span class='ocrx_word' id='word_1_234' title='bbox 1578 4963 1651 5027; x_wconf 90' lang='lat' dir='ltr'><strong><em>in</em></strong></span> <span class='ocrx_word' id='word_1_235' title='bbox 1688 4962 2037 5027; x_wconf 78' lang='lat' dir='ltr'><strong><em>loannem.</em></strong></span> 
     </span>
     <span class='ocr_line' id='line_1_47' title="bbox 504 5074 2037 5167; baseline -0.007 -16"><span class='ocrx_word' id='word_1_236' title='bbox 504 5084 677 5151; x_wconf 89' lang='lat' dir='ltr'><strong><em>ldem</em></strong></span> <span class='ocrx_word' id='word_1_237' title='bbox 709 5081 906 5149; x_wconf 89' lang='lat' dir='ltr'><strong><em>etiam</em></strong></span> <span class='ocrx_word' id='word_1_238' title='bbox 949 5081 1459 5167; x_wconf 78' lang='lat' dir='ltr'><strong><em>chrysostomus</em></strong></span> <span class='ocrx_word' id='word_1_239' title='bbox 1516 5075 1749 5143; x_wconf 85' lang='lat' dir='ltr'><strong><em>homil.</em></strong></span> <span class='ocrx_word' id='word_1_240' title='bbox 1814 5078 1924 5142; x_wconf 69' lang='lat'><strong><em>24.</em></strong></span> <span class='ocrx_word' id='word_1_241' title='bbox 1962 5074 2037 5140; x_wconf 87' lang='lat' dir='ltr'><strong><em>in</em></strong></span> 
     </span>
     <span class='ocr_line' id='line_1_48' title="bbox 499 5190 2044 5280; baseline -0.008 -13"><span class='ocrx_word' id='word_1_242' title='bbox 499 5204 683 5280; x_wconf 82' lang='lat' dir='ltr'><strong><em>Acta,</em></strong></span> <span class='ocrx_word' id='word_1_243' title='bbox 728 5198 917 5266; x_wconf 89' lang='lat' dir='ltr'><strong><em>docet</em></strong></span> <span class='ocrx_word' id='word_1_244' title='bbox 946 5196 1328 5263; x_wconf 90' lang='lat' dir='ltr'><strong><em>missionem</em></strong></span> <span class='ocrx_word' id='word_1_245' title='bbox 1381 5190 1706 5259; x_wconf 90' lang='lat' dir='ltr'><strong><em>visibilem</em></strong></span> <span class='ocrx_word' id='word_1_246' title='bbox 1765 5190 2044 5279; x_wconf 79' lang='lat' dir='ltr'><strong><em>Spiritus</em></strong></span> 
     </span>
     <span class='ocr_line' id='line_1_49' title="bbox 500 5305 2044 5400; baseline -0.01 -15"><span class='ocrx_word' id='word_1_247' title='bbox 500 5316 702 5384; x_wconf 91' lang='lat' dir='ltr'><strong><em>sancti</em></strong></span> <span class='ocrx_word' id='word_1_248' title='bbox 735 5312 1045 5400; x_wconf 86' lang='lat' dir='ltr'><strong><em>Baptismi</em></strong></span> <span class='ocrx_word' id='word_1_249' title='bbox 1076 5312 1216 5378; x_wconf 91' lang='lat' dir='ltr'><strong><em>loco</em></strong></span> <span class='ocrx_word' id='word_1_250' title='bbox 1256 5308 1612 5397; x_wconf 83' lang='lat' dir='ltr'><strong><em>Apostolis,</em></strong></span> <span class='ocrx_word' id='word_1_251' title='bbox 1678 5327 1892 5395; x_wconf 91' lang='lat' dir='ltr'><strong><em>neque</em></strong></span> <span class='ocrx_word' id='word_1_252' title='bbox 1933 5305 2044 5372; x_wconf 92' lang='lat' dir='ltr'><strong><em>ali-</em></strong></span> 
     </span>
     <span class='ocr_line' id='line_1_50' title="bbox 505 5423 2039 5518; baseline -0.01 -17"><span class='ocrx_word' id='word_1_253' title='bbox 505 5454 613 5501; x_wconf 92' lang='lat' dir='ltr'><strong><em>um</em></strong></span> <span class='ocrx_word' id='word_1_254' title='bbox 644 5430 989 5518; x_wconf 86' lang='lat' dir='ltr'><strong><em>recepisse,</em></strong></span> <span class='ocrx_word' id='word_1_255' title='bbox 1042 5428 1354 5495; x_wconf 84' lang='lat' dir='ltr'><strong><em>ethomil.</em></strong></span> <span class='ocrx_word' id='word_1_256' title='bbox 1404 5429 1469 5492; x_wconf 85' lang='lat'><strong><em>4.</em></strong></span> <span class='ocrx_word' id='word_1_257' title='bbox 1543 5426 1608 5491; x_wconf 91' lang='lat' dir='ltr'><strong><em>in</em></strong></span> <span class='ocrx_word' id='word_1_258' title='bbox 1642 5423 1852 5491; x_wconf 89' lang='lat' dir='ltr'><strong><em>illud:</em></strong></span> <span class='ocrx_word' id='word_1_259' title='bbox 1914 5425 2039 5487; x_wconf 86' lang='lat' dir='ltr'><strong><em>Re-</em></strong></span> 
     </span>
     <span class='ocr_line' id='line_1_51' title="bbox 505 5541 2044 5643; baseline -0.008 -25"><span class='ocrx_word' id='word_1_260' title='bbox 505 5552 848 5643; x_wconf 84' lang='lat' dir='ltr'><strong><em>pleti-sunt</em></strong></span> <span class='ocrx_word' id='word_1_261' title='bbox 883 5569 1104 5616; x_wconf 87' lang='lat' dir='ltr'><strong><em>omnes</em></strong></span> <span class='ocrx_word' id='word_1_262' title='bbox 1132 5546 1401 5636; x_wconf 84' lang='lat' dir='ltr'><strong><em>Spiritu</em></strong></span> <span class='ocrx_word' id='word_1_263' title='bbox 1428 5553 1677 5625; x_wconf 83' lang='lat' dir='ltr'><strong><em>sancto,</em></strong></span> <span class='ocrx_word' id='word_1_264' title='bbox 1732 5552 1856 5609; x_wconf 85' lang='lat' dir='ltr'><strong><em>etc.</em></strong></span> <span class='ocrx_word' id='word_1_265' title='bbox 1894 5541 2044 5607; x_wconf 90' lang='lat' dir='ltr'><strong><em>Non</em></strong></span> 
     </span>
    </p>
   </div>
   <div class='ocr_carea' id='block_1_10' title="bbox 3552 359 3671 419">
    <p class='ocr_par' dir='ltr' id='par_1_11' title="bbox 3552 359 3671 419">
     <span class='ocr_line' id='line_1_52' title="bbox 3552 359 3671 419; baseline 0 -1"><span class='ocrx_word' id='word_1_266' title='bbox 3552 359 3671 419; x_wconf 82' lang='lat'><strong><em>335</em></strong></span> 
     </span>
    </p>
   </div>
   <div class='ocr_carea' id='block_1_11' title="bbox 2140 519 3706 3056">
    <p class='ocr_par' dir='ltr' id='par_1_12' title="bbox 2140 519 3706 3056">
     <span class='ocr_line' id='line_1_53' title="bbox 2140 519 3683 608; baseline 0.001 -23"><span class='ocrx_word' id='word_1_267' title='bbox 2140 531 2535 607; x_wconf 86' lang='lat' dir='ltr'><strong><em>acceperunt</em></strong></span> <span class='ocrx_word' id='word_1_268' title='bbox 2572 519 2787 602; x_wconf 88' lang='lat' dir='ltr'><strong><em>aliud,</em></strong></span> <span class='ocrx_word' id='word_1_269' title='bbox 2852 519 3086 608; x_wconf 90' lang='lat' dir='ltr'><strong><em>inquit,</em></strong></span> <span class='ocrx_word' id='word_1_270' title='bbox 3160 519 3437 608; x_wconf 89' lang='lat' dir='ltr'><strong><em>(supple</em></strong></span> <span class='ocrx_word' id='word_1_271' title='bbox 3464 519 3683 607; x_wconf 89' lang='lat' dir='ltr'><strong><em>Bapti-</em></strong></span> 
     </span>
     <span class='ocr_line' id='line_1_54' title="bbox 2143 636 3677 725; baseline 0.001 -22"><span class='ocrx_word' id='word_1_272' title='bbox 2143 657 2286 703; x_wconf 90' lang='lat' dir='ltr'><strong><em>sma</em></strong></span> <span class='ocrx_word' id='word_1_273' title='bbox 2327 637 2391 702; x_wconf 94' lang='lat' dir='ltr'><strong><em>in</em></strong></span> <span class='ocrx_word' id='word_1_274' title='bbox 2433 657 2600 724; x_wconf 87' lang='lat' dir='ltr'><strong><em>aqua</em></strong></span> <span class='ocrx_word' id='word_1_275' title='bbox 2656 636 3011 725; x_wconf 88' lang='lat' dir='ltr'><strong><em>sensibile)</em></strong></span> <span class='ocrx_word' id='word_1_276' title='bbox 3039 637 3155 704; x_wconf 87' lang='lat' dir='ltr'><strong><em>sed</em></strong></span> <span class='ocrx_word' id='word_1_277' title='bbox 3203 636 3325 704; x_wconf 78' lang='lat' dir='ltr'><strong><em>hoc</em></strong></span> <span class='ocrx_word' id='word_1_278' title='bbox 3354 641 3677 725; x_wconf 80' lang='lat' dir='ltr'><strong><em>primum,</em></strong></span> 
     </span>
     <span class='ocr_line' id='line_1_55' title="bbox 2146 755 3686 842; baseline 0.001 -23"><span class='ocrx_word' id='word_1_279' title='bbox 2146 764 2292 819; x_wconf 87' lang='lat' dir='ltr'><strong><em>erat</em></strong></span> <span class='ocrx_word' id='word_1_280' title='bbox 2324 755 2502 820; x_wconf 88' lang='lat' dir='ltr'><strong><em>enim</em></strong></span> <span class='ocrx_word' id='word_1_281' title='bbox 2540 775 2805 826; x_wconf 86' lang='lat' dir='ltr'><strong><em>novum.</em></strong></span> <span class='ocrx_word' id='word_1_282' title='bbox 2844 775 2959 820; x_wconf 89' lang='lat' dir='ltr'><strong><em>nec</em></strong></span> <span class='ocrx_word' id='word_1_283' title='bbox 2990 766 3135 820; x_wconf 88' lang='lat' dir='ltr'><strong><em>erat</em></strong></span> <span class='ocrx_word' id='word_1_284' title='bbox 3201 775 3369 842; x_wconf 84' lang='lat' dir='ltr'><strong><em>opus</em></strong></span> <span class='ocrx_word' id='word_1_285' title='bbox 3404 757 3543 822; x_wconf 90' lang='lat' dir='ltr'><strong><em>alio</em></strong></span> <span class='ocrx_word' id='word_1_286' title='bbox 3590 756 3686 821; x_wconf 87' lang='lat' dir='ltr'><strong><em>si-</em></strong></span> 
     </span>
     <span class='ocr_line' id='line_1_56' title="bbox 2150 869 3684 957; baseline 0.003 -23"><span class='ocrx_word' id='word_1_287' title='bbox 2150 889 2314 954; x_wconf 84' lang='lat' dir='ltr'><strong><em>9no;</em></strong></span> <span class='ocrx_word' id='word_1_288' title='bbox 2348 882 2411 935; x_wconf 90' lang='lat' dir='ltr'><strong><em>et</em></strong></span> <span class='ocrx_word' id='word_1_289' title='bbox 2437 869 2610 935; x_wconf 89' lang='lat' dir='ltr'><strong><em>clare</em></strong></span> <span class='ocrx_word' id='word_1_290' title='bbox 2631 870 2862 938; x_wconf 79' lang='lat' dir='ltr'><strong><em>homil.</em></strong></span> <span class='ocrx_word' id='word_1_291' title='bbox 2896 876 2955 937; x_wconf 87' lang='lat'><strong><em>1.</em></strong></span> <span class='ocrx_word' id='word_1_292' title='bbox 2997 871 3060 936; x_wconf 91' lang='lat' dir='ltr'><strong><em>in</em></strong></span> <span class='ocrx_word' id='word_1_293' title='bbox 3082 875 3240 937; x_wconf 83' lang='lat' dir='ltr'><strong><em>Acta</em></strong></span> <span class='ocrx_word' id='word_1_294' title='bbox 3270 891 3469 957; x_wconf 87' lang='lat' dir='ltr'><strong><em>super</em></strong></span> <span class='ocrx_word' id='word_1_295' title='bbox 3499 869 3684 938; x_wconf 91' lang='lat' dir='ltr'><strong><em>illud:</em></strong></span> 
     </span>
     <span class='ocr_line' id='line_1_57' title="bbox 2146 985 3548 1072; baseline 0.003 -23"><span class='ocrx_word' id='word_1_296' title='bbox 2146 985 2681 1070; x_wconf 81' lang='lat' dir='ltr'><strong><em>Baptizabimini</em></strong></span> <span class='ocrx_word' id='word_1_297' title='bbox 2720 987 2792 1052; x_wconf 90' lang='lat' dir='ltr'><strong><em>in</em></strong></span> <span class='ocrx_word' id='word_1_298' title='bbox 2820 987 3085 1072; x_wconf 86' lang='lat' dir='ltr'><strong><em>Spiritu</em></strong></span> <span class='ocrx_word' id='word_1_299' title='bbox 3115 998 3371 1065; x_wconf 86' lang='lat' dir='ltr'><strong><em>sanct0,</em></strong></span> <span class='ocrx_word' id='word_1_300' title='bbox 3420 997 3548 1053; x_wconf 89' lang='lat' dir='ltr'><strong><em>etc.</em></strong></span> 
     </span>
     <span class='ocr_line' id='line_1_58' title="bbox 2184 1100 3696 1189; baseline 0.001 -23"><span class='ocrx_word' id='word_1_301' title='bbox 2184 1100 2319 1166; x_wconf 88' lang='lat' dir='ltr'><strong><em>Sed</em></strong></span> <span class='ocrx_word' id='word_1_302' title='bbox 2347 1101 2937 1187; x_wconf 85' lang='lat' dir='ltr'><strong><em>quomodo,inquit,</em></strong></span> <span class='ocrx_word' id='word_1_303' title='bbox 2967 1100 3154 1180; x_wconf 88' lang='lat' dir='ltr'><strong><em>dicit,</em></strong></span> <span class='ocrx_word' id='word_1_304' title='bbox 3182 1100 3696 1189; x_wconf 80' lang='lat' dir='ltr'><strong><em>baptizabimini</em></strong></span> 
     </span>
     <span class='ocr_line' id='line_1_59' title="bbox 2148 1216 3696 1305; baseline -0.001 -22"><span class='ocrx_word' id='word_1_305' title='bbox 2148 1239 2296 1283; x_wconf 90' lang='lat' dir='ltr'><strong><em>cum</em></strong></span> <span class='ocrx_word' id='word_1_306' title='bbox 2325 1239 2499 1304; x_wconf 84' lang='lat' dir='ltr'><strong><em>aqua</em></strong></span> <span class='ocrx_word' id='word_1_307' title='bbox 2519 1238 2654 1283; x_wconf 90' lang='lat' dir='ltr'><strong><em>non</em></strong></span> <span class='ocrx_word' id='word_1_308' title='bbox 2683 1228 2843 1283; x_wconf 89' lang='lat' dir='ltr'><strong><em>esset</em></strong></span> <span class='ocrx_word' id='word_1_309' title='bbox 2881 1218 2955 1282; x_wconf 87' lang='lat' dir='ltr'><strong><em>in</em></strong></span> <span class='ocrx_word' id='word_1_310' title='bbox 2985 1219 3317 1283; x_wconf 85' lang='lat' dir='ltr'><strong><em>coenaculo</em></strong></span> <span class='ocrx_word' id='word_1_311' title='bbox 3347 1216 3380 1284; x_wconf 66' lang='grc' dir='ltr'><strong><em>ἱ)</em></strong></span> <span class='ocrx_word' id='word_1_312' title='bbox 3427 1238 3696 1305; x_wconf 90' lang='lat' dir='ltr'><strong><em>respon-</em></strong></span> 
     </span>
     <span class='ocr_line' id='line_1_60' title="bbox 2150 1331 3699 1421; baseline 0.001 -23"><span class='ocrx_word' id='word_1_313' title='bbox 2150 1331 2257 1398; x_wconf 90' lang='lat' dir='ltr'><strong><em>det</em></strong></span> <span class='ocrx_word' id='word_1_314' title='bbox 2294 1354 2308 1398; x_wconf 90' lang='lat'><strong>:</strong></span> <span class='ocrx_word' id='word_1_315' title='bbox 2387 1333 2718 1408; x_wconf 84' lang='lat' dir='ltr'><strong><em>Quoniam</em></strong></span> <span class='ocrx_word' id='word_1_316' title='bbox 2803 1335 2879 1398; x_wconf 90' lang='lat' dir='ltr'><strong><em>in</em></strong></span> <span class='ocrx_word' id='word_1_317' title='bbox 2947 1333 3290 1419; x_wconf 87' lang='lat' dir='ltr'><strong><em>Baptismo</em></strong></span> <span class='ocrx_word' id='word_1_318' title='bbox 3353 1335 3699 1421; x_wconf 83' lang='lat' dir='ltr'><strong><em>praecipua</em></strong></span> 
     </span>
     <span class='ocr_line' id='line_1_61' title="bbox 2145 1451 3700 1538; baseline 0.001 -23"><span class='ocrx_word' id='word_1_319' title='bbox 2145 1471 2310 1536; x_wconf 84' lang='lat' dir='ltr'><strong><em>pars</em></strong></span> <span class='ocrx_word' id='word_1_320' title='bbox 2348 1460 2441 1515; x_wconf 84' lang='lat' dir='ltr'><strong><em>est</em></strong></span> <span class='ocrx_word' id='word_1_321' title='bbox 2498 1451 2818 1536; x_wconf 85' lang='lat' dir='ltr'><strong><em>Spiritus,</em></strong></span> <span class='ocrx_word' id='word_1_322' title='bbox 2888 1470 3013 1537; x_wconf 87' lang='lat' dir='ltr'><strong><em>per</em></strong></span> <span class='ocrx_word' id='word_1_323' title='bbox 3068 1471 3257 1536; x_wconf 88' lang='lat' dir='ltr'><strong><em>quem</em></strong></span> <span class='ocrx_word' id='word_1_324' title='bbox 3314 1462 3375 1517; x_wconf 87' lang='lat' dir='ltr'><strong><em>et</em></strong></span> <span class='ocrx_word' id='word_1_325' title='bbox 3417 1472 3593 1538; x_wconf 91' lang='lat' dir='ltr'><strong><em>aqua</em></strong></span> <span class='ocrx_word' id='word_1_326' title='bbox 3619 1452 3700 1534; x_wconf 82' lang='lat' dir='ltr'><strong><em>sit</em></strong></span> 
     </span>
     <span class='ocr_line' id='line_1_62' title="bbox 2152 1565 3696 1654; baseline 0 -21"><span class='ocrx_word' id='word_1_327' title='bbox 2152 1569 2426 1652; x_wconf 74' lang='lat' dir='ltr'><strong><em>efficaoe.</em></strong></span> <span class='ocrx_word' id='word_1_328' title='bbox 2471 1569 2697 1654; x_wconf 91' lang='lat' dir='ltr'><strong><em>Itaque</em></strong></span> <span class='ocrx_word' id='word_1_329' title='bbox 2735 1565 3294 1653; x_wconf 85' lang='lat' dir='ltr'><strong><em>quemadmodum</em></strong></span> <span class='ocrx_word' id='word_1_330' title='bbox 3320 1579 3381 1633; x_wconf 92' lang='lat' dir='ltr'><strong><em>et</em></strong></span> <span class='ocrx_word' id='word_1_331' title='bbox 3411 1568 3553 1654; x_wconf 87' lang='lat' dir='ltr'><strong><em>ipse</em></strong></span> <span class='ocrx_word' id='word_1_332' title='bbox 3582 1567 3696 1634; x_wconf 91' lang='lat' dir='ltr'><strong><em>di-</em></strong></span> 
     </span>
     <span class='ocr_line' id='line_1_63' title="bbox 2153 1685 3697 1771; baseline 0.001 -21"><span class='ocrx_word' id='word_1_333' title='bbox 2153 1687 2330 1753; x_wconf 86' lang='lat' dir='ltr'><strong><em>citur</em></strong></span> <span class='ocrx_word' id='word_1_334' title='bbox 2368 1696 2623 1764; x_wconf 85' lang='lat' dir='ltr'><strong><em>unctus,</em></strong></span> <span class='ocrx_word' id='word_1_335' title='bbox 2668 1685 2969 1770; x_wconf 82' lang='lat' dir='ltr'><strong><em>quamvis</em></strong></span> <span class='ocrx_word' id='word_1_336' title='bbox 3009 1705 3426 1771; x_wconf 85' lang='lat' dir='ltr'><strong><em>nequaquam</em></strong></span> <span class='ocrx_word' id='word_1_337' title='bbox 3460 1696 3697 1751; x_wconf 86' lang='lat' dir='ltr'><strong><em>unctus</em></strong></span> 
     </span>
     <span class='ocr_line' id='line_1_64' title="bbox 2151 1799 3702 1887; baseline -0.001 -20"><span class='ocrx_word' id='word_1_338' title='bbox 2151 1815 2310 1868; x_wconf 89' lang='lat' dir='ltr'><strong><em>esset</em></strong></span> <span class='ocrx_word' id='word_1_339' title='bbox 2360 1803 2525 1882; x_wconf 85' lang='lat' dir='ltr'><strong><em>ole0,</em></strong></span> <span class='ocrx_word' id='word_1_340' title='bbox 2568 1799 2683 1866; x_wconf 85' lang='lat' dir='ltr'><strong><em>sed</em></strong></span> <span class='ocrx_word' id='word_1_341' title='bbox 2739 1801 3088 1887; x_wconf 80' lang='lat' dir='ltr'><strong><em>accepisset</em></strong></span> <span class='ocrx_word' id='word_1_342' title='bbox 3154 1801 3488 1887; x_wconf 88' lang='lat' dir='ltr'><strong><em>Spiritum</em></strong></span> <span class='ocrx_word' id='word_1_343' title='bbox 3534 1821 3702 1866; x_wconf 85' lang='lat' dir='ltr'><strong><em>san-</em></strong></span> 
     </span>
     <span class='ocr_line' id='line_1_65' title="bbox 2151 1917 3695 2005; baseline -0.001 -21"><span class='ocrx_word' id='word_1_344' title='bbox 2151 1929 2347 1992; x_wconf 83' lang='lat' dir='ltr'><strong><em>ctum,</em></strong></span> <span class='ocrx_word' id='word_1_345' title='bbox 2384 1920 2481 1984; x_wconf 90' lang='lat' dir='ltr'><strong><em>sic</em></strong></span> <span class='ocrx_word' id='word_1_346' title='bbox 2519 1927 2578 1983; x_wconf 87' lang='lat' dir='ltr'><strong><em>et</em></strong></span> <span class='ocrx_word' id='word_1_347' title='bbox 2611 1917 2937 2005; x_wconf 82' lang='lat' dir='ltr'><strong><em>baptizati</em></strong></span> <span class='ocrx_word' id='word_1_348' title='bbox 2985 1917 3305 1983; x_wconf 87' lang='lat' dir='ltr'><strong><em>dicuntur</em></strong></span> <span class='ocrx_word' id='word_1_349' title='bbox 3353 1917 3695 2004; x_wconf 87' lang='lat' dir='ltr'><strong><em>discipuli.</em></strong></span> 
     </span>
     <span class='ocr_line' id='line_1_66' title="bbox 2150 2035 3702 2122; baseline 0 -22"><span class='ocrx_word' id='word_1_350' title='bbox 2150 2035 2272 2100; x_wconf 88' lang='lat' dir='ltr'><strong><em>Est</em></strong></span> <span class='ocrx_word' id='word_1_351' title='bbox 2300 2044 2361 2101; x_wconf 90' lang='lat' dir='ltr'><strong><em>et</em></strong></span> <span class='ocrx_word' id='word_1_352' title='bbox 2398 2035 2540 2100; x_wconf 87' lang='lat' dir='ltr'><strong><em>alia</em></strong></span> <span class='ocrx_word' id='word_1_353' title='bbox 2581 2036 3047 2122; x_wconf 84' lang='lat' dir='ltr'><strong><em>interpretatio</em></strong></span> <span class='ocrx_word' id='word_1_354' title='bbox 3088 2061 3108 2100; x_wconf 92' lang='lat'><strong><em>.·</em></strong></span> <span class='ocrx_word' id='word_1_355' title='bbox 3140 2035 3514 2121; x_wconf 87' lang='lat' dir='ltr'><strong><em>comperire</em></strong></span> <span class='ocrx_word' id='word_1_356' title='bbox 3551 2035 3702 2100; x_wconf 89' lang='lat' dir='ltr'><strong><em>licet</em></strong></span> 
     </span>
     <span class='ocr_line' id='line_1_67' title="bbox 2151 2150 3697 2238; baseline 0.001 -23"><span class='ocrx_word' id='word_1_357' title='bbox 2151 2150 2304 2216; x_wconf 84' lang='lat' dir='ltr'><strong><em>illos</em></strong></span> <span class='ocrx_word' id='word_1_358' title='bbox 2332 2150 2548 2235; x_wconf 84' lang='lat' dir='ltr'><strong><em>fuisse</em></strong></span> <span class='ocrx_word' id='word_1_359' title='bbox 2578 2152 2835 2232; x_wconf 82' lang='lat' dir='ltr'><strong><em>tinctos,</em></strong></span> <span class='ocrx_word' id='word_1_360' title='bbox 2873 2152 3073 2238; x_wconf 88' lang='lat' dir='ltr'><strong><em>idque</em></strong></span> <span class='ocrx_word' id='word_1_361' title='bbox 3110 2151 3397 2217; x_wconf 83' lang='lat' dir='ltr'><strong><em>diversis</em></strong></span> <span class='ocrx_word' id='word_1_362' title='bbox 3453 2161 3697 2237; x_wconf 79' lang='lat' dir='ltr'><strong><em>tempo·</em></strong></span> 
     </span>
     <span class='ocr_line' id='line_1_68' title="bbox 2150 2268 3701 2357; baseline 0 -22"><span class='ocrx_word' id='word_1_363' title='bbox 2150 2269 2337 2335; x_wconf 88' lang='lat' dir='ltr'><strong><em>ribus</em></strong></span> <span class='ocrx_word' id='word_1_364' title='bbox 2381 2268 2585 2357; x_wconf 84' lang='lat' dir='ltr'><strong><em>(quae</em></strong></span> <span class='ocrx_word' id='word_1_365' title='bbox 2635 2271 2832 2336; x_wconf 86' lang='lat' dir='ltr'><strong><em>verba</em></strong></span> <span class='ocrx_word' id='word_1_366' title='bbox 2874 2283 3003 2336; x_wconf 88' lang='lat' dir='ltr'><strong><em>non</em></strong></span> <span class='ocrx_word' id='word_1_367' title='bbox 3034 2268 3346 2336; x_wconf 90' lang='lat' dir='ltr'><strong><em>denotant</em></strong></span> <span class='ocrx_word' id='word_1_368' title='bbox 3395 2289 3471 2335; x_wconf 82' lang='lat' dir='ltr'><strong><em>ex</em></strong></span> <span class='ocrx_word' id='word_1_369' title='bbox 3511 2289 3701 2335; x_wconf 92' lang='lat' dir='ltr'><strong><em>men-</em></strong></span> 
     </span>
     <span class='ocr_line' id='line_1_69' title="bbox 2151 2385 3703 2474; baseline -0.001 -21"><span class='ocrx_word' id='word_1_370' title='bbox 2151 2398 2215 2453; x_wconf 89' lang='lat' dir='ltr'><strong><em>te</em></strong></span> <span class='ocrx_word' id='word_1_371' title='bbox 2252 2386 2702 2474; x_wconf 80' lang='lat' dir='ltr'><strong><em>chrysostomi</em></strong></span> <span class='ocrx_word' id='word_1_372' title='bbox 2752 2388 3079 2467; x_wconf 86' lang='lat' dir='ltr'><strong><em>iteratum,</em></strong></span> <span class='ocrx_word' id='word_1_373' title='bbox 3119 2399 3230 2454; x_wconf 90' lang='lat' dir='ltr'><strong><em>aut</em></strong></span> <span class='ocrx_word' id='word_1_374' title='bbox 3308 2385 3703 2473; x_wconf 89' lang='lat' dir='ltr'><strong><em>multiplica-</em></strong></span> 
     </span>
     <span class='ocr_line' id='line_1_70' title="bbox 2152 2502 3695 2590; baseline 0.001 -24"><span class='ocrx_word' id='word_1_375' title='bbox 2152 2512 2292 2568; x_wconf 91' lang='lat' dir='ltr'><strong><em>tum</em></strong></span> <span class='ocrx_word' id='word_1_376' title='bbox 2394 2502 2792 2590; x_wconf 89' lang='lat' dir='ltr'><strong><em>Baptismum</em></strong></span> <span class='ocrx_word' id='word_1_377' title='bbox 2879 2503 3339 2590; x_wconf 84' lang='lat' dir='ltr'><strong><em>Apostolorum</em></strong></span> <span class='ocrx_word' id='word_1_378' title='bbox 3400 2502 3465 2568; x_wconf 87' lang='lat' dir='ltr'><strong><em>in</em></strong></span> <span class='ocrx_word' id='word_1_379' title='bbox 3501 2522 3695 2589; x_wconf 86' lang='lat' dir='ltr'><strong><em>aqua,</em></strong></span> 
     </span>
     <span class='ocr_line' id='line_1_71' title="bbox 2153 2617 3700 2707; baseline -0.001 -23"><span class='ocrx_word' id='word_1_380' title='bbox 2153 2617 2266 2685; x_wconf 88' lang='lat' dir='ltr'><strong><em>sed</em></strong></span> <span class='ocrx_word' id='word_1_381' title='bbox 2306 2617 2589 2686; x_wconf 86' lang='lat' dir='ltr'><strong><em>diversis</em></strong></span> <span class='ocrx_word' id='word_1_382' title='bbox 2619 2621 3022 2705; x_wconf 90' lang='lat' dir='ltr'><strong><em>temporibus</em></strong></span> <span class='ocrx_word' id='word_1_383' title='bbox 3101 2619 3424 2707; x_wconf 88' lang='lat' dir='ltr'><strong><em>recepisse</em></strong></span> <span class='ocrx_word' id='word_1_384' title='bbox 3463 2617 3700 2685; x_wconf 89' lang='lat' dir='ltr'><strong><em>abluti·</em></strong></span> 
     </span>
     <span class='ocr_line' id='line_1_72' title="bbox 2151 2734 3703 2824; baseline -0.001 -25"><span class='ocrx_word' id='word_1_385' title='bbox 2151 2754 2344 2800; x_wconf 92' lang='lat' dir='ltr'><strong><em>onem</em></strong></span> <span class='ocrx_word' id='word_1_386' title='bbox 2396 2734 2461 2800; x_wconf 92' lang='lat' dir='ltr'><strong><em>in</em></strong></span> <span class='ocrx_word' id='word_1_387' title='bbox 2494 2755 2685 2822; x_wconf 87' lang='lat' dir='ltr'><strong><em>aqua,</em></strong></span> <span class='ocrx_word' id='word_1_388' title='bbox 2738 2747 2802 2802; x_wconf 86' lang='lat' dir='ltr'><strong><em>et</em></strong></span> <span class='ocrx_word' id='word_1_389' title='bbox 2877 2735 3193 2824; x_wconf 91' lang='lat' dir='ltr'><strong><em>Spiritum</em></strong></span> <span class='ocrx_word' id='word_1_390' title='bbox 3258 2747 3583 2815; x_wconf 84' lang='lat' dir='ltr'><strong><em>sanctum,</em></strong></span> <span class='ocrx_word' id='word_1_391' title='bbox 3630 2743 3703 2799; x_wconf 92' lang='lat' dir='ltr'><strong><em>ut</em></strong></span> 
     </span>
     <span class='ocr_line' id='line_1_73' title="bbox 2150 2851 3706 2941; baseline 0.001 -24"><span class='ocrx_word' id='word_1_392' title='bbox 2150 2862 2325 2937; x_wconf 89' lang='lat' dir='ltr'><strong><em>patet</em></strong></span> <span class='ocrx_word' id='word_1_393' title='bbox 2390 2873 2504 2938; x_wconf 85' lang='lat' dir='ltr'><strong><em>per</em></strong></span> <span class='ocrx_word' id='word_1_394' title='bbox 2544 2853 2743 2919; x_wconf 85' lang='lat' dir='ltr'><strong><em>verba</em></strong></span> <span class='ocrx_word' id='word_1_395' title='bbox 2782 2854 3260 2940; x_wconf 82' lang='lat' dir='ltr'><strong><em>subsequentia</em></strong></span> <span class='ocrx_word' id='word_1_396' title='bbox 3298 2851 3349 2941; x_wconf 83' lang='lat'><strong><em>)‚</em></strong></span> <span class='ocrx_word' id='word_1_397' title='bbox 3410 2855 3480 2918; x_wconf 89' lang='lat' dir='ltr'><strong><em>in</em></strong></span> <span class='ocrx_word' id='word_1_398' title='bbox 3514 2853 3706 2919; x_wconf 87' lang='lat' dir='ltr'><strong><em>nobis</em></strong></span> 
     </span>
     <span class='ocr_line' id='line_1_74' title="bbox 2150 2968 3697 3056; baseline 0.001 -23"><span class='ocrx_word' id='word_1_399' title='bbox 2150 2970 2328 3034; x_wconf 87' lang='lat' dir='ltr'><strong><em>enim</em></strong></span> <span class='ocrx_word' id='word_1_400' title='bbox 2356 2979 2705 3055; x_wconf 88' lang='lat' dir='ltr'><strong><em>utrumque</em></strong></span> <span class='ocrx_word' id='word_1_401' title='bbox 2742 2969 2820 3051; x_wconf 80' lang='lat' dir='ltr'><strong><em>lit</em></strong></span> <span class='ocrx_word' id='word_1_402' title='bbox 2845 2972 3129 3056; x_wconf 84' lang='lat' dir='ltr'><strong><em>pariter,</em></strong></span> <span class='ocrx_word' id='word_1_403' title='bbox 3161 2980 3318 3036; x_wconf 84' lang='lat' dir='ltr'><strong><em>tunc</em></strong></span> <span class='ocrx_word' id='word_1_404' title='bbox 3356 2990 3515 3036; x_wconf 89' lang='lat' dir='ltr'><strong><em>vero</em></strong></span> <span class='ocrx_word' id='word_1_405' title='bbox 3559 2968 3697 3035; x_wconf 88' lang='lat' dir='ltr'><strong><em>dis-</em></strong></span> 
     </span>
    </p>
   </div>
   <div class='ocr_carea' id='block_1_12' title="bbox 2137 3085 3762 3173">
    <p class='ocr_par' dir='ltr' id='par_1_13' title="bbox 2137 3085 3762 3173">
     <span class='ocr_line' id='line_1_75' title="bbox 2137 3085 3762 3173; baseline 0.002 -25"><span class='ocrx_word' id='word_1_406' title='bbox 2137 3085 2455 3171; x_wconf 85' lang='lat' dir='ltr'><strong><em>junctim,</em></strong></span> <span class='ocrx_word' id='word_1_407' title='bbox 2526 3085 2858 3173; x_wconf 88' lang='lat' dir='ltr'><strong><em>siquidem</em></strong></span> <span class='ocrx_word' id='word_1_408' title='bbox 2941 3085 3023 3152; x_wconf 90' lang='lat' dir='ltr'><strong><em>ab</em></strong></span> <span class='ocrx_word' id='word_1_409' title='bbox 3083 3087 3280 3152; x_wconf 84' lang='lat' dir='ltr'><strong><em>initio</em></strong></span> <span class='ocrx_word' id='word_1_410' title='bbox 3346 3108 3389 3152; x_wconf 96' lang='lat' dir='ltr'><strong><em>a</em></strong></span> <span class='ocrx_word' id='word_1_411' title='bbox 3437 3087 3701 3152; x_wconf 78' lang='lat' dir='ltr'><strong><em>Ioanne</em></strong></span> <span class='ocrx_word' id='word_1_412' title='bbox 3756 3145 3762 3151; x_wconf 91' lang='lat'><strong>.</strong></span> 
     </span>
    </p>
   </div>
   <div class='ocr_carea' id='block_1_13' title="bbox 2150 3198 3703 4688">
    <p class='ocr_par' dir='ltr' id='par_1_14' title="bbox 2150 3198 3703 4688">
     <span class='ocr_line' id='line_1_76' title="bbox 2152 3198 3703 3291; baseline 0.003 -27"><span class='ocrx_word' id='word_1_413' title='bbox 2152 3198 2477 3287; x_wconf 78' lang='lat' dir='ltr'><strong><em>baptizati</em></strong></span> <span class='ocrx_word' id='word_1_414' title='bbox 2512 3212 2820 3283; x_wconf 86' lang='lat' dir='ltr'><strong><em>sunt,etc.</em></strong></span> <span class='ocrx_word' id='word_1_415' title='bbox 2858 3205 3066 3289; x_wconf 85' lang='lat' dir='ltr'><strong><em>Negat</em></strong></span> <span class='ocrx_word' id='word_1_416' title='bbox 3093 3224 3252 3290; x_wconf 88' lang='lat' dir='ltr'><strong><em>ergo</em></strong></span> <span class='ocrx_word' id='word_1_417' title='bbox 3283 3201 3461 3290; x_wconf 91' lang='lat' dir='ltr'><strong><em>ipsos</em></strong></span> <span class='ocrx_word' id='word_1_418' title='bbox 3495 3202 3703 3291; x_wconf 89' lang='lat' dir='ltr'><strong><em>bapti-</em></strong></span> 
     </span>
     <span class='ocr_line' id='line_1_77' title="bbox 2151 3316 3703 3406; baseline 0.003 -26"><span class='ocrx_word' id='word_1_419' title='bbox 2151 3325 2328 3382; x_wconf 85' lang='lat' dir='ltr'><strong><em>zatos</em></strong></span> <span class='ocrx_word' id='word_1_420' title='bbox 2367 3316 2572 3385; x_wconf 83' lang='lat' dir='ltr'><strong><em>fuisse</em></strong></span> <span class='ocrx_word' id='word_1_421' title='bbox 2611 3318 2941 3406; x_wconf 90' lang='lat' dir='ltr'><strong><em>Baptismo</em></strong></span> <span class='ocrx_word' id='word_1_422' title='bbox 2970 3319 3238 3395; x_wconf 73' lang='lat' dir='ltr'><strong><em>Christi,</em></strong></span> <span class='ocrx_word' id='word_1_423' title='bbox 3338 3319 3450 3385; x_wconf 90' lang='lat' dir='ltr'><strong><em>sed</em></strong></span> <span class='ocrx_word' id='word_1_424' title='bbox 3500 3323 3703 3385; x_wconf 88' lang='lat' dir='ltr'><strong><em>Joan-</em></strong></span> 
     </span>
     <span class='ocr_line' id='line_1_78' title="bbox 2151 3432 3703 3523; baseline 0.003 -26"><span class='ocrx_word' id='word_1_425' title='bbox 2151 3432 2277 3510; x_wconf 90' lang='lat' dir='ltr'><strong><em>nis,</em></strong></span> <span class='ocrx_word' id='word_1_426' title='bbox 2318 3446 2387 3499; x_wconf 91' lang='lat' dir='ltr'><strong><em>ut</em></strong></span> <span class='ocrx_word' id='word_1_427' title='bbox 2425 3433 2582 3500; x_wconf 89' lang='lat' dir='ltr'><strong><em>dicit</em></strong></span> <span class='ocrx_word' id='word_1_428' title='bbox 2621 3435 3099 3514; x_wconf 85' lang='lat' dir='ltr'><strong><em>Tertullianus;</em></strong></span> <span class='ocrx_word' id='word_1_429' title='bbox 3136 3436 3308 3523; x_wconf 88' lang='lat' dir='ltr'><strong><em>quod</em></strong></span> <span class='ocrx_word' id='word_1_430' title='bbox 3376 3436 3703 3522; x_wconf 88' lang='lat' dir='ltr'><strong><em>supponit</em></strong></span> 
     </span>
     <span class='ocr_line' id='line_1_79' title="bbox 2150 3550 3698 3635; baseline 0.002 -21"><span class='ocrx_word' id='word_1_431' title='bbox 2150 3550 2553 3635; x_wconf 86' lang='lat' dir='ltr'><strong><em>Baptismum</em></strong></span> <span class='ocrx_word' id='word_1_432' title='bbox 2612 3552 2850 3618; x_wconf 86' lang='lat' dir='ltr'><strong><em>Christi</em></strong></span> <span class='ocrx_word' id='word_1_433' title='bbox 2902 3573 3030 3619; x_wconf 92' lang='lat' dir='ltr'><strong><em>non</em></strong></span> <span class='ocrx_word' id='word_1_434' title='bbox 3073 3552 3282 3620; x_wconf 83' lang='lat' dir='ltr'><strong><em>fuisse</em></strong></span> <span class='ocrx_word' id='word_1_435' title='bbox 3311 3551 3698 3619; x_wconf 88' lang='lat' dir='ltr'><strong><em>institutum</em></strong></span> 
     </span>
     <span class='ocr_line' id='line_1_80' title="bbox 2151 3665 3701 3755; baseline 0.001 -24"><span class='ocrx_word' id='word_1_436' title='bbox 2151 3677 2301 3732; x_wconf 89' lang='lat' dir='ltr'><strong><em>ante</em></strong></span> <span class='ocrx_word' id='word_1_437' title='bbox 2346 3667 2876 3752; x_wconf 86' lang='lat' dir='ltr'><strong><em>passionem,alia</em></strong></span> <span class='ocrx_word' id='word_1_438' title='bbox 2914 3688 3073 3736; x_wconf 90' lang='lat' dir='ltr'><strong><em>usus</em></strong></span> <span class='ocrx_word' id='word_1_439' title='bbox 3105 3668 3249 3755; x_wconf 86' lang='lat' dir='ltr'><strong><em>ejus</em></strong></span> <span class='ocrx_word' id='word_1_440' title='bbox 3291 3680 3465 3735; x_wconf 90' lang='lat' dir='ltr'><strong><em>esset</em></strong></span> <span class='ocrx_word' id='word_1_441' title='bbox 3495 3665 3701 3754; x_wconf 88' lang='lat' dir='ltr'><strong><em>potis-</em></strong></span> 
     </span>
     <span class='ocr_line' id='line_1_81' title="bbox 2151 3784 3698 3874; baseline 0.001 -25"><span class='ocrx_word' id='word_1_442' title='bbox 2151 3786 2392 3852; x_wconf 87' lang='lat' dir='ltr'><strong><em>simum</em></strong></span> <span class='ocrx_word' id='word_1_443' title='bbox 2432 3784 2495 3850; x_wconf 91' lang='lat' dir='ltr'><strong><em>in</em></strong></span> <span class='ocrx_word' id='word_1_444' title='bbox 2518 3785 2878 3873; x_wconf 83' lang='lat' dir='ltr'><strong><em>discipuliS‚</em></strong></span> <span class='ocrx_word' id='word_1_445' title='bbox 2918 3807 3130 3874; x_wconf 89' lang='lat' dir='ltr'><strong><em>neque</em></strong></span> <span class='ocrx_word' id='word_1_446' title='bbox 3158 3785 3284 3852; x_wconf 91' lang='lat' dir='ltr'><strong><em>alio</em></strong></span> <span class='ocrx_word' id='word_1_447' title='bbox 3308 3785 3698 3852; x_wconf 81' lang='lat' dir='ltr'><strong><em>fundamen·</em></strong></span> 
     </span>
     <span class='ocr_line' id='line_1_82' title="bbox 2151 3901 3689 3991; baseline -0.001 -21"><span class='ocrx_word' id='word_1_448' title='bbox 2151 3916 2217 3970; x_wconf 92' lang='lat' dir='ltr'><strong><em>to</em></strong></span> <span class='ocrx_word' id='word_1_449' title='bbox 2262 3902 2575 3971; x_wconf 80' lang='lat' dir='ltr'><strong><em>asseritur</em></strong></span> <span class='ocrx_word' id='word_1_450' title='bbox 2608 3903 2928 3969; x_wconf 74' lang='lat' dir='ltr'><strong><em>institutio</em></strong></span> <span class='ocrx_word' id='word_1_451' title='bbox 2997 3901 3336 3989; x_wconf 86' lang='lat' dir='ltr'><strong><em>Baptismi,</em></strong></span> <span class='ocrx_word' id='word_1_452' title='bbox 3372 3923 3460 3991; x_wconf 91' lang='lat' dir='ltr'><strong><em>qu</em></strong></span> <span class='ocrx_word' id='word_1_453' title='bbox 3477 3922 3581 3968; x_wconf 90' lang='lat' dir='ltr'><strong><em>am</em></strong></span> <span class='ocrx_word' id='word_1_454' title='bbox 3614 3923 3689 3969; x_wconf 83' lang='lat' dir='ltr'><strong><em>ex</em></strong></span> 
     </span>
     <span class='ocr_line' id='line_1_83' title="bbox 2151 4017 3703 4095; baseline -0.001 -10"><span class='ocrx_word' id='word_1_455' title='bbox 2151 4019 2262 4085; x_wconf 92' lang='lat' dir='ltr'><strong><em>illo</em></strong></span> <span class='ocrx_word' id='word_1_456' title='bbox 2288 4021 2588 4095; x_wconf 80' lang='lat' dir='ltr'><strong><em>Ioannis,</em></strong></span> <span class='ocrx_word' id='word_1_457' title='bbox 2635 4024 2699 4086; x_wconf 87' lang='lat'><strong><em>3.</em></strong></span> <span class='ocrx_word' id='word_1_458' title='bbox 2736 4031 2794 4085; x_wconf 91' lang='lat' dir='ltr'><strong><em>et</em></strong></span> <span class='ocrx_word' id='word_1_459' title='bbox 2836 4024 2901 4087; x_wconf 83' lang='lat'><strong><em>4.</em></strong></span> <span class='ocrx_word' id='word_1_460' title='bbox 2941 4019 3155 4085; x_wconf 85' lang='lat' dir='ltr'><strong><em>Primo</em></strong></span> <span class='ocrx_word' id='word_1_461' title='bbox 3193 4019 3333 4085; x_wconf 90' lang='lat' dir='ltr'><strong><em>loco</em></strong></span> <span class='ocrx_word' id='word_1_462' title='bbox 3401 4017 3703 4085; x_wconf 90' lang='lat' dir='ltr'><strong><em>declara-</em></strong></span> 
     </span>
     <span class='ocr_line' id='line_1_84' title="bbox 2150 4136 3675 4224; baseline -0.001 -21"><span class='ocrx_word' id='word_1_463' title='bbox 2150 4147 2259 4204; x_wconf 84' lang='lat' dir='ltr'><strong><em>tur</em></strong></span> <span class='ocrx_word' id='word_1_464' title='bbox 2288 4138 2430 4224; x_wconf 88' lang='lat' dir='ltr'><strong><em>ejus</em></strong></span> <span class='ocrx_word' id='word_1_465' title='bbox 2506 4137 2885 4217; x_wconf 81' lang='lat' dir='ltr'><strong><em>necessitaS‚</em></strong></span> <span class='ocrx_word' id='word_1_466' title='bbox 2932 4136 3045 4204; x_wconf 90' lang='lat' dir='ltr'><strong><em>sed</em></strong></span> <span class='ocrx_word' id='word_1_467' title='bbox 3122 4157 3250 4203; x_wconf 90' lang='lat' dir='ltr'><strong><em>non</em></strong></span> <span class='ocrx_word' id='word_1_468' title='bbox 3291 4136 3616 4202; x_wconf 88' lang='lat' dir='ltr'><strong><em>institutio</em></strong></span> <span class='ocrx_word' id='word_1_469' title='bbox 3660 4159 3675 4215; x_wconf 88' lang='grc'><strong>;</strong></span> 
     </span>
     <span class='ocr_line' id='line_1_85' title="bbox 2151 4249 3699 4337; baseline -0.001 -19"><span class='ocrx_word' id='word_1_470' title='bbox 2151 4252 2438 4319; x_wconf 90' lang='lat' dir='ltr'><strong><em>secundo</em></strong></span> <span class='ocrx_word' id='word_1_471' title='bbox 2512 4272 2664 4319; x_wconf 89' lang='lat' dir='ltr'><strong><em>vero</em></strong></span> <span class='ocrx_word' id='word_1_472' title='bbox 2719 4250 2859 4318; x_wconf 92' lang='lat' dir='ltr'><strong><em>loco</em></strong></span> <span class='ocrx_word' id='word_1_473' title='bbox 2945 4249 3365 4337; x_wconf 73' lang='lat' dir='ltr'><strong><em>praesumitur</em></strong></span> <span class='ocrx_word' id='word_1_474' title='bbox 3445 4261 3699 4316; x_wconf 89' lang='lat' dir='ltr'><strong><em>tantum</em></strong></span> 
     </span>
     <span class='ocr_line' id='line_1_86' title="bbox 2156 4363 3691 4453; baseline -0.001 -21"><span class='ocrx_word' id='word_1_475' title='bbox 2156 4366 2359 4433; x_wconf 82' lang='lat' dir='ltr'><strong><em>fuisse</em></strong></span> <span class='ocrx_word' id='word_1_476' title='bbox 2431 4366 2765 4434; x_wconf 84' lang='lat' dir='ltr'><strong><em>diversum</em></strong></span> <span class='ocrx_word' id='word_1_477' title='bbox 2822 4366 3149 4453; x_wconf 90' lang='lat' dir='ltr'><strong><em>Baptisma</em></strong></span> <span class='ocrx_word' id='word_1_478' title='bbox 3221 4363 3691 4452; x_wconf 88' lang='lat' dir='ltr'><strong><em>discipulorum</em></strong></span> 
     </span>
     <span class='ocr_line' id='line_1_87' title="bbox 2151 4480 3698 4570; baseline -0.001 -22"><span class='ocrx_word' id='word_1_479' title='bbox 2151 4482 2460 4549; x_wconf 86' lang='lat' dir='ltr'><strong><em>christia</em></strong></span> <span class='ocrx_word' id='word_1_480' title='bbox 2492 4483 2821 4569; x_wconf 89' lang='lat' dir='ltr'><strong><em>Baptismo</em></strong></span> <span class='ocrx_word' id='word_1_481' title='bbox 2885 4481 3176 4561; x_wconf 76' lang='lat' dir='ltr'><strong><em>loannis,</em></strong></span> <span class='ocrx_word' id='word_1_482' title='bbox 3223 4480 3394 4570; x_wconf 92' lang='lat' dir='ltr'><strong><em>quod</em></strong></span> <span class='ocrx_word' id='word_1_483' title='bbox 3453 4491 3698 4567; x_wconf 72' lang='lat' dir='ltr'><strong><em>negant</em></strong></span> 
     </span>
     <span class='ocr_line' id='line_1_88' title="bbox 2157 4599 2734 4688; baseline 0.002 -22"><span class='ocrx_word' id='word_1_484' title='bbox 2157 4599 2453 4688; x_wconf 77' lang='lat' dir='ltr'><strong><em>praedicti</em></strong></span> <span class='ocrx_word' id='word_1_485' title='bbox 2488 4603 2734 4667; x_wconf 90' lang='lat' dir='ltr'><strong><em>Patres.</em></strong></span> 
     </span>
    </p>
   </div>
   <div class='ocr_carea' id='block_1_14' title="bbox 2244 4725 4038 4822">
    <p class='ocr_par' dir='ltr' id='par_1_15' title="bbox 2244 4725 4038 4822">
     <span class='ocr_line' id='line_1_89' title="bbox 2244 4725 4038 4822; baseline 0.002 -31"><span class='ocrx_word' id='word_1_486' title='bbox 2244 4725 2551 4792; x_wconf 89' lang='lat' dir='ltr'><strong><em>Eamdem</em></strong></span> <span class='ocrx_word' id='word_1_487' title='bbox 2599 4736 2820 4792; x_wconf 85' lang='lat' dir='ltr'><strong><em>tuetur</em></strong></span> <span class='ocrx_word' id='word_1_488' title='bbox 2858 4728 3183 4811; x_wconf 87' lang='lat' dir='ltr'><strong><em>Rupertus</em></strong></span> <span class='ocrx_word' id='word_1_489' title='bbox 3216 4725 3329 4791; x_wconf 88' lang='lat' dir='ltr'><strong><em>lib.</em></strong></span> <span class='ocrx_word' id='word_1_490' title='bbox 3375 4728 3438 4791; x_wconf 87' lang='lat'><strong><em>3.</em></strong></span> <span class='ocrx_word' id='word_1_491' title='bbox 3495 4726 3569 4791; x_wconf 89' lang='lat' dir='ltr'><strong><em>in</em></strong></span> <span class='ocrx_word' id='word_1_492' title='bbox 3595 4726 3705 4791; x_wconf 86' lang='lat' dir='ltr'><strong><em>Jo-</em></strong></span> <span class='ocrx_word' id='word_1_493' title='bbox 3758 4755 4038 4822; x_wconf 66' lang='lat' dir='ltr'><strong><em>nuperius.</em></strong></span> 
     </span>
    </p>
   </div>
   <div class='ocr_carea' id='block_1_15' title="bbox 2151 4840 3706 5635">
    <p class='ocr_par' dir='ltr' id='par_1_16' title="bbox 2151 4840 3717 5635">
     <span class='ocr_line' id='line_1_90' title="bbox 2152 4840 3703 4928; baseline -0.001 -19"><span class='ocrx_word' id='word_1_494' title='bbox 2152 4864 2417 4910; x_wconf 87' lang='lat' dir='ltr'><strong><em>annem.</em></strong></span> <span class='ocrx_word' id='word_1_495' title='bbox 2462 4842 2773 4928; x_wconf 83' lang='lat' dir='ltr'><strong><em>Magister</em></strong></span> <span class='ocrx_word' id='word_1_496' title='bbox 2818 4843 2895 4908; x_wconf 89' lang='lat' dir='ltr'><strong><em>in</em></strong></span> <span class='ocrx_word' id='word_1_497' title='bbox 2949 4845 3015 4910; x_wconf 85' lang='grc'><strong><em>4.</em></strong></span> <span class='ocrx_word' id='word_1_498' title='bbox 3060 4840 3221 4907; x_wconf 89' lang='lat' dir='ltr'><strong><em>dist.</em></strong></span> <span class='ocrx_word' id='word_1_499' title='bbox 3278 4844 3341 4908; x_wconf 87' lang='grc'><strong><em>3.</em></strong></span> <span class='ocrx_word' id='word_1_500' title='bbox 3399 4842 3703 4927; x_wconf 90' lang='lat' dir='ltr'><strong><em>probabi-</em></strong></span> 
     </span>
     <span class='ocr_line' id='line_1_91' title="bbox 2151 4957 3696 5043; baseline 0 -18"><span class='ocrx_word' id='word_1_501' title='bbox 2151 4959 2279 5025; x_wconf 90' lang='lat' dir='ltr'><strong><em>lem</em></strong></span> <span class='ocrx_word' id='word_1_502' title='bbox 2321 4957 2931 5038; x_wconf 80' lang='lat' dir='ltr'><strong><em>docet,co‘ntrariam</em></strong></span> <span class='ocrx_word' id='word_1_503' title='bbox 2963 4978 3121 5024; x_wconf 87' lang='lat' dir='ltr'><strong><em>vero</em></strong></span> <span class='ocrx_word' id='word_1_504' title='bbox 3162 4957 3696 5043; x_wconf 83' lang='lat' dir='ltr'><strong><em>probabiliorem3</em></strong></span> 
     </span>
     <span class='ocr_line' id='line_1_92' title="bbox 2153 5073 3699 5161; baseline 0.001 -19"><span class='ocrx_word' id='word_1_505' title='bbox 2153 5074 2448 5143; x_wconf 91' lang='lat' dir='ltr'><strong><em>eamdem</em></strong></span> <span class='ocrx_word' id='word_1_506' title='bbox 2506 5073 2804 5161; x_wconf 87' lang='lat' dir='ltr'><strong><em>sequitur</em></strong></span> <span class='ocrx_word' id='word_1_507' title='bbox 2851 5073 3110 5141; x_wconf 84' lang='lat' dir='ltr'><strong><em>Alensis</em></strong></span> <span class='ocrx_word' id='word_1_508' title='bbox 3147 5077 3220 5140; x_wconf 85' lang='lat'><strong><em>4.</em></strong></span> <span class='ocrx_word' id='word_1_509' title='bbox 3276 5085 3463 5161; x_wconf 88' lang='lat' dir='ltr'><strong><em>part.</em></strong></span> <span class='ocrx_word' id='word_1_510' title='bbox 3522 5095 3586 5161; x_wconf 92' lang='lat' dir='ltr'><strong><em>q.</em></strong></span> <span class='ocrx_word' id='word_1_511' title='bbox 3633 5078 3699 5143; x_wconf 90' lang='lat'><strong><em>8.</em></strong></span> 
     </span>
     <span class='ocr_line' id='line_1_93' title="bbox 2151 5188 3706 5277; baseline 0.001 -23"><span class='ocrx_word' id='word_1_512' title='bbox 2151 5211 2241 5255; x_wconf 88' lang='lat' dir='ltr'><strong><em>m.</em></strong></span> <span class='ocrx_word' id='word_1_513' title='bbox 2287 5192 2358 5255; x_wconf 71' lang='lat'><strong><em>2.</em></strong></span> <span class='ocrx_word' id='word_1_514' title='bbox 2409 5199 2538 5255; x_wconf 88' lang='lat' dir='ltr'><strong><em>art.</em></strong></span> <span class='ocrx_word' id='word_1_515' title='bbox 2577 5193 2641 5255; x_wconf 85' lang='lat'><strong><em>3.</em></strong></span> <span class='ocrx_word' id='word_1_516' title='bbox 2708 5209 2902 5277; x_wconf 92' lang='lat' dir='ltr'><strong><em>quem</em></strong></span> <span class='ocrx_word' id='word_1_517' title='bbox 2970 5188 3262 5256; x_wconf 91' lang='lat' dir='ltr'><strong><em>moderni</em></strong></span> <span class='ocrx_word' id='word_1_518' title='bbox 3315 5200 3543 5256; x_wconf 90' lang='lat' dir='ltr'><strong><em>notant</em></strong></span> <span class='ocrx_word' id='word_1_519' title='bbox 3592 5190 3706 5256; x_wconf 89' lang='lat' dir='ltr'><strong><em>ob·</em></strong></span> 
     </span>
     <span class='ocr_line' id='line_1_94' title="bbox 2152 5304 3706 5393; baseline 0.001 -21"><span class='ocrx_word' id='word_1_520' title='bbox 2152 5304 2509 5385; x_wconf 80' lang='lat' dir='ltr'><strong><em>scuritatiS,</em></strong></span> <span class='ocrx_word' id='word_1_521' title='bbox 2563 5304 2678 5372; x_wconf 89' lang='lat' dir='ltr'><strong><em>sed</em></strong></span> <span class='ocrx_word' id='word_1_522' title='bbox 2709 5304 3071 5372; x_wconf 85' lang='lat' dir='ltr'><strong><em>clarissime</em></strong></span> <span class='ocrx_word' id='word_1_523' title='bbox 3109 5305 3422 5393; x_wconf 87' lang='lat' dir='ltr'><strong><em>loquitur.</em></strong></span> <span class='ocrx_word' id='word_1_524' title='bbox 3473 5309 3706 5384; x_wconf 80' lang='lat' dir='ltr'><strong><em>Quam·</em></strong></span> 
     </span>
     <span class='ocr_line' id='line_1_95' title="bbox 2152 5421 3697 5508; baseline 0 -19"><span class='ocrx_word' id='word_1_525' title='bbox 2152 5423 2257 5490; x_wconf 86' lang='lat' dir='ltr'><strong><em>vis</em></strong></span> <span class='ocrx_word' id='word_1_526' title='bbox 2298 5422 2472 5489; x_wconf 91' lang='lat' dir='ltr'><strong><em>enim</em></strong></span> <span class='ocrx_word' id='word_1_527' title='bbox 2523 5422 2693 5488; x_wconf 87' lang='lat' dir='ltr'><strong><em>dicat</em></strong></span> <span class='ocrx_word' id='word_1_528' title='bbox 2735 5421 2954 5508; x_wconf 87' lang='lat' dir='ltr'><strong><em>plures</em></strong></span> <span class='ocrx_word' id='word_1_529' title='bbox 3012 5422 3322 5507; x_wconf 89' lang='lat' dir='ltr'><strong><em>Baptismi</em></strong></span> <span class='ocrx_word' id='word_1_530' title='bbox 3380 5422 3697 5490; x_wconf 86' lang='lat' dir='ltr'><strong><em>instituti-</em></strong></span> 
     </span>
     <span class='ocr_line' id='line_1_96' title="bbox 2156 5537 3703 5635; baseline 0 -28"><span class='ocrx_word' id='word_1_531' title='bbox 2156 5559 2316 5607; x_wconf 89' lang='lat' dir='ltr'><strong><em>ones</em></strong></span> <span class='ocrx_word' id='word_1_532' title='bbox 2346 5538 2570 5621; x_wconf 85' lang='lat' dir='ltr'><strong><em>fuisse,</em></strong></span> <span class='ocrx_word' id='word_1_533' title='bbox 2606 5537 2891 5625; x_wconf 90' lang='lat' dir='ltr'><strong><em>primum</em></strong></span> <span class='ocrx_word' id='word_1_534' title='bbox 2931 5538 2998 5605; x_wconf 91' lang='lat' dir='ltr'><strong><em>in</em></strong></span> <span class='ocrx_word' id='word_1_535' title='bbox 3025 5539 3305 5607; x_wconf 80' lang='lat' dir='ltr'><strong><em>Iordane</em></strong></span> <span class='ocrx_word' id='word_1_536' title='bbox 3349 5560 3465 5628; x_wconf 85' lang='lat' dir='ltr'><strong><em>per</em></strong></span> <span class='ocrx_word' id='word_1_537' title='bbox 3519 5539 3703 5635; x_wconf 50' lang='lat' dir='ltr'><strong><em>desif</em></strong></span> 
     </span>
    </p>
   </div>
   <div class='ocr_carea' id='block_1_16' title="bbox 3762 4819 4035 4937">
    <p class='ocr_par' dir='ltr' id='par_1_17' title="bbox 3762 4819 4035 4937">
     <span class='ocr_line' id='line_1_97' title="bbox 3762 4819 4035 4885; baseline 0.026 -17"><span class='ocrx_word' id='word_1_538' title='bbox 3762 4819 4010 4885; x_wconf 79' lang='lat' dir='ltr'><strong><em>Magister</em></strong></span> <span class='ocrx_word' id='word_1_539' title='bbox 4020 4861 4035 4876; x_wconf 87' lang='lat'><strong>.</strong></span> 
     </span>
     <span class='ocr_line' id='line_1_98' title="bbox 3781 4885 4008 4937; baseline 0.004 -1"><span class='ocrx_word' id='word_1_540' title='bbox 3781 4885 3984 4936; x_wconf 78' lang='lat' dir='ltr'><strong><em>Aleusis</em></strong></span> <span class='ocrx_word' id='word_1_541' title='bbox 3994 4923 4008 4937; x_wconf 90' lang='lat'><strong>.</strong></span> 
     </span>
    </p>
   </div>
  </div>
 </body>
</html>
