4287 6313
597 367 717 429 480

589 530 670 601 et
747 546 893 619 per
969 547 1469 620 consequens
1543 527 1771 600 novit
1851 546 2129 599 omnes

591 642 923 727 electoS,
979 649 1058 717 et
1117 645 1212 716 ad
1264 666 1495 736 quem
1557 645 1896 736 gradum
1960 643 2131 734 glo-

592 760 736 832 riae
779 761 1108 834 fuerunt
1139 761 1402 835 electi.
1438 761 1710 834 Potuit
1745 779 1945 851 ergo
1981 780 2130 852 pro

590 876 1164 969 praedestinato
1286 877 1382 949 ad
1472 876 1873 970 maj0rem
1961 876 2134 967 glo-

592 992 825 1074 riam,
901 991 1215 1085 plenius
1297 991 1593 1065 offerre
1672 992 2131 1084 passionem

591 1129 847 1191 suam,
893 1115 972 1183 et
1008 1110 1416 1204 praecipue
1450 1131 1632 1182 cum
1673 1132 1756 1183 se
1802 1109 2135 1182 offerret

595 1247 743 1320 pro
804 1245 1098 1317 genere
1145 1226 1501 1300 humano
1548 1227 1641 1299 ad
1685 1226 1860 1310 hoc,
1918 1230 2007 1301 ut
2047 1227 2137 1298 de

595 1343 712 1416 eis
782 1342 1266 1436 impleretur
1306 1344 1574 1417 divina
1617 1343 2138 1436 praedestina-

594 1461 739 1535 tio.

693 1582 1050 1656 Secundo
1131 1581 1388 1663 modo,
1470 1580 1741 1674 passio
1830 1577 2139 1653 Christi

605 1697 1015 1771 efficacius
1104 1702 1600 1791 cooperatur
1670 1717 1820 1789 pro
1879 1695 2135 1777 nobis,

609 1815 743 1906 qui
829 1836 1107 1888 sumus
1198 1814 1277 1886 in
1370 1815 1545 1906 lege
1626 1812 2136 1903 Evangelica,

609 1951 845 2025 quam
918 1953 1065 2024 pro
1113 1930 1494 2005 Patribus
1538 1931 1618 2002 in
1686 1930 1863 2021 lege
1921 1930 2139 2021 Moy-

607 2048 700 2129 si,
756 2048 945 2141 quia
998 2046 1466 2140 obsequium
1524 2046 1983 2140 praestitum
2046 2045 2141 2118 ad

607 2164 868 2257 majus
920 2164 1216 2237 bonum
1287 2163 1918 2244 retribuendum,
1983 2183 2142 2235 ma·

605 2280 730 2373 gis
797 2282 1275 2373 acceptatur
1359 2297 1600 2370 quam
1668 2277 2140 2351 beneficium

607 2396 1071 2491 praevisum.
1139 2398 1236 2468 Et
1310 2394 1452 2467 illo
1504 2394 1847 2466 secundo
1908 2394 2142 2466 modo

604 2522 729 2590 est
790 2514 1298 2609 inaequalitas
1366 2513 1445 2585 in
1517 2513 2143 2606 suscipientibus

608 2633 964 2726 gratiam
1058 2653 1201 2726 per
1281 2629 2005 2705 Cir‹·.umcisionem
2063 2633 2145 2703 et

607 2750 1139 2842 Baptismum,
1241 2749 1579 2840 propter
1664 2745 2142 2838 inaequalem

607 2865 1237 2960 applicationem
1324 2884 1592 2937 causae
1693 2864 2143 2936 meritoriae

605 2984 699 3056 ad
767 2983 999 3064 istos,
1052 2984 1132 3054 et
1190 2981 1403 3053 forte
1453 2980 1701 3054 etiam
1755 2979 1834 3051 in
1892 2978 2145 3071 bapti·

603 3100 810 3174 zatis
845 3102 1034 3173 ante
1086 3098 1577 3192 passionem,
1625 3102 1706 3172 et
1744 3099 1925 3190 post
1970 3114 2145 3190 pas-

607 3219 944 3290 sionem.
1022 3215 1103 3289 Si
1166 3219 1438 3289 autem
1519 3214 1786 3306 primo
1885 3213 2142 3295 modo,

602 3332 920 3408 scilicet
1005 3334 1346 3427 propter
1413 3329 1847 3422 specialem
1939 3328 2148 3401 obla·

611 3451 914 3526 tionem
995 3448 1075 3521 in
1160 3448 1582 3521 voluntate
1659 3446 1992 3530 Christi,
2039 3447 2147 3521 sit

612 3565 1124 3659 inaequalitas
1209 3563 1499 3656 gratiae
1585 3564 1664 3637 in
1748 3564 2151 3657 aliquibus

608 3704 818 3757 nunc
902 3681 1365 3776 baptizatis,
1457 3680 1783 3752 dubium
1862 3683 1984 3753 est
2055 3682 2148 3754 de

611 3800 861 3879 facto,
903 3799 1031 3870 sed
1077 3795 1582 3890 possibilitas
1633 3798 1756 3868 est
1795 3800 2146 3869 ostensa.

397 3951 451 4003 5,
701 3919 814 3991 De
870 3916 1114 3990 tertio
1165 3915 1341 3988 dico
1387 3914 1507 4004 (d),
1574 3915 1777 4007 quod
1838 3915 1962 3987 vel
2026 3914 2152 3987 ba-

264 4014 900 4138 „oegssffoedptizati
970 4037 1156 4105 sunt
1254 4030 1598 4124 parvuli,
1653 4029 1780 4102 vel
1869 4030 2148 4105 adulti.

310 4139 547 4252 fflssffi’t
614 4150 1181 4243 comparando
1236 4148 1669 4242 parvulum
1727 4149 1819 4220 ad
1865 4168 2151 4242 parvu-

328 4263 517 4378 {fjffi}
613 4268 806 4352 lum,
852 4289 1035 4343 cum
1078 4268 1393 4340 nullum
1456 4266 1800 4338 habeant
1841 4270 2152 4340 motum

614 4386 1068 4482 proprium,
1122 4384 1432 4457 nullam
1467 4383 1764 4458 habent
1809 4384 2153 4476 inaequa-

301 4389 462 4446 citati,
493 4392 545 4439 et

266 4519 387 4565 tom·
435 4516 484 4564 3-
517 4506 933 4580 delitatem
995 4504 1089 4576 ad
1132 4502 1517 4595 gratiam,
1563 4523 1661 4575 ex
1724 4508 1957 4596 parte
2028 4501 2153 4575 sui

328 1597 505 1651 Passio

298 1662 520 1712 exhibita

271 1726 546 1786 efficacior,

346 1803 496 1860 qnam

300 1864 515 1916 praevisa
528 1888 540 1902 .

320 4450 525 4513 Eckius‚

293 4578 329 4628 S
341 4616 352 4628 .
389 4575 554 4627 Nicol.

295 4639 560 4700 Quomoao
619 4620 1181 4716 recipiendam.
1247 4619 1527 4692 Potest
1570 4623 1842 4692 tamen
1892 4616 1971 4689 in
2026 4638 2156 4711 pa-

263 4707 583 4831 balffii-i‘a
617 4740 982 4814 rentibus
1028 4738 1265 4810 unius
1349 4758 1527 4810 esse
1572 4736 1841 4829 maj0r
1885 4741 2153 4811 motus

264 4827 579 4943 Ὓῗὶἒῖἷῖω
610 4878 849 4951 quam
938 4854 1282 4929 alterius
1344 4873 1493 4947 pro
1564 4874 1708 4925 suo
1780 4852 2149 4945 parvulo,

613 4972 739 5044 vel
785 4975 864 5045 in
915 4970 1318 5064 aliquibus
1369 4967 1555 5042 aliis
1619 4967 2154 5042 ministranti-

610 5089 756 5162 bus
852 5088 980 5160 vel
1050 5085 1623 5159 assistentibus
1702 5085 2148 5176 Baptismo,

613 5207 957 5301 propter
1018 5224 1364 5299 quorum
1401 5202 1697 5275 merita
1758 5203 1972 5275 Deus
2016 5200 2153 5273 uni

609 5321 953 5414 parvulo
1000 5324 1267 5414 potest
1309 5318 1684 5392 conferre
1755 5319 2153 5412 majorem

611 5441 972 5532 gratia-m
1018 5459 1254 5533 quam
1300 5438 1583 5520 alteri;
1632 5438 1762 5510 sed
1798 5436 1949 5510 hoc
1992 5456 2154 5509 non

607 5561 922 5634 virtute
982 5556 1410 5651 Baptismi,
1474 5556 1605 5628 sed
1686 5553 1984 5629 meriti.
2051 5556 2156 5628 Et

1826 367 1971 429 ΗΒ.
2006 368 2105 429 1v.
2156 367 2754 432 SENTENTIARUM

2243 525 2395 599 hoc
2476 528 2711 600 modo
2800 528 3015 602 forte
3099 530 3479 621 parentes
3563 524 3782 597 beati

2245 642 2561 715 Nicolai
2632 644 3139 718 orationibus
3232 645 3400 717 suis
3479 662 3786 715 merue-

2249 763 2437 833 runt
2498 761 2649 834 sibi
2701 762 3100 856 majorem
3161 761 3543 854 gratiam,
3613 779 3788 852 quae

2246 879 2426 950 erat
2498 877 2580 950 in
2621 900 2715 951 eo
2759 881 3010 955 etiam
3073 879 3415 973 parvulo
3486 875 3789 970 princi-

2250 997 2470 1090 pium
2532 984 2703 1071 tam
2785 997 3187 1070 mirabilis
3265 995 3624 1076 effectus,
3701 997 3789 1068 ut

2247 1115 2550 1187 duobus
2591 1114 2863 1187 diebus
2909 1116 2986 1187 in
3019 1113 3510 1186 hebdomada
3553 1110 3793 1183 unica

2249 1235 2567 1306 tantum
2637 1232 3082 1306 lactatione
3141 1232 3569 1303 contentus
3630 1246 3791 1298 ma-

2250 1353 2504 1422 neret.
2553 1351 2650 1420 Et
2695 1348 2953 1441 quoad
3004 1348 3153 1421 hoc
3200 1346 3461 1437 magis
3508 1348 3792 1437 optan-

2251 1467 2436 1538 dum
2504 1469 2628 1540 est
2699 1480 3037 1559 puerum
3111 1463 3512 1557 baptizari
3579 1463 3787 1535 bono

2254 1583 2688 1656 Sacerdote
2748 1601 2989 1674 quam
3021 1602 3068 1653 a
3111 1580 3349 1662 malo,
3396 1578 3583 1671 quia
3616 1598 3792 1651 ora-

2255 1698 2516 1772 tiones
2569 1698 3028 1771 Sacerdotis
3078 1689 3293 1777 boni,
3350 1716 3549 1788 quas
3595 1695 3790 1767 mul-

2255 1821 2381 1889 tas
2424 1813 2621 1889 facit
2670 1819 2856 1888 ante
2897 1819 2977 1890 et
3020 1818 3199 1908 post
3251 1814 3790 1906 Baptismum,

2259 1930 2517 2022 magis
2575 1931 3144 2011 exaudiuntur,
3202 1934 3282 2002 et
3323 1929 3596 2000 valent
3643 1926 3788 2010 illi,

2255 2071 2404 2142 pro
2475 2072 2630 2143 quo
2716 2049 2942 2129 fiunt,
3044 2069 3284 2141 quam
3378 2046 3794 2121 orationes

2255 2168 2475 2240 mali.

2348 2283 2426 2358 Si
2497 2286 2770 2356 autem
2828 2281 3219 2374 baptizati
3293 2281 3453 2353 sint
3511 2278 3789 2360 adulti,
3849 2258 4098 2385 3333,

2257 2423 2438 2476 cum
2526 2401 2644 2473 illi
2739 2421 2886 2493 per
2968 2405 3279 2474 motum
3367 2396 3795 2491 proprium
3847 2386 4124 2496 „e‘gffifflm

2261 2519 2572 2611 possint
2613 2539 2790 2590 esse
2840 2515 3354 2608 inaequaliter
3393 2512 3794 2607 dispositi,
3848 2507 4112 2620 diffffigi·

2257 2637 2335 2706 et
2398 2634 2475 2706 in
2507 2670 2510 2671 f
2548 2637 3078 2714 sacramento
3140 2628 3565 2704 confertur
3615 2649 3797 2722 gra·
3847 2632 4128 2745 sussffieu·

2261 2750 2377 2825 tia
2441 2751 2871 2824 secundum
2954 2748 3571 2843 proportionem
3648 2746 3798 2819 dis·
4009 2734 4022 2747 ’

2261 2868 2690 2960 positionis
2734 2867 2815 2940 in
2863 2866 3380 2959 suscipiente,
3427 2862 3797 2956 sequitur

2260 2983 2680 3076 inaequalis
2722 2983 3082 3057 effectus.

2348 3101 2568 3185 Quod
2652 3100 2720 3174 si
2832 3119 3260 3193 compares
3363 3097 3793 3192 parvulum

2260 3220 2560 3300 adulto,
2641 3217 3136 3308 regulariter
3181 3216 3568 3309 parvulus
3627 3214 3797 3285 nul-

2258 3337 2427 3409 lum
2466 3336 2851 3409 meritum
2887 3335 3165 3417 habet;
3201 3334 3521 3406 adultus
3559 3352 3803 3424 quan-

2265 3459 2785 3544 tumcumque
2833 3454 3156 3524 tenuem
3199 3451 3490 3524 habeat
3530 3450 3806 3523 volun-

2264 3574 2543 3651 tatem,
2579 3569 2764 3641 dum
2799 3573 3071 3641 tamen
3112 3565 3576 3641 consentiat
3609 3564 3805 3638 reci-

2266 3706 2456 3779 pere
2566 3689 3211 3764 Sacramentum,
3312 3703 3457 3754 nec
3560 3685 3813 3774 ponat

2270 3802 2578 3874 obicem
2649 3800 3029 3893 aliquem,
3114 3800 3435 3872 videtur
3510 3797 3815 3870 habere

2269 3918 2654 3990 meritum
2723 3917 3177 4010 proprium,
3232 3918 3312 3989 et
3373 3935 3522 4007 pro
3580 3919 3811 3987 tanto

2271 4033 2524 4126 magis
2591 4034 3036 4127 dispositus
3095 4035 3245 4115 est,
3313 4051 3556 4123 quam
3632 4051 3812 4124 par·

2264 4152 2540 4232 vulus;
2596 4170 2821 4242 ergo,
2869 4151 3020 4222 etc.
3657 4229 3660 4232 ,

2356 4270 2501 4343 Sed
2540 4272 2742 4352 esto,
2780 4268 2986 4360 quod
3026 4266 3350 4340 adultus
3393 4269 3568 4341 toto
3613 4269 3807 4340 tem·
3890 4309 4102 4365 venial„

2270 4406 2465 4480 pore
2534 4383 2933 4478 Baptismi
3013 4387 3286 4477 peccet
3343 4382 3805 4473 venialiter,
3948 4389 4050 4424 ¹¹⁰⁰

2264 4502 2585 4576 videtur
2676 4519 2874 4592 ergo
2980 4520 3159 4572 esse
3280 4437 4152 4614 indispositusffiffi'fiffik

2270 4618 2896 4712 quodammodo;
3026 4617 3414 4709 parvulus
3536 4619 3806 4687 autem
3906 4631 4084 4675 contra

2699 4735 2728 4751 ..
2851 4735 2864 4748 .
3082 4734 3095 4748 .
3152 4733 3166 4747 .
3835 4687 4149 4753 Cujet.3.p.

2267 4736 2580 4809 nullam
2626 4775 2636 4791 ·
2711 4736 3415 4828 indisposltlonem
3511 4731 3748 4804 habet
3788 4758 3802 4815 ;
3899 4766 3953 4816 q.
3995 4751 4079 4802 79.

2268 4871 2466 4943 ergo
2529 4851 2609 4923 in
2673 4850 2814 4923 illo
2866 4870 3059 4924 casu
3106 4848 3493 4942 parvulus
3559 4848 3807 4939 majo·
3874 4814 4097 4926 ἒὲἷὴιιίιὲ

2271 4989 2443 5042 rem
2553 4967 2912 5060 gratiam
3004 4965 3366 5059 recipiet.
3451 4939 4142 5064 Respon·h¹,¹,‘},¹};22‡0‘}‚

2264 5087 2434 5169 deo,
2484 5088 2905 5180 peccatum
2972 5081 3288 5155 veniale
3343 5103 3504 5155 non
3537 5080 3807 5175 prohi-
3876 5061 4114 5189 duffii„

2266 5203 2396 5277 bet
2476 5202 2833 5294 gratiam
2918 5197 3248 5281 infundi,
3328 5219 3473 5272 nec
3556 5198 3805 5272 etiam
3888 5188 4111 5254 &mim

3926 5249 4101 5299 arvulo

2267 5322 2537 5393 actum
2614 5316 3131 5390 meritorium
3195 5315 3435 5387 simul
3486 5313 3807 5397 habere,
3866 5267 3921 5362 *f
4003 5326 4123 5378 ars·

2269 5440 2539 5511 tamen
2619 5433 2806 5525 quia
2868 5432 3141 5505 anima
3203 5430 3568 5524 pluribus
3620 5430 3814 5503 acti-

2266 5553 2409 5626 bus
2469 5571 2629 5624 non
2675 5554 2943 5643 potest
2977 5549 3219 5623 simul
3253 5568 3477 5641 aeque
3514 5549 3816 5642 perfec·
