4287 6313
614 391 700 456 94
1765 394 1909 456 ΜΒ.
1956 394 2056 456 ΙΝ.
2105 390 2710 455 sssmmlffluu

613 552 820 625 sitio·
875 552 1377 627 necessitams
1438 553 1884 626 sec-undum·
1950 552 2159 643 quida.

609 674 687 742 et'
721 669 874 742 hoc
907 672 1033 743 est
1109 686 1215 741 ex
1259 669 1536 742 divina
1598 668 2158 761 dispositione.

612 787 716 859 Et
818 786 934 860 sic
1007 790 1278 880 potest
1360 784 1664 877 exponi
1733 782 2156 876 Magister,

609 903 817 994 quod
857 904 1072 976 Deus
1141 909 1417 995 posset
1468 905 1660 974 dare
1730 903 1976 975 talem
2031 922 2161 994 po-

604 1023 989 1093 testatem
1027 1018 1435 1102 ministro,
1482 1019 1764 1111 utipse
1799 1020 2168 1112 aliquam-

604 1136 1229 1229 dispositionem·
1274 1143 1657 1212 causaret
1717 1138 1797 1210 in
1857 1137 2154 1220 anima,

609 1257 1042 1344 quaeesset
1071 1254 1575 1328 necessitans
1624 1255 1718 1328 ad
1769 1254 2154 1346 gratiam,

610 1367 762 1443 hoc
802 1370 1061 1452 modo,
1103 1370 1316 1462 quod
1349 1372 1564 1444 Deus
1622 1370 2159 1464 disposuisset

615 1487 1195 1561 universaliter
1279 1488 1395 1562 sic
1485 1488 1881 1582 disposito
1966 1488 2159 1559 dare

266 1620 590 1691 organizatio
615 1603 997 1695 gratia-m.
1081 1603 1209 1678 Sic
1285 1603 1537 1678 etiam
1649 1602 2158 1695 organizatio

296 1692 559 1821 disssgssmo
615 1717 992 1811 corpori-s
1030 1719 1612 1811 est-dispositio
1648 1720 1741 1791 ad
1800 1718 2173 1791 animan»

269 1819 583 1926 ”⁰⁰⁰{3moe
616 1835 1202 1908 intellectivam
1266 1834 1796 1917 necessitans,
1859 1840 1939 1908 et
1992 1834 2159 1908 haec

269 1938 561 2059 3333,
613 1957 978 2044 potestas
1011 1956 1134 2026 est
1170 1953 1571 2044 superior,
1612 1973 1854 2045 quam
1886 1950 2155 2046 aliqua

264 2078 586 2174 (1838ξῇξῆυὸ
612 2070 797 2152 alia,
871 2090 1045 2162 quae
1115 2069 1221 2142 sit
1273 2071 1446 2161 jam
1515 2070 1702 2142 data
1778 2067 2159 2142 ministro

309 2185 542 2310 ggggffi
615 2186 1039 2266 Ecclesiae;
1079 2184 1278 2258 nihil
1327 2186 1544 2258 enim
1579 2189 1972 2278 operatur
2014 2185 2163 2257 mi-

318 2312 526 2377 gratiae·
611 2302 872 2375 nister
905 2302 983 2373 in
1019 2300 1291 2374 anima
1335 2301 1677 2375 mediate
1721 2301 1845 2373 vel
1888 2300 2161 2402 imme-

608 2417 846 2501 diate,
908 2418 1016 2490 ad·
1073 2418 1278 2509 quod
1336 2417 1828 2509 simpliciter
1892 2436 2163 2489 neces-

608 2534 1354 2608 sarioconferatur
1436 2534 1734 2625 gratia,
1808 2532 2019 2608 sicut
2080 2534 2169 2606 in'

603 2650 774 2722 alia
844 2656 1078 2743 parte
1172 2652 1264 2724 de
1363 2651 1887 2725 animatione.
1996 2653 2160 2724 Nec

513 2807 519 2814 ·
603 2771 940 2860 oportet„
973 2768 1390 2859 imponere
1454 2768 1887 2859 Magistro,
1952 2767 2160 2859 quod

605 2881 1256 2957 senserit-Deum
1329 2903 1582 2976 posse·
1633 2883 1842 2955 dare
1887 2882 2159 2955 minis-

599 2998 761 3076 tro,
808 3001 898 3071 ut
969 3002 1253 3089 ageret
1303 2997 1398 3069 ad
1459 2997 1842 3090 gratiam,
1919 2998 2160 3072 attin·-

606 3112 861 3204 gend'o
904 3112 1153 3188 istu'm
1210 3112 1614 3195 effectum,
1653 3115 1842 3207 quia
1889 3113 2175 3187 minis-·

613 3232 743 3302 ter
825 3250 987 3301 non
1050 3236 1472 3324 estcapaic
1526 3231 1762 3304 istius
1821 3231 2172 3305 virtutis·

607 3345 1158 3438 ac.t‘ivae;,quia=
1195 3367 1340 3439 per
1379 3347 1752 3439 gratiam·
1787 3347 1928 3420 vel<
1979 3347 2164 3421 cha-

612 3461 1138 3544 ritatem‚.es·t
1199 3465 1471 3536 anima
1529 3462 1998 3538 formaliter
2039 3485 2162 3538 ac-

610 3584 854 3672 cepta·
913 3582 1080 3654 Deo
1158 3585 1712 3674 acceptatione
1798 3581 2159 3675 speciali,

617 3698 1003 3787 tanquam
1039 3695 1280 3787 digna
1310 3696 1482 3770 vita
1539 3700 1890 3779 aeterna,
1943 3718 2161 3771 crea-

608 3817 800 3885 tura
833 3814 1108 3886 autem
1150 3832 1310 3884 non
1344 3817 1615 3904 potest
1667 3812 1964 3887 habere
2005 3814 2166 3885 vir-

612 3928 896 4001 tutem
952 3929 1333 4009 activam,
1395 3933 1485 4002 ut
1553 3928 1803 4002 faciat
1863 3930 2165 4021 aliquid

606 4040 936 4133 dignum
996 4041 1482 4135 hujusmodi.
1555 4044 1682 4117 vel
1763 4044 1866 4118 sit
1943 4065 2163 4119 acce-

605 4161 833 4249 ptum
879 4160 1074 4230 Deo.
1125 4160 1294 4231 Hoc
1366 4159 1614 4231 etiam
1668 4164 1918 4252 patet,
1975 4163 2165 4254 quia

603 4271 786 4345 finis
818 4276 897 4346 et
949 4273 1309 4347 efficiens
1376 4275 1824 4366 respiciunt
1869 4297 1953 4349 se
1997 4298 2162 4349 mu-

604 4392 775 4472 tuo,
821 4388 936 4464 ita
969 4390 1178 4482 quod
1215 4391 1592 4483 superius
1627 4411 1875 4483 agens
1909 4393 2169 4469 efficit

611 4512 956 4601 propter
1014 4510 1254 4582 finem
1318 4509 1878 4603 superiorem;
1963 4532 2163 4604 ergo

608 4626 816 4716 quod
868 4627 1329 4700 immediate
1369 4627 1749 4719 disponit,
1799 4628 1921 4700 vel
1959 4631 2165 4702 ordi-

604 4746 744 4815 nat
786 4743 902 4815 ad‘
942 4744 1185 4818 finem
1233 4745 1641 4825 ultimum,
1701 4745 2166 4821 immediate

604 4864 742 4932 est
780 4878 826 4929 a
877 4860 1143 4953 primo
1194 4860 1636 4943 efficiente3
1697 4859 2166 4953 hujusmodi

604 4975 1092 5066 est-gratia.
1168 4978 1751 5058 Confirmatur,
1826 4977 2013 5070 quia
2094 4977 2164 5050 si

613 5097 893 5183 posset
933 5113 1116 5166 esse
1172 5095 1271 5166 ab
1321 5094 1594 5186 aliquo
1637 5092 2166 5186 agente-inte·

609 5208 862 5293 riori3,
906 5209 1326 5286 videretur
1368 5231 1607 5304 posse
1674 5229 1852 5284 esse
1895 5211 1996 5284 ad
2021 5210 2167 5284 ali-

608 5343 848 5419 quem
895 5325 1160 5400 finem·
1204 5326 1714 5400 inferiorem.

697 5436 874 5510 Sed.
917 5435 1101 5510 istae
1188 5436 1787 5510 rationesmon-
1818 5437 2166 5512 multum

606 5557 936 5645 cogunt.
1001 5552 1297 5627 Primffl
1331 5575 1536 5636 nom.
1561 5553 1752 5645 quia
1781 5558 2171 5630 creatura

2285 552 2560 641 potest
2636 572 2814 623 esse
2893 550 3270 624 formalis
3345 551 3560 625 rati'o
3648 548 3839 625 talis

2274 667 2891 759 acceptationis,
2918 671 3002 741 ut
3027 669 3497 743 conceditur
3528 669 3622 741 de
3655 666 3842 741 cha-

2274 781 2587 865 ritate3
2670 804 2923 876 quare
3014 803 3215 877 ergo
3312 806 3475 858 non
3558 785 3676 859 ita
3735 779 3841 857 ef-

2270 896 2570 971 fectiva
2638 900 2854 974 ratio
2915 901 3509 994 acceptationis
3546 907 3581 972 ‘1’
3669 921 3835 972 non

2270 1013 2591 1088 videtur
2661 1016 2915 1091 ratio.-
2949 1018 3309 1091 Secunda
3366 1016 3627 1092 etiam·
3667 1035 3829 1088 non

2270 1130 2510 1215 valet,
2566 1133 2755 1224 quia
2799 1134 2954 1207 etsi
2992 1152 3240 1226 agens
3286 1135 3645 1227 primum
3680 1153 3840 1205 non

2270 1251 2462 1339 agat
2530 1248 2688 1321 nisi
2737 1254 3075 1342 propter
3124 1249 3366 1323 finem
3428 1249 3834 1334 ultimum,

2271 1366 2546 1436 tamen
2610 1369 2935 1458 oportet
2995 1387 3228 1439 omne
3299 1386 3548 1457 agens
3640 1366 3833 1440 infe-

2276 1480 2447 1554 rius
2491 1480 2572 1554 in
2620 1503 3126 1575 quacumque
3192 1484 3514 1558 actione
3591 1503 3838 1575 agere

2273 1601 2617 1687 propter
2682 1597 2923 1670 finem
2986 1598 3457 1671 inseriorem
3517 1599 3833 1672 ultimoa

2273 1713 2629 1804 Angelus
2662 1714 2905 1795 enim,
2956 1715 3022 1786 si
3057 1715 3282 1789 elicit
3342 1720 3618 1789 actum
3663 1715 3839 1787 bea·-

2271 1829 2606 1909 tificum,
2676 1849 2843 1902 non·
2892 1829 3114 1904 elicit
3203 1834 3545 1924 propter
3594 1830 3834 1902 finem

2270 1942 2748 2017 inferiorem
2791 1945 3124 2030 ultimo;
3174 1946 3291 2019 ita
3326 1965 3524 2037 ergo
3559 1948 3837 2038 posset

2272 2060 2547 2152 gratia
2624 2060 3084 2135 immediate
3162 2062 3433 2134 creari
3491 2066 3837 2155 propter

2270 2178 2511 2250 finem
2552 2177 2956 2261 ultimum,
3010 2181 3091 2253 et
3137 2182 3410 2252 tamen
3442 2178 3540 2251 ab
3599 2196 3841 2269 agen-

2276 2298 2355 2367 te
2390 2291 2790 2364 inferiori.

2362 2408 2476 2481 Ad
2517 2411 3006 2497 argumenta
3036 2407 3133 2498 (d)
3163 2406 3678 2500 principalia.
3720 2407 3832 2479 Ad

2272 2524 2630 2616 primum
2703 2523 3022 2597 dicetur
3098 2523 3455 2597 inferius·
3512 2523 3595 2596 in
3660 2526 3817 2591 dist.

2269 2643 2398 2707 isca
2428 2663 2490 2728 q,
2534 2640 2602 2711 5.
2671 2638 2783 2712 Ad
2851 2639 3311 2722 secundum,
3384 2638 3825 2721 dicendum,

2271 2754 2477 2846 quod
2553 2754 2696 2827 illa
2727 2760 2855 2828 est
2922 2756 3195 2848 aliqua
3247 2774 3521 2837 causa,
3588 2774 3828 2847 quam

2276 2869 2501 2962 ponit
2560 2868 3095 2960 Augustinus,
3156 2873 3236 2942 et
3279 2868 3827 2952 manifestior,

2270 2984 2405 3057 sed
2464 3005 2625 3057 non
2706 2986 3082 3078 praecisa.
3163 2986 3278 3060 Ad
3337 2986 3835 3059 confirmati·

2274 3122 2510 3177 onem
2568 3102 2770 3187 dico,
2819 3104 3024 3197 quod
3091 3105 3454 3179 actiones
3555 3104 3835 3178 imma-

2270 3221 2554 3290 nentes
2650 3219 2941 3292 habent
3049 3219 3373 3313 aliquod
3463 3239 3831 3314 passum,

2271 3335 2460 3425 quia
2514 3333 2860 3427 ipsamet
2907 3334 3295 3427 potentia,
3367 3337 3497 3409 cui
3543 3336 3830 3409 imma-

2269 3455 2487 3533 nent‚
2566 3455 2693 3524 est
2772 3449 3138 3544 potentia
3215 3451 3634 3544 receptiva
3700 3471 3827 3526 ea-

2279 3565 2486 3638 dem.

2370 3681 2485 3754 Ad
2527 3682 2934 3756 rationem
2974 3683 3066 3755 de
3116 3683 3678 3775 adaequatione
3728 3686 3835 3758 di-

2280 3819 2400 3879 co,
2448 3799 2651 3890 quod
2694 3818 2854 3871 non
2887 3799 3271 3891 arguitur
3303 3800 3393 3872 de
3423 3800 3836 3893 aequalita-

2273 3914 2356 3985 te
2398 3914 2734 3989 effectus
2785 3917 2881 3989 ad
2912 3935 3271 3997 causam,
3311 3917 3500 4008 quia
3542 3918 3838 4010 impos-

2276 4029 2511 4104 sibile
2584 4037 2710 4106 est
2789 4033 3148 4124 aliquem
3221 4032 3601 4107 effectum
3662 4055 3841 4109 esse

2275 4149 2671 4240 aequalcm
2738 4151 2949 4232 Deo;
3024 4149 3158 4223 sed
3217 4150 3648 4243 adaequans
3699 4173 3843 4245 po-

2275 4269 2441 4342 test
2491 4266 2845 4358 intelligi
2888 4267 2994 4341 ibi
3030 4269 3463 4341 secundum
3502 4290 3843 4362 propor-

2272 4381 2584 4456 tionem
2629 4382 3083 4477 praecisam‚
3131 4381 3282 4456 hoc
3320 4387 3469 4465 est,
3509 4383 3843 4458 effectus

2280 4498 2582 4572 habens
2683 4500 2931 4574 talem
3025 4501 3649 4593 proportionem
3747 4503 3843 4575 ad

2285 4636 2645 4698 causam,
2713 4616 3035 4709 qualem
3111 4615 3669 4689 nullus-alius·
3709 4637 3840 4710 pov

2280 4735 2449 4808 test
2507 4734 2829 4816 habere,
2894 4738 3116 4826 puta,
3173 4734 3359 4827 quia
3415 4735 3841 4827 proximus

2280 4852 2695 4944 possibilis
2738 4852 3236 4945 ipsi-oausae;
3284 4854 3351 4925 si
3388 4853 3506 4938 sic
3551 4853 3842 4926 intelli*

2279 4974 2526 5060 gatur
2600 4991 2761 5043 non
2833 4970 3274 5063 adaequans·
3341 4970 3420 5042 in
3512 4970 3836 5063 majori,

2278 5105 2487 5177 nego
2521 5107 2730 5158 eam.
2776 5088 3124 5161 Tantum
3185 5087 3399 5159 enim
3441 5087 3686 5166 valet.
3747 5107 3840 5161 ac

2281 5203 2350 5275 si
2374 5202 2732 5276 diceretu
2752 5223 2813 5286 r,
2836 5203 3171 5276 effectus
3199 5203 3544 5277 inferior
3573 5203 3838 5297 primo

2296 5318 2693 5411 possibili
2754 5323 3021 5411 potest
3083 5319 3419 5411 produci
3479 5342 3525 5392 a
3566 5340 3841 5411 supre-

2284 5455 2414 5507 mo
2453 5433 2848 5528 possibili,
2905 5435 3111 5526 quod
3158 5435 3331 5508 ideo
3385 5436 3840 5529 negandum

2279 5558 2430 5636 est,
2457 5552 2669 5644 quia
2737 5551 3057 5645 aliquis,
3083 5551 3431 5628 infer-ior-
3484 5573 3671 5627 non·
3703 5573 3837 5645 po·

3978 2450 4065 2501 32.

3869 2513 3947 2564 Ad
3974 2527 4165 2586 argum
4178 2550 4194 2567 .

3913 2589 4134 2642 princip.

3956 3737 4038 3788 Ad
4069 3739 4120 3789 3.
