<?xml version="1.0" encoding="UTF-8"?>
<!DOCTYPE html PUBLIC "-//W3C//DTD XHTML 1.0 Transitional//EN"
    "http://www.w3.org/TR/xhtml1/DTD/xhtml1-transitional.dtd">
<html xmlns="http://www.w3.org/1999/xhtml" xml:lang="en" lang="en">
 <head>
  <title>
</title>
<meta http-equiv="Content-Type" content="text/html;charset=utf-8" />
  <meta name='ocr-system' content='tesseract 3.04.00' />
  <meta name='ocr-capabilities' content='ocr_page ocr_carea ocr_par ocr_line ocrx_word'/>
</head>
<body>
  <div class='ocr_page' id='page_1' title='image "./joannisdunsscot01waddgoog_0548.png"; bbox 0 0 4287 6313; ppageno 0'>
   <div class='ocr_carea' id='block_1_1' title="bbox 487 391 605 451">
    <p class='ocr_par' dir='ltr' id='par_1_1' title="bbox 487 391 605 451">
     <span class='ocr_line' id='line_1_1' title="bbox 487 391 605 451; baseline 0 0"><span class='ocrx_word' id='word_1_1' title='bbox 487 391 605 451; x_wconf 79' lang='lat'>532</span> 
     </span>
    </p>
   </div>
   <div class='ocr_carea' id='block_1_2' title="bbox 478 550 2051 2857">
    <p class='ocr_par' dir='ltr' id='par_1_2' title="bbox 496 550 2048 745">
     <span class='ocr_line' id='line_1_2' title="bbox 496 550 2048 648; baseline 0.005 -28"><span class='ocrx_word' id='word_1_2' title='bbox 496 550 978 642; x_wconf 83' lang='lat' dir='ltr'>baptizandi,</span> <span class='ocrx_word' id='word_1_3' title='bbox 1018 556 1205 648; x_wconf 89' lang='lat' dir='ltr'>quia</span> <span class='ocrx_word' id='word_1_4' title='bbox 1267 556 1457 628; x_wconf 89' lang='lat' dir='ltr'>illud</span> <span class='ocrx_word' id='word_1_5' title='bbox 1503 559 1623 628; x_wconf 82' lang='lat' dir='ltr'>est</span> <span class='ocrx_word' id='word_1_6' title='bbox 1677 556 2048 627; x_wconf 89' lang='lat' dir='ltr'>commis-</span> 
     </span>
     <span class='ocr_line' id='line_1_3' title="bbox 498 672 1167 745; baseline 0.01 -8"><span class='ocrx_word' id='word_1_7' title='bbox 498 687 679 740; x_wconf 89' lang='lat' dir='ltr'>sum</span> <span class='ocrx_word' id='word_1_8' title='bbox 722 672 1167 745; x_wconf 78' lang='lat' dir='ltr'>Sacerdoti.</span> 
     </span>
    </p>

    <p class='ocr_par' dir='ltr' id='par_1_3' title="bbox 478 786 2051 1577">
     <span class='ocr_line' id='line_1_4' title="bbox 585 786 2047 881; baseline 0.001 -24"><span class='ocrx_word' id='word_1_9' title='bbox 585 786 699 857; x_wconf 90' lang='lat' dir='ltr'>Ad</span> <span class='ocrx_word' id='word_1_10' title='bbox 771 788 1197 875; x_wconf 81' lang='lat' dir='ltr'>rationem,</span> <span class='ocrx_word' id='word_1_11' title='bbox 1276 789 1452 862; x_wconf 91' lang='lat' dir='ltr'>dico</span> <span class='ocrx_word' id='word_1_12' title='bbox 1541 790 1747 881; x_wconf 88' lang='lat' dir='ltr'>quod</span> <span class='ocrx_word' id='word_1_13' title='bbox 1824 789 2047 861; x_wconf 91' lang='lat' dir='ltr'>solus</span> 
     </span>
     <span class='ocr_line' id='line_1_5' title="bbox 497 904 2051 1000; baseline 0.005 -28"><span class='ocrx_word' id='word_1_14' title='bbox 497 904 889 975; x_wconf 76' lang='lat' dir='ltr'>Sacerdos</span> <span class='ocrx_word' id='word_1_15' title='bbox 965 909 1229 997; x_wconf 88' lang='lat' dir='ltr'>potest</span> <span class='ocrx_word' id='word_1_16' title='bbox 1277 906 1694 980; x_wconf 75' lang='lat' dir='ltr'>dimittere</span> <span class='ocrx_word' id='word_1_17' title='bbox 1763 927 2051 1000; x_wconf 86' lang='lat' dir='ltr'>pecca-</span> 
     </span>
     <span class='ocr_line' id='line_1_6' title="bbox 495 1021 2044 1114; baseline 0.003 -23"><span class='ocrx_word' id='word_1_18' title='bbox 495 1023 604 1103; x_wconf 89' lang='lat' dir='ltr'>ta,</span> <span class='ocrx_word' id='word_1_19' title='bbox 654 1039 797 1111; x_wconf 90' lang='lat' dir='ltr'>per</span> <span class='ocrx_word' id='word_1_20' title='bbox 860 1022 1180 1093; x_wconf 91' lang='lat' dir='ltr'>modum</span> <span class='ocrx_word' id='word_1_21' title='bbox 1237 1021 1555 1114; x_wconf 82' lang='lat' dir='ltr'>judiciS‚</span> <span class='ocrx_word' id='word_1_22' title='bbox 1636 1023 1763 1095; x_wconf 85' lang='lat' dir='ltr'>vel</span> <span class='ocrx_word' id='word_1_23' title='bbox 1828 1022 2044 1095; x_wconf 88' lang='lat' dir='ltr'>arbi-</span> 
     </span>
     <span class='ocr_line' id='line_1_7' title="bbox 486 1126 2031 1226; baseline 0.005 -22"><span class='ocrx_word' id='word_1_24' title='bbox 486 1135 626 1219; x_wconf 86' lang='lat' dir='ltr'>tri,</span> <span class='ocrx_word' id='word_1_25' title='bbox 684 1138 1080 1226; x_wconf 90' lang='lat' dir='ltr'>quomodo</span> <span class='ocrx_word' id='word_1_26' title='bbox 1142 1126 1679 1212; x_wconf 81' lang='lat' dir='ltr'>remittuntur</span> <span class='ocrx_word' id='word_1_27' title='bbox 1741 1141 1822 1211; x_wconf 90' lang='lat' dir='ltr'>in</span> <span class='ocrx_word' id='word_1_28' title='bbox 1868 1143 2031 1212; x_wconf 87' lang='lat' dir='ltr'>Poe·</span> 
     </span>
     <span class='ocr_line' id='line_1_8' title="bbox 483 1250 2049 1348; baseline 0.004 -27"><span class='ocrx_word' id='word_1_29' title='bbox 483 1250 872 1339; x_wconf 90' lang='lat' dir='ltr'>nitentia;</span> <span class='ocrx_word' id='word_1_30' title='bbox 937 1255 1067 1325; x_wconf 90' lang='lat' dir='ltr'>sed</span> <span class='ocrx_word' id='word_1_31' title='bbox 1127 1254 1207 1326; x_wconf 90' lang='lat' dir='ltr'>in</span> <span class='ocrx_word' id='word_1_32' title='bbox 1264 1255 1688 1348; x_wconf 84' lang='lat' dir='ltr'>Baptismo</span> <span class='ocrx_word' id='word_1_33' title='bbox 1740 1255 2049 1330; x_wconf 84' lang='lat' dir='ltr'>virtute</span> 
     </span>
     <span class='ocr_line' id='line_1_9' title="bbox 490 1370 2045 1463; baseline 0.005 -24"><span class='ocrx_word' id='word_1_34' title='bbox 490 1370 1025 1451; x_wconf 64' lang='lat' dir='ltr'>sacramenti,</span> <span class='ocrx_word' id='word_1_35' title='bbox 1099 1372 1397 1463; x_wconf 81' lang='lat' dir='ltr'>absque</span> <span class='ocrx_word' id='word_1_36' title='bbox 1466 1372 1840 1454; x_wconf 89' lang='lat' dir='ltr'>arbitrio,</span> <span class='ocrx_word' id='word_1_37' title='bbox 1917 1376 2045 1446; x_wconf 90' lang='lat' dir='ltr'>vel</span> 
     </span>
     <span class='ocr_line' id='line_1_10' title="bbox 478 1487 1383 1577; baseline 0.002 -19"><span class='ocrx_word' id='word_1_38' title='bbox 478 1487 782 1577; x_wconf 64' lang='lat' dir='ltr'>‚iudicio</span> <span class='ocrx_word' id='word_1_39' title='bbox 822 1489 1383 1564; x_wconf 87' lang='lat' dir='ltr'>remittuntur.</span> 
     </span>
    </p>

    <p class='ocr_par' dir='ltr' id='par_1_4' title="bbox 483 1603 2045 2371">
     <span class='ocr_line' id='line_1_11' title="bbox 626 1603 2045 1698; baseline 0.001 -22"><span class='ocrx_word' id='word_1_40' title='bbox 626 1603 864 1676; x_wconf 90' lang='lat' dir='ltr'>Circa</span> <span class='ocrx_word' id='word_1_41' title='bbox 1007 1606 1438 1677; x_wconf 88' lang='lat' dir='ltr'>secundum</span> <span class='ocrx_word' id='word_1_42' title='bbox 1573 1605 2045 1698; x_wconf 73' lang='lat' dir='ltr'>principale</span> 
     </span>
     <span class='ocr_line' id='line_1_12' title="bbox 484 1719 2041 1815; baseline 0.002 -26"><span class='ocrx_word' id='word_1_43' title='bbox 484 1739 761 1811; x_wconf 75' lang='lat' dir='ltr'>quaero</span> <span class='ocrx_word' id='word_1_44' title='bbox 803 1719 1018 1793; x_wconf 88' lang='lat' dir='ltr'>tria:</span> <span class='ocrx_word' id='word_1_45' title='bbox 1061 1720 1362 1815; x_wconf 83' lang='lat' dir='ltr'>Primo,</span> <span class='ocrx_word' id='word_1_46' title='bbox 1421 1742 1523 1793; x_wconf 88' lang='lat' dir='ltr'>an</span> <span class='ocrx_word' id='word_1_47' title='bbox 1576 1721 1845 1793; x_wconf 90' lang='lat' dir='ltr'>unitas</span> <span class='ocrx_word' id='word_1_48' title='bbox 1897 1722 2041 1792; x_wconf 88' lang='lat' dir='ltr'>Ba-</span> 
     </span>
     <span class='ocr_line' id='line_1_13' title="bbox 484 1833 2042 1930; baseline 0.004 -25"><span class='ocrx_word' id='word_1_49' title='bbox 484 1833 765 1926; x_wconf 86' lang='lat' dir='ltr'>ptismi</span> <span class='ocrx_word' id='word_1_50' title='bbox 822 1837 1288 1909; x_wconf 86' lang='lat' dir='ltr'>necessario</span> <span class='ocrx_word' id='word_1_51' title='bbox 1366 1838 1768 1928; x_wconf 84' lang='lat' dir='ltr'>requirat,</span> <span class='ocrx_word' id='word_1_52' title='bbox 1835 1840 2042 1930; x_wconf 92' lang='lat' dir='ltr'>quod</span> 
     </span>
     <span class='ocr_line' id='line_1_14' title="bbox 483 1948 2044 2027; baseline 0.004 -9"><span class='ocrx_word' id='word_1_53' title='bbox 483 1948 586 2018; x_wconf 88' lang='lat' dir='ltr'>ab</span> <span class='ocrx_word' id='word_1_54' title='bbox 648 1969 807 2020; x_wconf 93' lang='lat' dir='ltr'>uno</span> <span class='ocrx_word' id='word_1_55' title='bbox 870 1950 1250 2025; x_wconf 81' lang='lat' dir='ltr'>ministro</span> <span class='ocrx_word' id='word_1_56' title='bbox 1336 1954 1838 2025; x_wconf 81' lang='lat' dir='ltr'>conferatur.</span> <span class='ocrx_word' id='word_1_57' title='bbox 1914 1956 2044 2027; x_wconf 88' lang='lat' dir='ltr'>Se-</span> 
     </span>
     <span class='ocr_line' id='line_1_15' title="bbox 486 2063 2040 2159; baseline 0.003 -22"><span class='ocrx_word' id='word_1_58' title='bbox 486 2063 768 2146; x_wconf 84' lang='lat' dir='ltr'>cundO,</span> <span class='ocrx_word' id='word_1_59' title='bbox 868 2085 970 2136; x_wconf 89' lang='lat' dir='ltr'>an</span> <span class='ocrx_word' id='word_1_60' title='bbox 1063 2067 1431 2159; x_wconf 86' lang='lat' dir='ltr'>requirat</span> <span class='ocrx_word' id='word_1_61' title='bbox 1511 2069 1752 2141; x_wconf 89' lang='lat' dir='ltr'>simul</span> <span class='ocrx_word' id='word_1_62' title='bbox 1863 2090 2040 2141; x_wconf 90' lang='lat' dir='ltr'>esse</span> 
     </span>
     <span class='ocr_line' id='line_1_16' title="bbox 490 2182 2040 2278; baseline 0.001 -25"><span class='ocrx_word' id='word_1_63' title='bbox 490 2182 1013 2266; x_wconf 87' lang='lat' dir='ltr'>ablutionem,</span> <span class='ocrx_word' id='word_1_64' title='bbox 1089 2189 1170 2259; x_wconf 90' lang='lat' dir='ltr'>et</span> <span class='ocrx_word' id='word_1_65' title='bbox 1241 2185 1787 2278; x_wconf 80' lang='lat' dir='ltr'>prolationem</span> <span class='ocrx_word' id='word_1_66' title='bbox 1867 2206 2040 2256; x_wconf 90' lang='lat' dir='ltr'>ver-</span> 
     </span>
     <span class='ocr_line' id='line_1_17' title="bbox 494 2296 1561 2371; baseline 0.004 -4"><span class='ocrx_word' id='word_1_67' title='bbox 494 2296 811 2371; x_wconf 85' lang='lat' dir='ltr'>borum.</span> <span class='ocrx_word' id='word_1_68' title='bbox 1556 2366 1561 2371; x_wconf 86' lang='lat'>.</span> 
     </span>
    </p>

    <p class='ocr_par' dir='ltr' id='par_1_5' title="bbox 486 2412 2039 2857">
     <span class='ocr_line' id='line_1_18' title="bbox 582 2412 2038 2509; baseline -0.004 -22"><span class='ocrx_word' id='word_1_69' title='bbox 582 2416 883 2497; x_wconf 86' lang='lat' dir='ltr'>Tertio,</span> <span class='ocrx_word' id='word_1_70' title='bbox 933 2416 1118 2509; x_wconf 89' lang='lat' dir='ltr'>quia</span> <span class='ocrx_word' id='word_1_71' title='bbox 1151 2439 1354 2483; x_wconf 81' lang='lat' dir='ltr'>unum</span> <span class='ocrx_word' id='word_1_72' title='bbox 1405 2420 1530 2488; x_wconf 85' lang='lat' dir='ltr'>est</span> <span class='ocrx_word' id='word_1_73' title='bbox 1582 2415 1660 2487; x_wconf 89' lang='lat' dir='ltr'>in</span> <span class='ocrx_word' id='word_1_74' title='bbox 1714 2434 1799 2486; x_wconf 92' lang='lat' dir='ltr'>se</span> <span class='ocrx_word' id='word_1_75' title='bbox 1849 2412 2038 2483; x_wconf 88' lang='lat' dir='ltr'>indi-</span> 
     </span>
     <span class='ocr_line' id='line_1_19' title="bbox 489 2531 2039 2617; baseline -0.002 -16"><span class='ocrx_word' id='word_1_76' title='bbox 489 2531 781 2617; x_wconf 89' lang='lat' dir='ltr'>visum,</span> <span class='ocrx_word' id='word_1_77' title='bbox 835 2538 915 2605; x_wconf 87' lang='lat' dir='ltr'>et</span> <span class='ocrx_word' id='word_1_78' title='bbox 967 2532 1064 2604; x_wconf 92' lang='lat' dir='ltr'>ab</span> <span class='ocrx_word' id='word_1_79' title='bbox 1105 2531 1268 2604; x_wconf 89' lang='lat' dir='ltr'>alio</span> <span class='ocrx_word' id='word_1_80' title='bbox 1316 2532 1687 2612; x_wconf 86' lang='lat' dir='ltr'>divisum,</span> <span class='ocrx_word' id='word_1_81' title='bbox 1762 2549 1865 2600; x_wconf 88' lang='lat' dir='ltr'>an</span> <span class='ocrx_word' id='word_1_82' title='bbox 1920 2548 2039 2599; x_wconf 95' lang='lat' dir='ltr'>re-</span> 
     </span>
     <span class='ocr_line' id='line_1_20' title="bbox 490 2644 2037 2740; baseline -0.003 -21"><span class='ocrx_word' id='word_1_83' title='bbox 490 2648 767 2739; x_wconf 88' lang='lat' dir='ltr'>quirat</span> <span class='ocrx_word' id='word_1_84' title='bbox 864 2648 1412 2740; x_wconf 85' lang='lat' dir='ltr'>baptizantem</span> <span class='ocrx_word' id='word_1_85' title='bbox 1491 2668 1668 2719; x_wconf 91' lang='lat' dir='ltr'>esse</span> <span class='ocrx_word' id='word_1_86' title='bbox 1733 2644 2037 2718; x_wconf 89' lang='lat' dir='ltr'>discre-</span> 
     </span>
     <span class='ocr_line' id='line_1_21' title="bbox 486 2763 1838 2857; baseline -0.005 -19"><span class='ocrx_word' id='word_1_87' title='bbox 486 2770 658 2838; x_wconf 91' lang='lat' dir='ltr'>tum</span> <span class='ocrx_word' id='word_1_88' title='bbox 697 2764 1246 2857; x_wconf 74' lang='lat' dir='ltr'>personaliter</span> <span class='ocrx_word' id='word_1_89' title='bbox 1296 2785 1343 2836; x_wconf 91' lang='lat' dir='ltr'>a</span> <span class='ocrx_word' id='word_1_90' title='bbox 1400 2763 1838 2856; x_wconf 67' lang='lat' dir='ltr'>baptizato</span> 
     </span>
    </p>
   </div>
   <div class='ocr_carea' id='block_1_3' title="bbox 240 817 400 869">
    <p class='ocr_par' dir='ltr' id='par_1_6' title="bbox 240 817 400 869">
     <span class='ocr_line' id='line_1_22' title="bbox 240 817 400 869; baseline 0.013 -2"><span class='ocrx_word' id='word_1_91' title='bbox 240 817 322 867; x_wconf 87' lang='lat' dir='ltr'>Ad</span> <span class='ocrx_word' id='word_1_92' title='bbox 349 817 400 869; x_wconf 82' lang='lat'>2.</span> 
     </span>
    </p>
   </div>
   <div class='ocr_carea' id='block_1_4' title="bbox 919 3010 1558 3074">
    <p class='ocr_par' dir='ltr' id='par_1_7' title="bbox 919 3010 1558 3074">
     <span class='ocr_line' id='line_1_23' title="bbox 919 3010 1558 3074; baseline -0.002 -1"><span class='ocrx_word' id='word_1_93' title='bbox 919 3010 1558 3074; x_wconf 83' lang='lat' dir='ltr'><strong>COMMENTARIUS.</strong></span> 
     </span>
    </p>
   </div>
   <div class='ocr_carea' id='block_1_5' title="bbox 132 3236 2037 3911">
    <p class='ocr_par' dir='ltr' id='par_1_8' title="bbox 132 3236 2037 3911">
     <span class='ocr_line' id='line_1_24' title="bbox 566 3236 2037 3319; baseline 0.001 -19"><span class='ocrx_word' id='word_1_94' title='bbox 566 3236 652 3319; x_wconf 90' lang='lat' dir='ltr'>(a)</span> <span class='ocrx_word' id='word_1_95' title='bbox 708 3241 1094 3315; x_wconf 80' lang='lat' dir='ltr'>Respondeo,</span> <span class='ocrx_word' id='word_1_96' title='bbox 1176 3255 1321 3299; x_wconf 80' lang='lat' dir='ltr'>cum</span> <span class='ocrx_word' id='word_1_97' title='bbox 1404 3243 1715 3315; x_wconf 78' lang='lat' dir='ltr'>oporteat,</span> <span class='ocrx_word' id='word_1_98' title='bbox 1761 3245 1888 3302; x_wconf 90' lang='lat' dir='ltr'>etc.</span> <span class='ocrx_word' id='word_1_99' title='bbox 1936 3238 2037 3301; x_wconf 88' lang='lat' dir='ltr'>Ad</span> 
     </span>
     <span class='ocr_line' id='line_1_25' title="bbox 482 3354 2030 3433; baseline 0.001 -17"><span class='ocrx_word' id='word_1_100' title='bbox 482 3354 951 3432; x_wconf 88' lang='lat' dir='ltr'>baptizandum</span> <span class='ocrx_word' id='word_1_101' title='bbox 996 3359 1396 3417; x_wconf 85' lang='lat' dir='ltr'>concurrunt</span> <span class='ocrx_word' id='word_1_102' title='bbox 1434 3371 1515 3417; x_wconf 86' lang='lat' dir='ltr'>ex</span> <span class='ocrx_word' id='word_1_103' title='bbox 1575 3362 1757 3433; x_wconf 87' lang='lat' dir='ltr'>parte</span> <span class='ocrx_word' id='word_1_104' title='bbox 1802 3356 2030 3418; x_wconf 91' lang='lat' dir='ltr'>minis-</span> 
     </span>
     <span class='ocr_line' id='line_1_26' title="bbox 484 3471 2033 3551; baseline 0 -18"><span class='ocrx_word' id='word_1_105' title='bbox 484 3473 563 3533; x_wconf 89' lang='lat' dir='ltr'>tri</span> <span class='ocrx_word' id='word_1_106' title='bbox 594 3475 779 3532; x_wconf 90' lang='lat' dir='ltr'>actus</span> <span class='ocrx_word' id='word_1_107' title='bbox 813 3471 1231 3548; x_wconf 83' lang='lat' dir='ltr'>baptismalis,</span> <span class='ocrx_word' id='word_1_108' title='bbox 1267 3471 1347 3533; x_wconf 89' lang='lat' dir='ltr'>ab</span> <span class='ocrx_word' id='word_1_109' title='bbox 1380 3472 1485 3533; x_wconf 92' lang='lat' dir='ltr'>illo</span> <span class='ocrx_word' id='word_1_110' title='bbox 1539 3472 1865 3534; x_wconf 85' lang='lat' dir='ltr'>exercitus</span> <span class='ocrx_word' id='word_1_111' title='bbox 1911 3489 2033 3551; x_wconf 91' lang='lat' dir='ltr'>per</span> 
     </span>
     <span class='ocr_line' id='line_1_27' title="bbox 479 3588 2031 3666; baseline 0.001 -18"><span class='ocrx_word' id='word_1_112' title='bbox 479 3590 844 3665; x_wconf 86' lang='lat' dir='ltr'>potentiam</span> <span class='ocrx_word' id='word_1_113' title='bbox 919 3589 1270 3664; x_wconf 85' lang='lat' dir='ltr'>motivam,</span> <span class='ocrx_word' id='word_1_114' title='bbox 1346 3589 1622 3666; x_wconf 87' lang='lat' dir='ltr'>prolatio</span> <span class='ocrx_word' id='word_1_115' title='bbox 1702 3588 2031 3650; x_wconf 88' lang='lat' dir='ltr'>sensibilis</span> 
     </span>
     <span class='ocr_line' id='line_1_28' title="bbox 476 3703 2027 3783; baseline 0 -18"><span class='ocrx_word' id='word_1_116' title='bbox 476 3703 702 3767; x_wconf 77' lang='lat' dir='ltr'>formae</span> <span class='ocrx_word' id='word_1_117' title='bbox 720 3722 842 3782; x_wconf 88' lang='lat' dir='ltr'>per</span> <span class='ocrx_word' id='word_1_118' title='bbox 883 3705 1084 3768; x_wconf 85' lang='lat' dir='ltr'>verba</span> <span class='ocrx_word' id='word_1_119' title='bbox 1112 3704 1412 3778; x_wconf 86' lang='lat' dir='ltr'>formata,</span> <span class='ocrx_word' id='word_1_120' title='bbox 1448 3711 1514 3766; x_wconf 91' lang='lat' dir='ltr'>et</span> <span class='ocrx_word' id='word_1_121' title='bbox 1554 3707 1855 3780; x_wconf 90' lang='lat' dir='ltr'>intentio;</span> <span class='ocrx_word' id='word_1_122' title='bbox 1917 3709 2027 3783; x_wconf 89' lang='lat' dir='ltr'>qui</span> 
     </span>
     <span class='ocr_line' id='line_1_29' title="bbox 132 3823 2032 3911; baseline 0 -27"><span class='ocrx_word' id='word_1_123' title='bbox 132 3848 445 3911; x_wconf 60' lang='lat' dir='ltr'>lmpotentes</span> <span class='ocrx_word' id='word_1_124' title='bbox 478 3823 696 3902; x_wconf 88' lang='lat' dir='ltr'>aliquo</span> <span class='ocrx_word' id='word_1_125' title='bbox 766 3824 1003 3885; x_wconf 89' lang='lat' dir='ltr'>horum</span> <span class='ocrx_word' id='word_1_126' title='bbox 1069 3828 1268 3895; x_wconf 90' lang='lat' dir='ltr'>caret,</span> <span class='ocrx_word' id='word_1_127' title='bbox 1343 3838 1476 3883; x_wconf 91' lang='lat' dir='ltr'>non</span> <span class='ocrx_word' id='word_1_128' title='bbox 1534 3827 1751 3901; x_wconf 88' lang='lat' dir='ltr'>potest</span> <span class='ocrx_word' id='word_1_129' title='bbox 1815 3824 2032 3885; x_wconf 89' lang='lat' dir='ltr'>minis-</span> 
     </span>
    </p>
   </div>
   <div class='ocr_carea' id='block_1_6' title="bbox 147 3913 2030 4520">
    <p class='ocr_par' dir='ltr' id='par_1_9' title="bbox 147 3913 2030 4520">
     <span class='ocr_line' id='line_1_30' title="bbox 158 3913 2027 4027; baseline -0.001 -25"><span class='ocrx_word' id='word_1_130' title='bbox 158 3913 421 4027; x_wconf 48' lang='lat' dir='ltr'>asffessfflrssjs</span> <span class='ocrx_word' id='word_1_131' title='bbox 478 3945 648 4002; x_wconf 88' lang='lat' dir='ltr'>trare</span> <span class='ocrx_word' id='word_1_132' title='bbox 720 3940 1255 4012; x_wconf 80' lang='lat' dir='ltr'>Sacramentum;</span> <span class='ocrx_word' id='word_1_133' title='bbox 1333 3937 1776 4000; x_wconf 81' lang='lat' dir='ltr'>excluduntur</span> <span class='ocrx_word' id='word_1_134' title='bbox 1865 3955 2027 4019; x_wconf 86' lang='lat' dir='ltr'>ergo</span> 
     </span>
     <span class='ocr_line' id='line_1_31' title="bbox 481 4055 2030 4135; baseline -0.003 -17"><span class='ocrx_word' id='word_1_135' title='bbox 481 4058 592 4135; x_wconf 91' lang='lat' dir='ltr'>qui</span> <span class='ocrx_word' id='word_1_136' title='bbox 634 4072 829 4118; x_wconf 90' lang='lat' dir='ltr'>usum</span> <span class='ocrx_word' id='word_1_137' title='bbox 902 4056 1341 4119; x_wconf 82' lang='lat' dir='ltr'>membrorum</span> <span class='ocrx_word' id='word_1_138' title='bbox 1407 4072 1536 4117; x_wconf 89' lang='lat' dir='ltr'>non</span> <span class='ocrx_word' id='word_1_139' title='bbox 1621 4055 1893 4129; x_wconf 87' lang='lat' dir='ltr'>habent,</span> <span class='ocrx_word' id='word_1_140' title='bbox 1962 4059 2030 4117; x_wconf 88' lang='lat' dir='ltr'>et</span> 
     </span>
     <span class='ocr_line' id='line_1_32' title="bbox 479 4171 2024 4247; baseline -0.003 -12"><span class='ocrx_word' id='word_1_141' title='bbox 479 4175 639 4236; x_wconf 88' lang='lat' dir='ltr'>muti</span> <span class='ocrx_word' id='word_1_142' title='bbox 712 4178 778 4235; x_wconf 90' lang='lat' dir='ltr'>et</span> <span class='ocrx_word' id='word_1_143' title='bbox 834 4177 1133 4234; x_wconf 83' lang='lat' dir='ltr'>amentes</span> <span class='ocrx_word' id='word_1_144' title='bbox 1189 4187 1310 4233; x_wconf 92' lang='lat' dir='ltr'>seu</span> <span class='ocrx_word' id='word_1_145' title='bbox 1378 4172 1645 4233; x_wconf 91' lang='lat' dir='ltr'>rationis</span> <span class='ocrx_word' id='word_1_146' title='bbox 1714 4171 2024 4247; x_wconf 84' lang='lat' dir='ltr'>impoteS,</span> 
     </span>
     <span class='ocr_line' id='line_1_33' title="bbox 477 4290 2022 4375; baseline -0.004 -19"><span class='ocrx_word' id='word_1_147' title='bbox 477 4297 588 4375; x_wconf 91' lang='lat' dir='ltr'>qui</span> <span class='ocrx_word' id='word_1_148' title='bbox 621 4298 964 4370; x_wconf 88' lang='lat' dir='ltr'>nequeunt</span> <span class='ocrx_word' id='word_1_149' title='bbox 1006 4308 1319 4354; x_wconf 85' lang='lat' dir='ltr'>exercere</span> <span class='ocrx_word' id='word_1_150' title='bbox 1370 4297 1586 4353; x_wconf 87' lang='lat' dir='ltr'>actum</span> <span class='ocrx_word' id='word_1_151' title='bbox 1637 4290 2022 4353; x_wconf 89' lang='lat' dir='ltr'>humanum.</span> 
     </span>
     <span class='ocr_line' id='line_1_34' title="bbox 147 4411 2020 4520; baseline -0.003 -46"><span class='ocrx_word' id='word_1_152' title='bbox 147 4467 429 4520; x_wconf 81' lang='lat' dir='ltr'>Conclusio.</span> <span class='ocrx_word' id='word_1_153' title='bbox 478 4411 824 4473; x_wconf 82' lang='lat' dir='ltr'>Concludit</span> <span class='ocrx_word' id='word_1_154' title='bbox 854 4411 1104 4473; x_wconf 89' lang='lat' dir='ltr'>nullum</span> <span class='ocrx_word' id='word_1_155' title='bbox 1153 4412 1569 4489; x_wconf 90' lang='lat' dir='ltr'>suppositum</span> <span class='ocrx_word' id='word_1_156' title='bbox 1619 4413 1871 4470; x_wconf 82' lang='lat' dir='ltr'>naturae</span> <span class='ocrx_word' id='word_1_157' title='bbox 1925 4412 2020 4470; x_wconf 90' lang='lat' dir='ltr'>in-</span> 
     </span>
    </p>
   </div>
   <div class='ocr_carea' id='block_1_7' title="bbox 464 4525 2026 5656">
    <p class='ocr_par' dir='ltr' id='par_1_10' title="bbox 464 4525 2026 5656">
     <span class='ocr_line' id='line_1_35' title="bbox 478 4525 2025 4607; baseline -0.002 -16"><span class='ocrx_word' id='word_1_158' title='bbox 478 4528 869 4591; x_wconf 87' lang='lat' dir='ltr'>tellectualis</span> <span class='ocrx_word' id='word_1_159' title='bbox 898 4528 1280 4607; x_wconf 90' lang='lat' dir='ltr'>simpliciter</span> <span class='ocrx_word' id='word_1_160' title='bbox 1316 4525 1577 4590; x_wconf 86' lang='lat' dir='ltr'>excludi</span> <span class='ocrx_word' id='word_1_161' title='bbox 1620 4544 1655 4588; x_wconf 87' lang='lat' dir='ltr'>a</span> <span class='ocrx_word' id='word_1_162' title='bbox 1696 4530 2025 4604; x_wconf 74' lang='lat' dir='ltr'>potestate</span> 
     </span>
     <span class='ocr_line' id='line_1_36' title="bbox 471 4642 2026 4725; baseline -0.005 -17"><span class='ocrx_word' id='word_1_163' title='bbox 471 4644 870 4725; x_wconf 88' lang='lat' dir='ltr'>baptizandi,</span> <span class='ocrx_word' id='word_1_164' title='bbox 916 4645 1042 4705; x_wconf 89' lang='lat' dir='ltr'>nisi</span> <span class='ocrx_word' id='word_1_165' title='bbox 1073 4660 1155 4705; x_wconf 82' lang='lat' dir='ltr'>ex</span> <span class='ocrx_word' id='word_1_166' title='bbox 1210 4643 1428 4722; x_wconf 89' lang='lat' dir='ltr'>aliquo</span> <span class='ocrx_word' id='word_1_167' title='bbox 1479 4642 1851 4720; x_wconf 83' lang='lat' dir='ltr'>particulari</span> <span class='ocrx_word' id='word_1_168' title='bbox 1900 4642 2026 4702; x_wconf 91' lang='lat' dir='ltr'>ho-</span> 
     </span>
     <span class='ocr_line' id='line_1_37' title="bbox 470 4754 2019 4835; baseline -0.003 -13"><span class='ocrx_word' id='word_1_169' title='bbox 470 4779 642 4834; x_wconf 90' lang='lat' dir='ltr'>rum,</span> <span class='ocrx_word' id='word_1_170' title='bbox 676 4764 789 4821; x_wconf 89' lang='lat' dir='ltr'>aut</span> <span class='ocrx_word' id='word_1_171' title='bbox 859 4759 1176 4820; x_wconf 89' lang='lat' dir='ltr'>omnium.</span> <span class='ocrx_word' id='word_1_172' title='bbox 1223 4759 1298 4819; x_wconf 89' lang='lat' dir='ltr'>Et</span> <span class='ocrx_word' id='word_1_173' title='bbox 1342 4757 1633 4835; x_wconf 87' lang='lat' dir='ltr'>loquitur</span> <span class='ocrx_word' id='word_1_174' title='bbox 1691 4754 1775 4817; x_wconf 92' lang='lat' dir='ltr'>de</span> <span class='ocrx_word' id='word_1_175' title='bbox 1832 4760 2019 4833; x_wconf 88' lang='lat' dir='ltr'>pote-</span> 
     </span>
     <span class='ocr_line' id='line_1_38' title="bbox 466 4872 2024 4957; baseline -0.004 -15"><span class='ocrx_word' id='word_1_176' title='bbox 466 4884 637 4942; x_wconf 86' lang='lat' dir='ltr'>state</span> <span class='ocrx_word' id='word_1_177' title='bbox 683 4882 1014 4957; x_wconf 88' lang='lat' dir='ltr'>quantum</span> <span class='ocrx_word' id='word_1_178' title='bbox 1043 4874 1125 4937; x_wconf 90' lang='lat' dir='ltr'>ad</span> <span class='ocrx_word' id='word_1_179' title='bbox 1174 4877 1608 4953; x_wconf 86' lang='lat' dir='ltr'>capacitatem</span> <span class='ocrx_word' id='word_1_180' title='bbox 1667 4872 2024 4935; x_wconf 85' lang='lat' dir='ltr'>exercendi</span> 
     </span>
     <span class='ocr_line' id='line_1_39' title="bbox 465 4988 2020 5071; baseline -0.003 -15"><span class='ocrx_word' id='word_1_181' title='bbox 465 5003 649 5057; x_wconf 85' lang='lat' dir='ltr'>actus</span> <span class='ocrx_word' id='word_1_182' title='bbox 708 4993 1152 5071; x_wconf 79' lang='lat' dir='ltr'>baptismaleS,</span> <span class='ocrx_word' id='word_1_183' title='bbox 1214 5006 1348 5052; x_wconf 90' lang='lat' dir='ltr'>non</span> <span class='ocrx_word' id='word_1_184' title='bbox 1413 4996 1632 5053; x_wconf 89' lang='lat' dir='ltr'>autem</span> <span class='ocrx_word' id='word_1_185' title='bbox 1691 4988 1775 5051; x_wconf 90' lang='lat' dir='ltr'>de</span> <span class='ocrx_word' id='word_1_186' title='bbox 1830 4996 2020 5067; x_wconf 90' lang='lat' dir='ltr'>pote-</span> 
     </span>
     <span class='ocr_line' id='line_1_40' title="bbox 464 5105 2020 5175; baseline -0.003 -2"><span class='ocrx_word' id='word_1_187' title='bbox 464 5117 634 5175; x_wconf 84' lang='lat' dir='ltr'>state</span> <span class='ocrx_word' id='word_1_188' title='bbox 682 5109 1009 5173; x_wconf 84' lang='lat' dir='ltr'>ordinaria</span> <span class='ocrx_word' id='word_1_189' title='bbox 1064 5125 1146 5170; x_wconf 87' lang='lat' dir='ltr'>ex</span> <span class='ocrx_word' id='word_1_190' title='bbox 1196 5109 1603 5170; x_wconf 88' lang='lat' dir='ltr'>institutione</span> <span class='ocrx_word' id='word_1_191' title='bbox 1658 5105 1872 5168; x_wconf 90' lang='lat' dir='ltr'>divina</span> <span class='ocrx_word' id='word_1_192' title='bbox 1919 5122 2020 5168; x_wconf 90' lang='lat' dir='ltr'>se·</span> 
     </span>
     <span class='ocr_line' id='line_1_41' title="bbox 469 5223 2019 5305; baseline -0.005 -14"><span class='ocrx_word' id='word_1_193' title='bbox 469 5226 758 5292; x_wconf 89' lang='lat' dir='ltr'>cundum</span> <span class='ocrx_word' id='word_1_194' title='bbox 791 5230 1057 5305; x_wconf 79' lang='lat' dir='ltr'>legem3</span> <span class='ocrx_word' id='word_1_195' title='bbox 1107 5226 1212 5286; x_wconf 88' lang='lat' dir='ltr'>vel</span> <span class='ocrx_word' id='word_1_196' title='bbox 1263 5225 1315 5286; x_wconf 93' lang='lat' dir='ltr'>si</span> <span class='ocrx_word' id='word_1_197' title='bbox 1357 5226 1527 5286; x_wconf 87' lang='lat' dir='ltr'>hanc</span> <span class='ocrx_word' id='word_1_198' title='bbox 1585 5223 2019 5303; x_wconf 86' lang='lat' dir='ltr'>comprehen-</span> 
     </span>
     <span class='ocr_line' id='line_1_42' title="bbox 467 5313 2013 5419; baseline -0.005 -13"><span class='ocrx_word' id='word_1_199' title='bbox 467 5343 609 5417; x_wconf 81' lang='lat' dir='ltr'>das,</span> <span class='ocrx_word' id='word_1_200' title='bbox 654 5342 931 5419; x_wconf 85' lang='lat' dir='ltr'>intelligi</span> <span class='ocrx_word' id='word_1_201' title='bbox 964 5340 1186 5414; x_wconf 87' lang='lat' dir='ltr'>debet,</span> <span class='ocrx_word' id='word_1_202' title='bbox 1222 5346 1292 5401; x_wconf 89' lang='lat' dir='ltr'>ut</span> <span class='ocrx_word' id='word_1_203' title='bbox 1338 5313 1626 5401; x_wconf 82' lang='lat' dir='ltr'>includit</span> <span class='ocrx_word' id='word_1_204' title='bbox 1661 5339 2013 5402; x_wconf 90' lang='lat' dir='ltr'>auctorita·</span> 
     </span>
     <span class='ocr_line' id='line_1_43' title="bbox 468 5458 2019 5532; baseline -0.005 -10"><span class='ocrx_word' id='word_1_205' title='bbox 468 5465 601 5522; x_wconf 88' lang='lat' dir='ltr'>tem</span> <span class='ocrx_word' id='word_1_206' title='bbox 687 5464 754 5518; x_wconf 90' lang='lat' dir='ltr'>et</span> <span class='ocrx_word' id='word_1_207' title='bbox 838 5458 1315 5518; x_wconf 86' lang='lat' dir='ltr'>institutionem</span> <span class='ocrx_word' id='word_1_208' title='bbox 1376 5469 1815 5530; x_wconf 89' lang='lat' dir='ltr'>communem,</span> <span class='ocrx_word' id='word_1_209' title='bbox 1879 5470 2019 5532; x_wconf 81' lang='lat' dir='ltr'>quae</span> 
     </span>
     <span class='ocr_line' id='line_1_44' title="bbox 473 5574 2021 5656; baseline -0.006 -16"><span class='ocrx_word' id='word_1_210' title='bbox 473 5577 799 5656; x_wconf 66' lang='lat' dir='ltr'>competit</span> <span class='ocrx_word' id='word_1_211' title='bbox 845 5574 1089 5637; x_wconf 83' lang='lat' dir='ltr'>homini</span> <span class='ocrx_word' id='word_1_212' title='bbox 1117 5574 1341 5635; x_wconf 87' lang='lat' dir='ltr'>viatori</span> <span class='ocrx_word' id='word_1_213' title='bbox 1376 5578 1649 5647; x_wconf 88' lang='lat' dir='ltr'>tantum,</span> <span class='ocrx_word' id='word_1_214' title='bbox 1697 5576 1764 5633; x_wconf 89' lang='lat' dir='ltr'>et</span> <span class='ocrx_word' id='word_1_215' title='bbox 1808 5574 2021 5633; x_wconf 85' lang='lat' dir='ltr'>extra·</span> 
     </span>
    </p>
   </div>
   <div class='ocr_carea' id='block_1_8' title="bbox 1662 397 2584 463">
    <p class='ocr_par' dir='ltr' id='par_1_11' title="bbox 1662 397 2584 463">
     <span class='ocr_line' id='line_1_45' title="bbox 1662 397 2584 463; baseline 0.003 -6"><span class='ocrx_word' id='word_1_216' title='bbox 1662 399 1805 458; x_wconf 69' lang='grc' dir='ltr'>[ΑΒ.</span> <span class='ocrx_word' id='word_1_217' title='bbox 1841 399 1942 460; x_wconf 86' lang='lat' dir='ltr'>lV.</span> <span class='ocrx_word' id='word_1_218' title='bbox 1988 397 2584 463; x_wconf 77' lang='lat' dir='ltr'><strong>SENTENTIARUM</strong></span> 
     </span>
    </p>
   </div>
   <div class='ocr_carea' id='block_1_9' title="bbox 2147 559 4009 2735">
    <p class='ocr_par' dir='ltr' id='par_1_12' title="bbox 2160 559 3710 1459">
     <span class='ocr_line' id='line_1_46' title="bbox 2168 559 3709 643; baseline 0.003 -23"><span class='ocrx_word' id='word_1_219' title='bbox 2168 559 2562 623; x_wconf 87' lang='lat' dir='ltr'>ordinariam</span> <span class='ocrx_word' id='word_1_220' title='bbox 2597 578 2717 624; x_wconf 87' lang='lat' dir='ltr'>seu</span> <span class='ocrx_word' id='word_1_221' title='bbox 2763 564 3144 641; x_wconf 85' lang='lat' dir='ltr'>specialem,</span> <span class='ocrx_word' id='word_1_222' title='bbox 3199 580 3342 643; x_wconf 83' lang='lat' dir='ltr'>quae</span> <span class='ocrx_word' id='word_1_223' title='bbox 3391 563 3709 625; x_wconf 86' lang='lat' dir='ltr'>committi</span> 
     </span>
     <span class='ocr_line' id='line_1_47' title="bbox 2165 680 3710 759; baseline 0.003 -21"><span class='ocrx_word' id='word_1_224' title='bbox 2165 680 2383 754; x_wconf 86' lang='lat' dir='ltr'>potest</span> <span class='ocrx_word' id='word_1_225' title='bbox 2408 681 2663 759; x_wconf 86' lang='lat' dir='ltr'>Angelo</span> <span class='ocrx_word' id='word_1_226' title='bbox 2704 681 2879 742; x_wconf 88' lang='lat' dir='ltr'>bono</span> <span class='ocrx_word' id='word_1_227' title='bbox 2911 687 3023 742; x_wconf 84' lang='lat' dir='ltr'>aut</span> <span class='ocrx_word' id='word_1_228' title='bbox 3071 681 3265 741; x_wconf 89' lang='lat' dir='ltr'>malo.</span> <span class='ocrx_word' id='word_1_229' title='bbox 3314 682 3496 743; x_wconf 87' lang='lat' dir='ltr'>Ratio</span> <span class='ocrx_word' id='word_1_230' title='bbox 3545 696 3710 759; x_wconf 81' lang='lat' dir='ltr'>prae·</span> 
     </span>
     <span class='ocr_line' id='line_1_48' title="bbox 2163 792 3706 872; baseline 0.004 -22"><span class='ocrx_word' id='word_1_231' title='bbox 2163 792 2509 854; x_wconf 87' lang='lat' dir='ltr'>missorum</span> <span class='ocrx_word' id='word_1_232' title='bbox 2569 810 2649 855; x_wconf 86' lang='lat' dir='ltr'>ex</span> <span class='ocrx_word' id='word_1_233' title='bbox 2707 795 2864 855; x_wconf 85' lang='lat' dir='ltr'>alias</span> <span class='ocrx_word' id='word_1_234' title='bbox 2924 794 3111 857; x_wconf 89' lang='lat' dir='ltr'>dictis</span> <span class='ocrx_word' id='word_1_235' title='bbox 3151 794 3358 857; x_wconf 88' lang='lat' dir='ltr'>fusius</span> <span class='ocrx_word' id='word_1_236' title='bbox 3402 796 3706 872; x_wconf 89' lang='lat' dir='ltr'>habetur,</span> 
     </span>
     <span class='ocr_line' id='line_1_49' title="bbox 2165 910 3709 991; baseline 0.004 -23"><span class='ocrx_word' id='word_1_237' title='bbox 2165 914 2481 986; x_wconf 89' lang='lat' dir='ltr'>quantum</span> <span class='ocrx_word' id='word_1_238' title='bbox 2541 910 2625 972; x_wconf 90' lang='lat' dir='ltr'>ad</span> <span class='ocrx_word' id='word_1_239' title='bbox 2684 927 2762 972; x_wconf 86' lang='lat' dir='ltr'>ea</span> <span class='ocrx_word' id='word_1_240' title='bbox 2824 927 2972 991; x_wconf 84' lang='lat' dir='ltr'>quae</span> <span class='ocrx_word' id='word_1_241' title='bbox 3018 914 3391 974; x_wconf 86' lang='lat' dir='ltr'>necessaria</span> <span class='ocrx_word' id='word_1_242' title='bbox 3421 917 3573 974; x_wconf 84' lang='lat' dir='ltr'>sunt</span> <span class='ocrx_word' id='word_1_243' title='bbox 3627 929 3709 974; x_wconf 81' lang='lat' dir='ltr'>ex</span> 
     </span>
     <span class='ocr_line' id='line_1_50' title="bbox 2165 1027 3710 1106; baseline 0.005 -20"><span class='ocrx_word' id='word_1_244' title='bbox 2165 1032 2348 1101; x_wconf 88' lang='lat' dir='ltr'>parte</span> <span class='ocrx_word' id='word_1_245' title='bbox 2403 1027 2677 1088; x_wconf 89' lang='lat' dir='ltr'>ministri</span> <span class='ocrx_word' id='word_1_246' title='bbox 2734 1030 3110 1106; x_wconf 86' lang='lat' dir='ltr'>respective</span> <span class='ocrx_word' id='word_1_247' title='bbox 3171 1030 3255 1091; x_wconf 89' lang='lat' dir='ltr'>ad</span> <span class='ocrx_word' id='word_1_248' title='bbox 3311 1029 3587 1092; x_wconf 84' lang='lat' dir='ltr'>formam</span> <span class='ocrx_word' id='word_1_249' title='bbox 3645 1037 3710 1093; x_wconf 81' lang='lat' dir='ltr'>et</span> 
     </span>
     <span class='ocr_line' id='line_1_51' title="bbox 2163 1136 3708 1227; baseline 0.005 -25"><span class='ocrx_word' id='word_1_250' title='bbox 2163 1144 2503 1205; x_wconf 89' lang='lat' dir='ltr'>materiam</span> <span class='ocrx_word' id='word_1_251' title='bbox 2596 1136 3041 1222; x_wconf 81' lang='lat' dir='ltr'>Sacramenti3</span> <span class='ocrx_word' id='word_1_252' title='bbox 3135 1148 3356 1227; x_wconf 90' lang='lat' dir='ltr'>quoad</span> <span class='ocrx_word' id='word_1_253' title='bbox 3439 1149 3708 1210; x_wconf 90' lang='lat' dir='ltr'>intenti-</span> 
     </span>
     <span class='ocr_line' id='line_1_52' title="bbox 2164 1260 3704 1342; baseline 0.004 -25"><span class='ocrx_word' id='word_1_254' title='bbox 2164 1274 2382 1332; x_wconf 91' lang='lat' dir='ltr'>onem,</span> <span class='ocrx_word' id='word_1_255' title='bbox 2431 1260 2687 1329; x_wconf 79' lang='lat' dir='ltr'>dicetnr</span> <span class='ocrx_word' id='word_1_256' title='bbox 2734 1270 2949 1339; x_wconf 75' lang='lat' dir='ltr'>quaest.</span> <span class='ocrx_word' id='word_1_257' title='bbox 2997 1265 3054 1324; x_wconf 89' lang='lat'>5.</span> <span class='ocrx_word' id='word_1_258' title='bbox 3106 1271 3424 1342; x_wconf 86' lang='lat' dir='ltr'>quantum</span> <span class='ocrx_word' id='word_1_259' title='bbox 3474 1263 3557 1325; x_wconf 89' lang='lat' dir='ltr'>ad</span> <span class='ocrx_word' id='word_1_260' title='bbox 3600 1279 3704 1324; x_wconf 87' lang='lat' dir='ltr'>re-</span> 
     </span>
     <span class='ocr_line' id='line_1_53' title="bbox 2160 1375 3364 1459; baseline 0.006 -24"><span class='ocrx_word' id='word_1_261' title='bbox 2160 1375 2337 1452; x_wconf 89' lang='lat' dir='ltr'>liqua</span> <span class='ocrx_word' id='word_1_262' title='bbox 2368 1378 2616 1454; x_wconf 84' lang='lat' dir='ltr'>patebit</span> <span class='ocrx_word' id='word_1_263' title='bbox 2659 1394 2743 1440; x_wconf 83' lang='lat' dir='ltr'>ex</span> <span class='ocrx_word' id='word_1_264' title='bbox 2784 1380 3240 1459; x_wconf 86' lang='lat' dir='ltr'>sequentibus.</span> <span class='ocrx_word' id='word_1_265' title='bbox 3355 1450 3364 1454; x_wconf 54' lang='grc'><em>,</em></span> 
     </span>
    </p>

    <p class='ocr_par' dir='ltr' id='par_1_13' title="bbox 2147 1490 4009 2735">
     <span class='ocr_line' id='line_1_54' title="bbox 2240 1490 3705 1571; baseline 0.002 -19"><span class='ocrx_word' id='word_1_266' title='bbox 2240 1490 2332 1571; x_wconf 91' lang='lat' dir='ltr'>(b)</span> <span class='ocrx_word' id='word_1_267' title='bbox 2366 1496 2529 1553; x_wconf 81' lang='lat' dir='ltr'>Cum</span> <span class='ocrx_word' id='word_1_268' title='bbox 2559 1509 2711 1571; x_wconf 68' lang='lat' dir='ltr'>erqo</span> <span class='ocrx_word' id='word_1_269' title='bbox 2749 1511 2876 1556; x_wconf 82' lang='lat' dir='ltr'>non</span> <span class='ocrx_word' id='word_1_270' title='bbox 2902 1497 3280 1557; x_wconf 74' lang='lat' dir='ltr'>Sacerdotes</span> <span class='ocrx_word' id='word_1_271' title='bbox 3323 1495 3534 1569; x_wconf 77' lang='lat' dir='ltr'>multi,</span> <span class='ocrx_word' id='word_1_272' title='bbox 3580 1501 3705 1557; x_wconf 87' lang='lat' dir='ltr'>etc.</span> 
     </span>
     <span class='ocr_line' id='line_1_55' title="bbox 2162 1605 3707 1686; baseline 0.005 -23"><span class='ocrx_word' id='word_1_273' title='bbox 2162 1605 2367 1665; x_wconf 88' lang='lat' dir='ltr'>Docet</span> <span class='ocrx_word' id='word_1_274' title='bbox 2391 1622 2506 1668; x_wconf 88' lang='lat' dir='ltr'>eos</span> <span class='ocrx_word' id='word_1_275' title='bbox 2551 1607 2661 1685; x_wconf 89' lang='lat' dir='ltr'>qui</span> <span class='ocrx_word' id='word_1_276' title='bbox 2706 1623 2838 1670; x_wconf 90' lang='lat' dir='ltr'>non</span> <span class='ocrx_word' id='word_1_277' title='bbox 2884 1613 3039 1669; x_wconf 89' lang='lat' dir='ltr'>sunt</span> <span class='ocrx_word' id='word_1_278' title='bbox 3068 1608 3464 1671; x_wconf 88' lang='lat' dir='ltr'>Sacerdotes</span> <span class='ocrx_word' id='word_1_279' title='bbox 3508 1624 3707 1686; x_wconf 90' lang='lat' dir='ltr'>posse</span> 
     </span>
     <span class='ocr_line' id='line_1_56' title="bbox 2161 1721 3701 1802; baseline 0.004 -22"><span class='ocrx_word' id='word_1_280' title='bbox 2161 1721 2524 1784; x_wconf 87' lang='lat' dir='ltr'>ministrare</span> <span class='ocrx_word' id='word_1_281' title='bbox 2555 1726 3052 1786; x_wconf 86' lang='lat' dir='ltr'>Sacramentum</span> <span class='ocrx_word' id='word_1_282' title='bbox 3097 1726 3409 1802; x_wconf 88' lang='lat' dir='ltr'>Baptismi</span> <span class='ocrx_word' id='word_1_283' title='bbox 3447 1723 3701 1799; x_wconf 89' lang='lat' dir='ltr'>valide;</span> 
     </span>
     <span class='ocr_line' id='line_1_57' title="bbox 2157 1837 3707 1922; baseline 0.003 -24"><span class='ocrx_word' id='word_1_284' title='bbox 2157 1837 2500 1918; x_wconf 85' lang='lat' dir='ltr'>subjungit</span> <span class='ocrx_word' id='word_1_285' title='bbox 2581 1845 2810 1918; x_wconf 90' lang='lat' dir='ltr'>postea</span> <span class='ocrx_word' id='word_1_286' title='bbox 2885 1842 3499 1919; x_wconf 87' lang='lat' dir='ltr'>interpretationem</span> <span class='ocrx_word' id='word_1_287' title='bbox 3564 1842 3707 1922; x_wconf 83' lang='lat' dir='ltr'>ejus</span> 
     </span>
     <span class='ocr_line' id='line_1_58' title="bbox 2159 1951 3709 2033; baseline 0.004 -21"><span class='ocrx_word' id='word_1_288' title='bbox 2159 1951 2339 2029; x_wconf 89' lang='lat' dir='ltr'>quod</span> <span class='ocrx_word' id='word_1_289' title='bbox 2399 1953 2607 2018; x_wconf 84' lang='lat' dir='ltr'>dixit:</span> <span class='ocrx_word' id='word_1_290' title='bbox 2661 1957 2826 2018; x_wconf 75' lang='lat' dir='ltr'>Dixi</span> <span class='ocrx_word' id='word_1_291' title='bbox 2891 1963 3107 2018; x_wconf 82' lang='lat' dir='ltr'>autem</span> <span class='ocrx_word' id='word_1_292' title='bbox 3149 1960 3564 2033; x_wconf 69' lang='lat' dir='ltr'>yeneraliter,</span> <span class='ocrx_word' id='word_1_293' title='bbox 3613 1957 3709 2018; x_wconf 89' lang='lat' dir='ltr'>in·</span> 
     </span>
     <span class='ocr_line' id='line_1_59' title="bbox 2158 2068 3702 2148; baseline 0.004 -20"><span class='ocrx_word' id='word_1_294' title='bbox 2158 2068 2322 2145; x_wconf 88' lang='lat' dir='ltr'>quit,</span> <span class='ocrx_word' id='word_1_295' title='bbox 2398 2075 2802 2148; x_wconf 74' lang='lat' dir='ltr'>suppositum</span> <span class='ocrx_word' id='word_1_296' title='bbox 2892 2081 3144 2135; x_wconf 66' lang='lat' dir='ltr'>naturae</span> <span class='ocrx_word' id='word_1_297' title='bbox 3225 2073 3702 2147; x_wconf 77' lang='lat' dir='ltr'>intellectualis,</span> 
     </span>
     <span class='ocr_line' id='line_1_60' title="bbox 2159 2188 3700 2267; baseline 0.003 -21"><span class='ocrx_word' id='word_1_298' title='bbox 2159 2189 2284 2246; x_wconf 90' lang='lat' dir='ltr'>etc.</span> <span class='ocrx_word' id='word_1_299' title='bbox 2345 2188 2607 2265; x_wconf 85' lang='lat' dir='ltr'>supple,</span> <span class='ocrx_word' id='word_1_300' title='bbox 2662 2204 2855 2267; x_wconf 87' lang='lat' dir='ltr'>posse</span> <span class='ocrx_word' id='word_1_301' title='bbox 2902 2189 3271 2252; x_wconf 87' lang='lat' dir='ltr'>ministrare</span> <span class='ocrx_word' id='word_1_302' title='bbox 3318 2190 3700 2252; x_wconf 87' lang='lat' dir='ltr'>Sacramen-</span> 
     </span>
     <span class='ocr_line' id='line_1_61' title="bbox 2158 2305 3708 2384; baseline 0.005 -23"><span class='ocrx_word' id='word_1_303' title='bbox 2158 2307 2293 2364; x_wconf 89' lang='lat' dir='ltr'>tum</span> <span class='ocrx_word' id='word_1_304' title='bbox 2340 2305 2669 2382; x_wconf 90' lang='lat' dir='ltr'>Baptismi,</span> <span class='ocrx_word' id='word_1_305' title='bbox 2731 2323 2974 2384; x_wconf 89' lang='lat' dir='ltr'>nempe</span> <span class='ocrx_word' id='word_1_306' title='bbox 3019 2307 3103 2369; x_wconf 89' lang='lat' dir='ltr'>de</span> <span class='ocrx_word' id='word_1_307' title='bbox 3163 2310 3592 2370; x_wconf 89' lang='lat' dir='ltr'>concessione</span> <span class='ocrx_word' id='word_1_308' title='bbox 3640 2313 3708 2368; x_wconf 90' lang='lat' dir='ltr'>et</span> 
     </span>
     <span class='ocr_line' id='line_1_62' title="bbox 2151 2422 3697 2504; baseline 0.006 -25"><span class='ocrx_word' id='word_1_309' title='bbox 2151 2426 2476 2497; x_wconf 84' lang='lat' dir='ltr'>praecepto</span> <span class='ocrx_word' id='word_1_310' title='bbox 2508 2422 2778 2498; x_wconf 88' lang='lat' dir='ltr'>speciali</span> <span class='ocrx_word' id='word_1_311' title='bbox 2809 2426 2965 2499; x_wconf 88' lang='lat' dir='ltr'>Dei;</span> <span class='ocrx_word' id='word_1_312' title='bbox 3000 2423 3181 2503; x_wconf 87' lang='lat' dir='ltr'>quod</span> <span class='ocrx_word' id='word_1_313' title='bbox 3227 2426 3517 2488; x_wconf 88' lang='lat' dir='ltr'>ostendit</span> <span class='ocrx_word' id='word_1_314' title='bbox 3570 2429 3697 2504; x_wconf 92' lang='lat' dir='ltr'>pri-</span> 
     </span>
     <span class='ocr_line' id='line_1_63' title="bbox 2147 2535 3932 2632; baseline 0.008 -39"><span class='ocrx_word' id='word_1_315' title='bbox 2147 2549 2325 2595; x_wconf 90' lang='lat' dir='ltr'>mum</span> <span class='ocrx_word' id='word_1_316' title='bbox 2359 2535 2439 2597; x_wconf 86' lang='lat' dir='ltr'>de</span> <span class='ocrx_word' id='word_1_317' title='bbox 2485 2538 2738 2617; x_wconf 84' lang='lat' dir='ltr'>Angelo</span> <span class='ocrx_word' id='word_1_318' title='bbox 2785 2541 2982 2613; x_wconf 88' lang='lat' dir='ltr'>bon0,</span> <span class='ocrx_word' id='word_1_319' title='bbox 3031 2539 3114 2602; x_wconf 90' lang='lat' dir='ltr'>de</span> <span class='ocrx_word' id='word_1_320' title='bbox 3167 2558 3294 2619; x_wconf 89' lang='lat' dir='ltr'>quo</span> <span class='ocrx_word' id='word_1_321' title='bbox 3343 2557 3474 2604; x_wconf 90' lang='lat' dir='ltr'>non</span> <span class='ocrx_word' id='word_1_322' title='bbox 3521 2548 3702 2605; x_wconf 86' lang='lat' dir='ltr'>esset</span> <span class='ocrx_word' id='word_1_323' title='bbox 3847 2584 3932 2632; x_wconf 84' lang='lat' dir='ltr'>An</span> 
     </span>
     <span class='ocr_line' id='line_1_64' title="bbox 2152 2645 4009 2735; baseline 0.006 -24"><span class='ocrx_word' id='word_1_324' title='bbox 2152 2649 2610 2726; x_wconf 86' lang='lat' dir='ltr'>dubitandum,</span> <span class='ocrx_word' id='word_1_325' title='bbox 2642 2653 2695 2715; x_wconf 89' lang='lat' dir='ltr'>si</span> <span class='ocrx_word' id='word_1_326' title='bbox 2723 2660 3052 2719; x_wconf 85' lang='lat' dir='ltr'>constaret</span> <span class='ocrx_word' id='word_1_327' title='bbox 3079 2658 3294 2735; x_wconf 89' lang='lat' dir='ltr'>ipsum</span> <span class='ocrx_word' id='word_1_328' title='bbox 3326 2659 3696 2721; x_wconf 86' lang='lat' dir='ltr'>ministrare</span> <span class='ocrx_word' id='word_1_329' title='bbox 3782 2645 4009 2709; x_wconf 61' lang='lat' dir='ltr'>A⁰g²¹²¹³</span> 
     </span>
    </p>
   </div>
   <div class='ocr_carea' id='block_1_10' title="bbox 2147 2705 4048 2962">
    <p class='ocr_par' dir='ltr' id='par_1_14' title="bbox 2147 2705 4048 2962">
     <span class='ocr_line' id='line_1_65' title="bbox 3747 2705 3984 2756; baseline 0.004 -1"><span class='ocrx_word' id='word_1_330' title='bbox 3747 2705 3905 2756; x_wconf 83' lang='lat' dir='ltr'>bonus</span> <span class='ocrx_word' id='word_1_331' title='bbox 3971 2725 3984 2756; x_wconf 92' lang='grc' dir='ltr'>ι</span> 
     </span>
     <span class='ocr_line' id='line_1_66' title="bbox 2150 2714 4045 2882; baseline 0.004 -54"><span class='ocrx_word' id='word_1_332' title='bbox 2150 2767 2662 2846; x_wconf 81' lang='lat' dir='ltr'>Sacramentum,</span> <span class='ocrx_word' id='word_1_333' title='bbox 2711 2775 2862 2852; x_wconf 90' lang='lat' dir='ltr'>quia</span> <span class='ocrx_word' id='word_1_334' title='bbox 2935 2773 3092 2836; x_wconf 84' lang='lat' dir='ltr'>nihil</span> <span class='ocrx_word' id='word_1_335' title='bbox 3161 2779 3393 2854; x_wconf 86' lang='lat' dir='ltr'>ageret</span> <span class='ocrx_word' id='word_1_336' title='bbox 3469 2782 3695 2838; x_wconf 86' lang='lat' dir='ltr'>contra</span> <span class='ocrx_word' id='word_1_337' title='bbox 3807 2714 4045 2882; x_wconf 33' lang='lat' dir='ltr'>¹35⁰}ss</span> 
     </span>
     <span class='ocr_line' id='line_1_67' title="bbox 2147 2845 4048 2962; baseline 0.002 -21"><span class='ocrx_word' id='word_1_338' title='bbox 2147 2887 2582 2948; x_wconf 87' lang='lat' dir='ltr'>reverentiam</span> <span class='ocrx_word' id='word_1_339' title='bbox 2629 2890 2747 2950; x_wconf 91' lang='lat' dir='ltr'>Dei</span> <span class='ocrx_word' id='word_1_340' title='bbox 2800 2894 2865 2950; x_wconf 90' lang='lat' dir='ltr'>et</span> <span class='ocrx_word' id='word_1_341' title='bbox 2913 2890 3337 2962; x_wconf 80' lang='lat' dir='ltr'>sacramenti,</span> <span class='ocrx_word' id='word_1_342' title='bbox 3373 2894 3486 2951; x_wconf 88' lang='lat' dir='ltr'>aut</span> <span class='ocrx_word' id='word_1_343' title='bbox 3534 2907 3690 2953; x_wconf 87' lang='lat' dir='ltr'>con·</span> <span class='ocrx_word' id='word_1_344' title='bbox 3725 2845 4048 2945; x_wconf 61' lang='lat' dir='ltr'>ffinistrisa-</span> 
     </span>
    </p>
   </div>
   <div class='ocr_carea' id='block_1_11' title="bbox 3752 2956 4020 3007">
    <p class='ocr_par' dir='ltr' id='par_1_15' title="bbox 3752 2956 4020 3007">
     <span class='ocr_line' id='line_1_68' title="bbox 3752 2956 4020 3007; baseline 0 -1"><span class='ocrx_word' id='word_1_345' title='bbox 3752 2956 4020 3007; x_wconf 73' lang='lat' dir='ltr'>crumenti.</span> 
     </span>
    </p>
   </div>
   <div class='ocr_carea' id='block_1_12' title="bbox 2064 2999 4019 3085">
    <p class='ocr_par' dir='ltr' id='par_1_16' title="bbox 2064 2999 4019 3085">
     <span class='ocr_line' id='line_1_69' title="bbox 2064 2999 4019 3085; baseline 0.008 -30"><span class='ocrx_word' id='word_1_346' title='bbox 2064 3012 2073 3023; x_wconf 86' lang='grc'><em>·</em></span> <span class='ocrx_word' id='word_1_347' title='bbox 2149 3000 2242 3059; x_wconf 87' lang='lat' dir='ltr'>tra</span> <span class='ocrx_word' id='word_1_348' title='bbox 2275 2999 2639 3076; x_wconf 85' lang='lat' dir='ltr'>profectum</span> <span class='ocrx_word' id='word_1_349' title='bbox 2666 3003 3027 3065; x_wconf 87' lang='lat' dir='ltr'>hominum.</span> <span class='ocrx_word' id='word_1_350' title='bbox 3072 3004 3260 3066; x_wconf 82' lang='lat' dir='ltr'>Certa</span> <span class='ocrx_word' id='word_1_351' title='bbox 3307 3022 3465 3085; x_wconf 85' lang='lat' dir='ltr'>ergo</span> <span class='ocrx_word' id='word_1_352' title='bbox 3513 3012 3695 3068; x_wconf 90' lang='lat' dir='ltr'>esset</span> <span class='ocrx_word' id='word_1_353' title='bbox 3742 3020 4019 3070; x_wconf 75' lang='lat' dir='ltr'>Tenendus</span> 
     </span>
    </p>
   </div>
   <div class='ocr_carea' id='block_1_13' title="bbox 2150 3087 4014 3199">
    <p class='ocr_par' dir='ltr' id='par_1_17' title="bbox 2150 3087 4014 3199">
     <span class='ocr_line' id='line_1_70' title="bbox 2150 3087 4014 3199; baseline 0.007 -25"><span class='ocrx_word' id='word_1_354' title='bbox 2150 3120 2484 3179; x_wconf 85' lang='lat' dir='ltr'>concessio</span> <span class='ocrx_word' id='word_1_355' title='bbox 2532 3120 2647 3180; x_wconf 89' lang='lat' dir='ltr'>Dei</span> <span class='ocrx_word' id='word_1_356' title='bbox 2696 3118 3039 3198; x_wconf 76' lang='lat' dir='ltr'>specialis:</span> <span class='ocrx_word' id='word_1_357' title='bbox 3093 3125 3273 3198; x_wconf 84' lang='lat' dir='ltr'>patet</span> <span class='ocrx_word' id='word_1_358' title='bbox 3319 3119 3541 3199; x_wconf 85' lang='lat' dir='ltr'>quoad</span> <span class='ocrx_word' id='word_1_359' title='bbox 3573 3120 3696 3183; x_wconf 86' lang='lat' dir='ltr'>alia</span> <span class='ocrx_word' id='word_1_360' title='bbox 3724 3144 3796 3194; x_wconf 80' lang='lat' dir='ltr'>Ba</span> <span class='ocrx_word' id='word_1_361' title='bbox 3822 3087 4014 3196; x_wconf 53' lang='lat' dir='ltr'>‘iffius</span> 
     </span>
    </p>
   </div>
   <div class='ocr_carea' id='block_1_14' title="bbox 2147 3214 4009 3447">
    <p class='ocr_par' dir='ltr' id='par_1_18' title="bbox 2147 3214 4009 3447">
     <span class='ocr_line' id='line_1_71' title="bbox 2147 3214 3988 3321; baseline 0.008 -29"><span class='ocrx_word' id='word_1_362' title='bbox 2147 3232 2527 3308; x_wconf 84' lang='lat' dir='ltr'>ministeria,</span> <span class='ocrx_word' id='word_1_363' title='bbox 2630 3243 2703 3298; x_wconf 89' lang='lat' dir='ltr'>ut</span> <span class='ocrx_word' id='word_1_364' title='bbox 2792 3240 3289 3302; x_wconf 87' lang='lat' dir='ltr'>consecratione</span> <span class='ocrx_word' id='word_1_365' title='bbox 3380 3239 3690 3302; x_wconf 65' lang='lat' dir='ltr'>Ecclesiae</span> <span class='ocrx_word' id='word_1_366' title='bbox 3801 3214 3988 3321; x_wconf 47' lang='grc' dir='ltr'>ἓζξὸ</span> 
     </span>
     <span class='ocr_line' id='line_1_72' title="bbox 2147 3333 4009 3447; baseline 0.009 -38"><span class='ocrx_word' id='word_1_367' title='bbox 2147 3352 2386 3413; x_wconf 90' lang='lat' dir='ltr'>montis</span> <span class='ocrx_word' id='word_1_368' title='bbox 2444 3353 2748 3432; x_wconf 86' lang='lat' dir='ltr'>Gargani.</span> <span class='ocrx_word' id='word_1_369' title='bbox 2816 3356 2890 3415; x_wconf 85' lang='lat' dir='ltr'>Et</span> <span class='ocrx_word' id='word_1_370' title='bbox 2943 3353 3348 3432; x_wconf 89' lang='lat' dir='ltr'>Nicephorus</span> <span class='ocrx_word' id='word_1_371' title='bbox 3407 3354 3691 3419; x_wconf 85' lang='lat' dir='ltr'>Calixtus</span> <span class='ocrx_word' id='word_1_372' title='bbox 3750 3333 4009 3447; x_wconf 51' lang='lat' dir='ltr'>Argiffiislo-</span> 
     </span>
    </p>
   </div>
   <div class='ocr_carea' id='block_1_15' title="bbox 2129 3464 4045 5531">
    <p class='ocr_par' dir='ltr' id='par_1_19' title="bbox 2147 3464 4045 3672">
     <span class='ocr_line' id='line_1_73' title="bbox 2147 3464 4045 3586; baseline 0.005 -60"><span class='ocrx_word' id='word_1_373' title='bbox 2147 3467 2259 3529; x_wconf 82' lang='lat' dir='ltr'>lib.</span> <span class='ocrx_word' id='word_1_374' title='bbox 2313 3469 2719 3531; x_wconf 76' lang='lat' dir='ltr'>11.historioe</span> <span class='ocrx_word' id='word_1_375' title='bbox 2762 3488 2905 3547; x_wconf 83' lang='lat' dir='ltr'>cap.</span> <span class='ocrx_word' id='word_1_376' title='bbox 2951 3474 3052 3535; x_wconf 80' lang='lat'>20.</span> <span class='ocrx_word' id='word_1_377' title='bbox 3100 3471 3305 3534; x_wconf 86' lang='lat' dir='ltr'>refert</span> <span class='ocrx_word' id='word_1_378' title='bbox 3352 3474 3690 3551; x_wconf 86' lang='lat' dir='ltr'>Amphilo·</span> <span class='ocrx_word' id='word_1_379' title='bbox 3719 3464 4045 3586; x_wconf 47' lang='lat' dir='ltr'>ffffggffiff</span> 
     </span>
     <span class='ocr_line' id='line_1_74' title="bbox 2148 3584 3691 3672; baseline 0.005 -27"><span class='ocrx_word' id='word_1_380' title='bbox 2148 3584 2362 3649; x_wconf 86' lang='lat' dir='ltr'>chium</span> <span class='ocrx_word' id='word_1_381' title='bbox 2408 3591 2864 3649; x_wconf 85' lang='lat' dir='ltr'>consecratum</span> <span class='ocrx_word' id='word_1_382' title='bbox 2906 3590 3301 3668; x_wconf 89' lang='lat' dir='ltr'>Episcopum</span> <span class='ocrx_word' id='word_1_383' title='bbox 3345 3592 3426 3652; x_wconf 90' lang='lat' dir='ltr'>ab</span> <span class='ocrx_word' id='word_1_384' title='bbox 3476 3594 3691 3672; x_wconf 87' lang='lat' dir='ltr'>Ange-</span> 
     </span>
    </p>

    <p class='ocr_par' dir='ltr' id='par_1_20' title="bbox 2145 3699 3690 3786">
     <span class='ocr_line' id='line_1_75' title="bbox 2145 3699 3690 3786; baseline 0.006 -26"><span class='ocrx_word' id='word_1_385' title='bbox 2145 3699 2220 3761; x_wconf 85' lang='lat' dir='ltr'>lis</span> <span class='ocrx_word' id='word_1_386' title='bbox 2275 3702 2340 3761; x_wconf 88' lang='lat' dir='ltr'>in</span> <span class='ocrx_word' id='word_1_387' title='bbox 2393 3699 2677 3776; x_wconf 81' lang='lat' dir='ltr'>deserto,</span> <span class='ocrx_word' id='word_1_388' title='bbox 2729 3710 3065 3782; x_wconf 86' lang='lat' dir='ltr'>receptum</span> <span class='ocrx_word' id='word_1_389' title='bbox 3114 3703 3318 3768; x_wconf 88' lang='lat' dir='ltr'>fuisse</span> <span class='ocrx_word' id='word_1_390' title='bbox 3359 3705 3425 3768; x_wconf 90' lang='lat' dir='ltr'>in</span> <span class='ocrx_word' id='word_1_391' title='bbox 3476 3706 3690 3786; x_wconf 88' lang='lat' dir='ltr'>gradu</span> 
     </span>
    </p>

    <p class='ocr_par' dir='ltr' id='par_1_21' title="bbox 2143 3814 3691 3896">
     <span class='ocr_line' id='line_1_76' title="bbox 2143 3814 3691 3896; baseline 0.005 -20"><span class='ocrx_word' id='word_1_392' title='bbox 2143 3816 2226 3876; x_wconf 90' lang='lat' dir='ltr'>ab</span> <span class='ocrx_word' id='word_1_393' title='bbox 2278 3814 2419 3876; x_wconf 87' lang='lat' dir='ltr'>aliis</span> <span class='ocrx_word' id='word_1_394' title='bbox 2460 3818 2802 3896; x_wconf 90' lang='lat' dir='ltr'>Episcopi;</span> <span class='ocrx_word' id='word_1_395' title='bbox 2866 3819 3036 3880; x_wconf 89' lang='lat' dir='ltr'>sicut</span> <span class='ocrx_word' id='word_1_396' title='bbox 3079 3820 3276 3882; x_wconf 88' lang='lat' dir='ltr'>etiam</span> <span class='ocrx_word' id='word_1_397' title='bbox 3325 3820 3442 3883; x_wconf 92' lang='lat' dir='ltr'>Dei</span> <span class='ocrx_word' id='word_1_398' title='bbox 3487 3823 3691 3883; x_wconf 88' lang='lat' dir='ltr'>virtus</span> 
     </span>
    </p>

    <p class='ocr_par' dir='ltr' id='par_1_22' title="bbox 2141 3931 3684 4129">
     <span class='ocr_line' id='line_1_77' title="bbox 2142 3931 3679 4017; baseline 0.006 -27"><span class='ocrx_word' id='word_1_399' title='bbox 2142 3945 2274 3990; x_wconf 91' lang='lat' dir='ltr'>non</span> <span class='ocrx_word' id='word_1_400' title='bbox 2321 3935 2421 3992; x_wconf 88' lang='lat' dir='ltr'>est</span> <span class='ocrx_word' id='word_1_401' title='bbox 2474 3931 2731 4010; x_wconf 86' lang='lat' dir='ltr'>alligata</span> <span class='ocrx_word' id='word_1_402' title='bbox 2792 3935 3249 4009; x_wconf 78' lang='lat' dir='ltr'>sacramentis,</span> <span class='ocrx_word' id='word_1_403' title='bbox 3309 3936 3393 3997; x_wconf 88' lang='lat' dir='ltr'>ita</span> <span class='ocrx_word' id='word_1_404' title='bbox 3454 3954 3679 4017; x_wconf 86' lang='lat' dir='ltr'>neque</span> 
     </span>
     <span class='ocr_line' id='line_1_78' title="bbox 2141 4047 3684 4129; baseline 0.006 -23"><span class='ocrx_word' id='word_1_405' title='bbox 2141 4047 2449 4109; x_wconf 87' lang='lat' dir='ltr'>ministris</span> <span class='ocrx_word' id='word_1_406' title='bbox 2495 4047 2959 4124; x_wconf 77' lang='lat' dir='ltr'>determinatiS,</span> <span class='ocrx_word' id='word_1_407' title='bbox 3015 4052 3173 4129; x_wconf 87' lang='lat' dir='ltr'>quin</span> <span class='ocrx_word' id='word_1_408' title='bbox 3226 4068 3345 4129; x_wconf 89' lang='lat' dir='ltr'>per</span> <span class='ocrx_word' id='word_1_409' title='bbox 3394 4053 3554 4116; x_wconf 90' lang='lat' dir='ltr'>alios</span> <span class='ocrx_word' id='word_1_410' title='bbox 3603 4070 3684 4115; x_wconf 80' lang='lat' dir='ltr'>ex</span> 
     </span>
    </p>

    <p class='ocr_par' dir='ltr' id='par_1_23' title="bbox 2139 4165 3689 4364">
     <span class='ocr_line' id='line_1_79' title="bbox 2139 4165 3689 4241; baseline 0.006 -17"><span class='ocrx_word' id='word_1_411' title='bbox 2139 4165 2407 4241; x_wconf 88' lang='lat' dir='ltr'>speciali</span> <span class='ocrx_word' id='word_1_412' title='bbox 2459 4169 2884 4231; x_wconf 87' lang='lat' dir='ltr'>concessione</span> <span class='ocrx_word' id='word_1_413' title='bbox 2934 4169 3111 4232; x_wconf 86' lang='lat' dir='ltr'>salva</span> <span class='ocrx_word' id='word_1_414' title='bbox 3165 4169 3522 4233; x_wconf 83' lang='lat' dir='ltr'>substantia</span> <span class='ocrx_word' id='word_1_415' title='bbox 3579 4174 3689 4234; x_wconf 88' lang='lat' dir='ltr'>Sa·</span> 
     </span>
     <span class='ocr_line' id='line_1_80' title="bbox 2141 4283 3684 4364; baseline 0.004 -22"><span class='ocrx_word' id='word_1_416' title='bbox 2141 4283 2456 4345; x_wconf 84' lang='lat' dir='ltr'>oramenti</span> <span class='ocrx_word' id='word_1_417' title='bbox 2486 4284 2830 4346; x_wconf 77' lang='lat' dir='ltr'>ministrari</span> <span class='ocrx_word' id='word_1_418' title='bbox 2862 4289 3135 4361; x_wconf 88' lang='lat' dir='ltr'>possint,</span> <span class='ocrx_word' id='word_1_419' title='bbox 3171 4286 3284 4364; x_wconf 88' lang='lat' dir='ltr'>qui</span> <span class='ocrx_word' id='word_1_420' title='bbox 3318 4286 3684 4349; x_wconf 90' lang='lat' dir='ltr'>secundum</span> 
     </span>
    </p>

    <p class='ocr_par' dir='ltr' id='par_1_24' title="bbox 2138 4398 3690 4593">
     <span class='ocr_line' id='line_1_81' title="bbox 2138 4398 3690 4479; baseline 0.003 -19"><span class='ocrx_word' id='word_1_421' title='bbox 2138 4400 2354 4479; x_wconf 85' lang='lat' dir='ltr'>legem</span> <span class='ocrx_word' id='word_1_422' title='bbox 2388 4398 2781 4461; x_wconf 88' lang='lat' dir='ltr'>ordinariam</span> <span class='ocrx_word' id='word_1_423' title='bbox 2812 4403 2897 4462; x_wconf 90' lang='lat' dir='ltr'>ad</span> <span class='ocrx_word' id='word_1_424' title='bbox 2928 4401 2993 4462; x_wconf 92' lang='lat' dir='ltr'>id</span> <span class='ocrx_word' id='word_1_425' title='bbox 3023 4403 3315 4464; x_wconf 89' lang='lat' dir='ltr'>muneris</span> <span class='ocrx_word' id='word_1_426' title='bbox 3346 4419 3480 4465; x_wconf 89' lang='lat' dir='ltr'>non</span> <span class='ocrx_word' id='word_1_427' title='bbox 3532 4408 3690 4466; x_wconf 84' lang='lat' dir='ltr'>sunt</span> 
     </span>
     <span class='ocr_line' id='line_1_82' title="bbox 2138 4516 2477 4593; baseline -0.012 -14"><span class='ocrx_word' id='word_1_428' title='bbox 2138 4516 2477 4593; x_wconf 86' lang='lat' dir='ltr'>assumpti.</span> 
     </span>
    </p>

    <p class='ocr_par' dir='ltr' id='par_1_25' title="bbox 2129 4628 3685 5531">
     <span class='ocr_line' id='line_1_83' title="bbox 2218 4628 3678 4708; baseline 0.001 -16"><span class='ocrx_word' id='word_1_429' title='bbox 2218 4630 2446 4693; x_wconf 90' lang='lat' dir='ltr'>Ultimo</span> <span class='ocrx_word' id='word_1_430' title='bbox 2479 4628 2748 4692; x_wconf 85' lang='lat' dir='ltr'>tandem</span> <span class='ocrx_word' id='word_1_431' title='bbox 2777 4647 2894 4708; x_wconf 92' lang='lat' dir='ltr'>pro</span> <span class='ocrx_word' id='word_1_432' title='bbox 2925 4630 3050 4691; x_wconf 87' lang='lat' dir='ltr'>hac</span> <span class='ocrx_word' id='word_1_433' title='bbox 3096 4629 3541 4703; x_wconf 90' lang='lat' dir='ltr'>conclusione,</span> <span class='ocrx_word' id='word_1_434' title='bbox 3576 4636 3678 4693; x_wconf 91' lang='lat' dir='ltr'>est</span> 
     </span>
     <span class='ocr_line' id='line_1_84' title="bbox 2134 4745 3685 4827; baseline 0.001 -20"><span class='ocrx_word' id='word_1_435' title='bbox 2134 4745 2553 4809; x_wconf 83' lang='lat' dir='ltr'>manifestum</span> <span class='ocrx_word' id='word_1_436' title='bbox 2600 4746 3048 4808; x_wconf 85' lang='lat' dir='ltr'>testimonium</span> <span class='ocrx_word' id='word_1_437' title='bbox 3093 4747 3300 4809; x_wconf 86' lang='lat' dir='ltr'>sancti</span> <span class='ocrx_word' id='word_1_438' title='bbox 3333 4748 3685 4827; x_wconf 84' lang='lat' dir='ltr'>Augustini</span> 
     </span>
     <span class='ocr_line' id='line_1_85' title="bbox 2135 4863 3680 4945; baseline 0.002 -22"><span class='ocrx_word' id='word_1_439' title='bbox 2135 4864 2246 4924; x_wconf 80' lang='lat' dir='ltr'>lib.</span> <span class='ocrx_word' id='word_1_440' title='bbox 2279 4866 2338 4925; x_wconf 81' lang='lat'>2.</span> <span class='ocrx_word' id='word_1_441' title='bbox 2374 4871 2598 4926; x_wconf 79' lang='lat' dir='ltr'>contra</span> <span class='ocrx_word' id='word_1_442' title='bbox 2639 4867 3148 4926; x_wconf 82' lang='lat' dir='ltr'>Parmem&#39;anam</span> <span class='ocrx_word' id='word_1_443' title='bbox 3179 4883 3316 4942; x_wconf 83' lang='lat' dir='ltr'>cap.</span> <span class='ocrx_word' id='word_1_444' title='bbox 3367 4865 3458 4926; x_wconf 87' lang='lat'>15.</span> <span class='ocrx_word' id='word_1_445' title='bbox 3496 4863 3680 4945; x_wconf 88' lang='lat' dir='ltr'>Obji-</span> 
     </span>
     <span class='ocr_line' id='line_1_86' title="bbox 2137 4984 3683 5063; baseline 0.001 -17"><span class='ocrx_word' id='word_1_446' title='bbox 2137 4985 2351 5048; x_wconf 89' lang='lat' dir='ltr'>ciebat</span> <span class='ocrx_word' id='word_1_447' title='bbox 2413 4984 2877 5046; x_wconf 78' lang='lat' dir='ltr'>parmenianus</span> <span class='ocrx_word' id='word_1_448' title='bbox 2931 4985 3038 5063; x_wconf 86' lang='lat' dir='ltr'>qui</span> <span class='ocrx_word' id='word_1_449' title='bbox 3089 4985 3264 5047; x_wconf 87' lang='lat' dir='ltr'>iliius</span> <span class='ocrx_word' id='word_1_450' title='bbox 3336 4993 3476 5048; x_wconf 89' lang='lat' dir='ltr'>erat</span> <span class='ocrx_word' id='word_1_451' title='bbox 3535 5002 3683 5049; x_wconf 87' lang='lat' dir='ltr'>sen·</span> 
     </span>
     <span class='ocr_line' id='line_1_87' title="bbox 2134 5101 3683 5181; baseline -0.002 -17"><span class='ocrx_word' id='word_1_452' title='bbox 2134 5104 2371 5174; x_wconf 85' lang='lat' dir='ltr'>tentiae,</span> <span class='ocrx_word' id='word_1_453' title='bbox 2416 5106 2490 5163; x_wconf 86' lang='lat' dir='ltr'>ut</span> <span class='ocrx_word' id='word_1_454' title='bbox 2517 5117 2715 5179; x_wconf 89' lang='lat' dir='ltr'>supra</span> <span class='ocrx_word' id='word_1_455' title='bbox 2756 5101 3203 5178; x_wconf 77' lang='lat' dir='ltr'>exposuimus„</span> <span class='ocrx_word' id='word_1_456' title='bbox 3252 5101 3433 5179; x_wconf 89' lang='lat' dir='ltr'>quod</span> <span class='ocrx_word' id='word_1_457' title='bbox 3479 5101 3683 5181; x_wconf 87' lang='lat' dir='ltr'>injus·</span> 
     </span>
     <span class='ocr_line' id='line_1_88' title="bbox 2132 5218 3683 5291; baseline 0 -12"><span class='ocrx_word' id='word_1_458' title='bbox 2132 5223 2237 5280; x_wconf 89' lang='lat' dir='ltr'>tus</span> <span class='ocrx_word' id='word_1_459' title='bbox 2275 5235 2408 5280; x_wconf 90' lang='lat' dir='ltr'>non</span> <span class='ocrx_word' id='word_1_460' title='bbox 2459 5218 2856 5281; x_wconf 89' lang='lat' dir='ltr'>ministraret</span> <span class='ocrx_word' id='word_1_461' title='bbox 2899 5219 3111 5281; x_wconf 85' lang='lat' dir='ltr'>valide</span> <span class='ocrx_word' id='word_1_462' title='bbox 3159 5222 3683 5291; x_wconf 86' lang='lat' dir='ltr'>Sacramentum,</span> 
     </span>
     <span class='ocr_line' id='line_1_89' title="bbox 2129 5335 3683 5415; baseline -0.001 -19"><span class='ocrx_word' id='word_1_463' title='bbox 2129 5341 2201 5396; x_wconf 82' lang='lat' dir='ltr'>ut</span> <span class='ocrx_word' id='word_1_464' title='bbox 2249 5341 2427 5415; x_wconf 86' lang='lat' dir='ltr'>patet</span> <span class='ocrx_word' id='word_1_465' title='bbox 2458 5335 2669 5413; x_wconf 88' lang='lat' dir='ltr'>capite</span> <span class='ocrx_word' id='word_1_466' title='bbox 2702 5335 3125 5412; x_wconf 80' lang='lat' dir='ltr'>praecedenti,</span> <span class='ocrx_word' id='word_1_467' title='bbox 3178 5351 3422 5413; x_wconf 90' lang='lat' dir='ltr'>nempe</span> <span class='ocrx_word' id='word_1_468' title='bbox 3473 5336 3567 5397; x_wconf 88' lang='grc'>14.</span> <span class='ocrx_word' id='word_1_469' title='bbox 3606 5338 3683 5396; x_wconf 78' lang='lat' dir='ltr'>Ut</span> 
     </span>
     <span class='ocr_line' id='line_1_90' title="bbox 2130 5454 3682 5531; baseline 0.001 -19"><span class='ocrx_word' id='word_1_470' title='bbox 2130 5455 2289 5529; x_wconf 75' lang='lat' dir='ltr'>quid</span> <span class='ocrx_word' id='word_1_471' title='bbox 2343 5470 2496 5529; x_wconf 71' lang='lat' dir='ltr'>erqo</span> <span class='ocrx_word' id='word_1_472' title='bbox 2560 5456 3033 5515; x_wconf 81' lang='lat' dir='ltr'>Parmenianus</span> <span class='ocrx_word' id='word_1_473' title='bbox 3106 5454 3295 5513; x_wconf 76' lang='lat' dir='ltr'>inani</span> <span class='ocrx_word' id='word_1_474' title='bbox 3349 5454 3682 5531; x_wconf 74' lang='lat' dir='ltr'>jactantia</span> 
     </span>
    </p>
   </div>
   <div class='ocr_carea' id='block_1_16' title="bbox 2134 5570 3682 5648">
    <p class='ocr_par' dir='ltr' id='par_1_26' title="bbox 2134 5570 3682 5648">
     <span class='ocr_line' id='line_1_91' title="bbox 2134 5570 3682 5648; baseline -0.003 -16"><span class='ocrx_word' id='word_1_475' title='bbox 2134 5570 2404 5643; x_wconf 74' lang='lat' dir='ltr'>exultat,</span> <span class='ocrx_word' id='word_1_476' title='bbox 2459 5576 2514 5631; x_wconf 82' lang='lat' dir='ltr'>et</span> <span class='ocrx_word' id='word_1_477' title='bbox 2570 5571 2724 5631; x_wconf 80' lang='lat' dir='ltr'>dicit</span> <span class='ocrx_word' id='word_1_478' title='bbox 2770 5590 2790 5629; x_wconf 93' lang='lat'>.·</span> <span class='ocrx_word' id='word_1_479' title='bbox 2831 5572 3176 5647; x_wconf 80' lang='lat' dir='ltr'>Nunquam</span> <span class='ocrx_word' id='word_1_480' title='bbox 3230 5572 3456 5632; x_wconf 77' lang='lat' dir='ltr'>divinae</span> <span class='ocrx_word' id='word_1_481' title='bbox 3520 5571 3682 5648; x_wconf 63' lang='lat' dir='ltr'>lepis</span> 
     </span>
    </p>
   </div>
  </div>
 </body>
</html>
