4287 6313
599 374 716 437 508

599 533 966 627 cipiendo
1019 537 1116 613 ab
1168 560 1261 612 eo
1314 538 1823 632 Baptismum
1883 536 2137 610 flumi-

591 651 743 734 nis,
785 674 929 747 per
963 656 1476 749 Baptismum
1516 656 1894 737 flaminis,
1950 654 2136 748 quia

591 774 715 843 est
768 772 846 843 in
900 793 1090 845 casu
1147 773 1225 846 in
1270 796 1424 867 quo
1479 795 1638 847 non
1691 777 1961 868 potest
2004 772 2137 844 ha-

589 886 777 960 bere
813 889 1323 972 ministrum;
1392 891 1457 964 si
1509 895 1781 965 autem
1836 892 2136 984 recipe·

593 1009 718 1080 ret
760 1006 858 1078 ab
926 1028 1019 1078 eo
1088 1010 1621 1101 Baptismum,
1686 1010 2135 1082 communi-

591 1127 817 1195 caret
904 1124 1054 1196 sibi
1143 1130 1432 1198 contra
1503 1127 2135 1220 prohibitionem

594 1240 1003 1323 Ecclesiae,
1066 1241 1145 1314 in
1180 1244 1492 1316 actibus
1555 1243 1906 1316 maxime
1958 1264 2138 1336 pro·

596 1352 897 1429 hibitis.

682 1472 762 1546 Si
806 1478 1077 1548 autem
1141 1475 1666 1569 baptizandus
1711 1478 1817 1551 sit
1854 1497 2137 1569 parvu-

590 1585 740 1668 lus,
790 1588 1086 1662 liabens
1121 1591 1548 1684 parvulum
1609 1592 1836 1665 debet
1888 1591 2140 1685 bapti-

591 1722 783 1777 zare
824 1726 1032 1788 eum,
1072 1707 1329 1780 sinon
1368 1713 1635 1801 potest
1668 1710 1919 1782 alium
1974 1730 2136 1781 ma-

592 1821 715 1910 gis
779 1822 1149 1896 idoneum
1213 1824 1507 1899 habero
1568 1848 1809 1919 quam
1861 1828 2138 1920 praeci-

594 1959 799 2021 sum,
839 1942 1030 2034 quia
1072 1965 1256 2016 cum
1303 1944 1701 2038 praeciso(
1762 1950 1849 2018 ut
1908 1945 2136 2038 prius

592 2053 894 2128 dictum
934 2062 1306 2149 est)non
1339 2061 1527 2134 licet
1580 2060 1731 2132 sibi
1784 2080 2138 2132 commu-

591 2174 870 2247 nicare
916 2194 1064 2263 pro
1130 2176 1469 2269 parvulo
1521 2196 1693 2247 suo.
1745 2180 1839 2249 Et
1878 2176 1944 2249 si
2009 2198 2139 2269 po·

592 2294 864 2372 natur,
927 2290 1355 2365 habentem
1447 2292 1877 2384 parvulum
1961 2315 2138 2366 esse

592 2428 983 2489 mancum,
1030 2429 1173 2481 nec
1206 2408 1506 2481 habere
1550 2409 1630 2481 in
1682 2410 1821 2483 illa
1883 2411 2137 2504 regio-

587 2544 684 2596 ne
728 2524 1072 2616 aliquem
1112 2525 1270 2597 nisi
1315 2526 1772 2619 praecisum,
1814 2533 2138 2620 oportet

587 2639 853 2713 dicere
889 2648 1505 2734 consequenter,
1563 2644 1629 2716 si
1681 2646 1904 2718 nullo
1976 2668 2137 2717 mo-

585 2756 681 2828 do
717 2758 1479 2830 communicandum
1527 2764 1652 2833 est
1701 2782 1881 2833 cum
1942 2782 2137 2854 prae-

586 2870 756 2944 ciso
819 2872 897 2944 in
967 2873 1114 2947 tali
1190 2877 1399 2956 actu,
1468 2876 1671 2969 quod
1746 2899 1888 2952 nec
1949 2883 2137 2953 tunc

584 2992 838 3085 etiarn
878 2991 1103 3064 debet
1160 2993 1590 3084 parvulum
1635 3015 1868 3067 suum
1908 2997 2146 3071 offer·

587 3129 674 3183 re
717 3108 1061 3203 praeciso
1100 3110 1690 3203 baptizandum.

682 3230 990 3300 Contra
1075 3227 1289 3310 illud,
1380 3228 1566 3320 quia
1642 3238 2136 3326 praeceptum

458 3359 469 3369 ·
540 3360 553 3372 ·
590 3343 1043 3438 superioris
1082 3344 1259 3437 plus
1297 3345 1625 3438 obligat,
1664 3369 1904 3439 quam
1938 3370 2139 3443 prae-

589 3466 911 3555 ceptum
983 3462 1428 3546 inferioris,
1476 3485 1575 3538 ex
1638 3468 2136 3555 auctoritate

589 3578 1024 3670 Augustini
1077 3579 1606 3672 praeallegata
1652 3608 1666 3662 ;
1718 3584 1932 3656 Deus
1996 3605 2137 3657 au-

588 3702 752 3772 tem
815 3696 1189 3790 praecipit
1241 3699 1750 3791 Baptismum
1804 3703 2130 3795 suscipi,

585 3835 728 3888 nec
762 3814 1335 3889 determinavit
1370 3836 1417 3887 a
1471 3815 1780 3908 quibus,
1831 3821 2138 3913 tempo-

585 3950 672 4003 re
723 3930 1296 4012 necessitatis,
1340 3933 1701 4005 Ecclesia
1764 3936 2135 4027 prohibet

584 4046 1190 4120 communicare
1224 4068 1408 4120 cum
1442 4050 1607 4130 illo,
1648 4071 1882 4142 quem
1938 4073 2133 4145 prae-

583 4162 935 4244 scindit;
1008 4182 1208 4255 ergo
1284 4163 1543 4256 magis
1616 4166 2130 4240 obediendum

582 4283 708 4354 est
753 4284 1160 4373 praecepto
1243 4279 1513 4354 divino
1577 4303 1816 4374 quam
1871 4284 2136 4357 Eccle-

589 4396 730 4470 siae
774 4396 851 4468 in
888 4416 1079 4469 casu
1124 4396 1291 4468 illo.

678 4516 1117 4599 Praeterea,
1195 4514 1369 4606 plus
1428 4519 1754 4591 tenetur
1818 4539 2133 4593 excom-

586 4630 1046 4703 municatus
1090 4630 1355 4704 vitare
1397 4632 1676 4716 alium,
1718 4655 1957 4725 quam
1992 4636 2127 4709 ali-

579 4771 671 4821 us
730 4749 997 4823 vitare
1038 4770 1246 4831 eum,
1317 4751 1502 4843 quia
1567 4752 1777 4825 istud
1837 4774 2128 4846 praece·

580 4870 805 4960 ptum
851 4867 942 4940 de
1001 4867 1332 4941 vitando
1391 4869 2123 4952 excommunicato,

581 5003 743 5056 non
786 4984 1236 5078 imponitur
1278 4984 1547 5068 alicui,
1593 4986 1751 5058 nisi
1789 4991 2131 5079 propter

580 5098 871 5193 ipsum,
910 5121 1054 5173 nec
1092 5099 1542 5192 imponitur
1576 5099 1724 5173 sibi
1757 5101 1914 5173 nisi
1951 5123 2130 5194 pro-

583 5221 764 5308 pter
806 5235 929 5302 se;
975 5216 1105 5288 sed
1160 5215 1577 5308 praecisus,
1625 5215 1746 5289 vel
1809 5238 2127 5290 excom-

584 5333 1068 5413 municatus,
1127 5332 1206 5404 in
1240 5353 1430 5405 casu
1484 5334 1651 5414 illo,
1707 5354 1864 5406 non
1916 5338 2128 5409 tene-

585 5452 725 5522 tur
755 5446 1022 5521 vitare
1054 5448 1329 5530 alium,
1377 5450 1540 5522 imo
1590 5454 1917 5525 tenetur
1965 5472 2126 5523 non

586 5567 879 5639 vitare.
917 5564 997 5638 Si
1033 5565 1245 5636 enim
1298 5565 1489 5636 talis
1534 5566 1923 5657 praecisus
1980 5565 2125 5638 sci·

1894 377 2034 441 LlB.
2070 378 2172 440 lv,
2206 377 2797 443 SENTENTIARUM

2254 541 2380 610 ret
2449 538 2888 630 parvulum
2940 537 3293 630 aliquem
3353 556 3512 608 non
3559 534 3810 626 bapti-

2252 657 2523 725 zatum
2573 652 2852 726 statim
2931 652 3447 734 moriturum,
3508 659 3811 724 tenere·

2249 773 2389 842 tur
2460 770 2932 843 necessario
2983 790 3165 842 eum
3226 770 3668 863 baptizare,
3729 774 3811 843 et

2251 886 2367 961 ita
2407 908 2592 958 eum
2644 906 2800 958 non
2863 887 3127 961 vitare
3170 885 3252 957 in
3312 889 3498 958 actu
3556 885 3809 978 bapti-

2247 1005 2498 1077 zandi.
2562 1006 2732 1078 Hoc
2787 1005 3065 1097 probo,
3124 1004 3312 1095 quia
3369 1004 3438 1076 si
3502 1004 3808 1076 inveni-

2252 1126 2374 1195 ret
2426 1142 2610 1194 eum
2672 1122 3136 1214 expositum
3189 1120 3559 1213 periculo
3607 1121 3799 1195 vitae

2248 1240 2708 1333 corporalis
2757 1244 3095 1333 propter
3128 1239 3452 1322 famem,
3493 1242 3803 1312 tenere-

2250 1359 2387 1428 tur
2428 1377 2611 1431 eum
2664 1357 3130 1429 necessario
3166 1357 3461 1448 juvare
3504 1356 3598 1428 ad
3662 1356 3810 1429 sal-

2249 1474 2595 1545 vandum
2629 1475 2877 1547 vitam
2926 1474 3484 1567 corporalem;
3543 1475 3802 1566 magis

2253 1594 2523 1663 autem
2568 1594 2893 1665 tenetur
2931 1590 3272 1683 diligere
3323 1591 3577 1663 vitam
3626 1591 3804 1683 ejus

2252 1707 2769 1798 spiritualem
2804 1727 3043 1799 quam
3088 1706 3647 1800 corporalem3
3683 1727 3803 1779 er-

2247 1841 2348 1914 go
2391 1824 2700 1916 quando
2755 1824 3140 1916 parvulus
3194 1823 3615 1916 expositus
3674 1827 3800 1896 est

2251 1942 2613 2033 periculo
2663 1941 2852 2016 vitae
2920 1941 3402 2034 spiritualis,
3468 1930 3798 2014 tenetur

2253 2061 2386 2132 ille
2431 2061 2580 2133 sibi
2623 2062 2999 2133 conferre
3036 2059 3481 2133 remedium
3532 2080 3800 2133 neces-

2250 2178 2564 2251 sarium
2629 2180 2721 2251 ad
2775 2178 3029 2251 vitam
3083 2176 3648 2270 spiritualem;
3684 2196 3803 2251 er-

2251 2312 2353 2383 go
2405 2295 2655 2393 multo
2699 2295 2958 2385 magis
3000 2293 3209 2366 alius
3250 2313 3412 2364 non
3470 2298 3796 2368 tenetur

2249 2411 2516 2484 vitare
2638 2411 3026 2492 eumdem,
3128 2410 3791 2483 communicando

2250 2546 2430 2599 cum
2463 2547 2558 2598 eo
2603 2526 2682 2596 in
2717 2525 2862 2599 tali
2913 2534 3124 2598 actu,

2343 2646 2442 2717 Et
2483 2664 2629 2735 per
2660 2642 2812 2716 hoc
2846 2645 3193 2736 apparet
3245 2643 3338 2715 ad
3398 2642 3798 2715 rationem

2255 2781 2400 2854 pro
2475 2761 2818 2834 secundo
2902 2761 3135 2833 modo
3205 2759 3535 2841 dicendi,
3622 2780 3799 2851 quae

2253 2878 2615 2971 procedit
2638 2899 2737 2951 ex
2770 2882 3172 2971 praecepto
3209 2876 3618 2950 Ecclesiae.
3652 2877 3803 2950 Illa

2253 2995 2466 3068 enim
2529 2994 2972 3088 prohibitio
3042 2994 3626 3069 universaliter
3694 2995 3804 3067 in-

2247 3115 2684 3206 telligitur,
2733 3110 3046 3207 quando
3093 3117 3592 3208 praeceptum
3644 3134 3808 3188 ma·

2243 3227 2456 3319 joris
2527 3252 2686 3310 non
2758 3228 3065 3322 obligat
3135 3231 3228 3303 ad
3277 3232 3804 3305 contrarium

2251 3346 2780 3440 praeceptum,
2847 3351 2986 3423 aut
3028 3346 3232 3437 legis
3295 3349 3640 3430 naturae,
3710 3353 3790 3422 et

2253 3468 2752 3557 praeceptum
2855 3464 3437 3558 Evangelicum
3533 3466 3798 3559 majus

2249 3583 2372 3652 est
2408 3584 2819 3673 praecepto
2856 3580 3238 3653 Ecclesiae
3272 3583 3618 3653 tantum.

2344 3698 2494 3770 Ubi
2527 3717 2728 3790 ergo
2765 3675 3260 3791 praeceptum
3317 3697 3524 3790 legis
3571 3701 3798 3771 natu-

2251 3835 2363 3887 rae
2399 3814 2705 3906 obligat
2749 3815 2865 3888 sic
2902 3815 2998 3887 ad
3040 3814 3512 3888 salvandum
3545 3814 3793 3889 vitam

2250 3931 2606 4026 proximi
2706 3932 3250 4026 corporalem,
3350 3937 3431 4007 et
3536 3933 3792 4007 multo
3845 3943 3850 3946 ’

2247 4047 2507 4138 magis
2551 4046 3113 4141 spiritualem‚·
3156 4050 3235 4120 et
3298 4051 3794 4141 praeceptum

2242 4161 2601 4235 divinum
2680 4162 2770 4234 de
2831 4161 3320 4235 conferendo
3391 4167 3471 4236 et
3543 4161 3791 4234 susci-

2247 4278 2529 4369 piendo
2574 4279 3085 4372 Baptismum
3132 4279 3393 4370 magis
3441 4278 3794 4352 obedien-

2245 4395 2432 4466 dum
2559 4399 2682 4469 est
2788 4401 3198 4488 praecepto
3308 4395 3791 4489 superioris,

2243 4530 2485 4604 quam
2515 4511 2890 4585 vitandus
2941 4514 3063 4584 est
3106 4511 3404 4604 aliquis
3440 4513 3521 4584 iu
3583 4513 3796 4586 acti·-

2240 4625 2385 4698 bus
2441 4627 2625 4699 istis
2673 4632 3011 4720 propter
3093 4631 3597 4721 praeceptum
3655 4630 3794 4700 Ec-

2243 4744 2511 4818 clesiae
2622 4744 2884 4837 ipsum
3010 4745 3373 4821 vitantis.
3504 4745 3795 4820 Nullus

2243 4863 2455 4936 enim
2491 4864 2733 4956 judex
2778 4864 2857 4935 in
2901 4863 3294 4947 Ecclesia,
3339 4864 3466 4937 vel
3557 4864 3790 4956 legis-

2241 4981 2461 5054 lator
2538 4981 3232 5073 interpretaretur
3298 4984 3794 5074 praeceptum

2243 5119 2479 5172 suum
2522 5118 2700 5170 esse
2759 5099 3239 5170 servandum
3281 5099 3357 5169 in
3400 5118 3495 5170 eo
3566 5095 3786 5182 casu,

2242 5217 2324 5290 in
2389 5237 2542 5308 quo
2578 5218 2914 5306 urgeret
2956 5219 3246 5288 contra
3293 5220 3791 5308 praeceptum

2239 5332 2443 5424 legis
2478 5334 2820 5416 naturae,
2865 5331 2991 5402 vel
3024 5330 3409 5404 divinum.

2329 5451 2610 5521 Potest
2643 5463 2841 5538 ergo
2882 5453 3276 5540 quantum
3309 5452 3415 5538 (c)
3450 5449 3544 5521 ad
3586 5450 3782 5522 arti·
3852 5502 4117 5556 Resolufio

2237 5565 2511 5639 culum
2546 5564 2795 5638 istum
2838 5564 3102 5638 teneri
3153 5568 3558 5640 sententia
3620 5587 3780 5640 me·
3841 5564 4107 5622 Doctm'1⁸-
