4287 6313
202 571 433 618 etcausa
508 568 632 634 fert
684 572 918 634 Doctor
975 589 1055 634 ex
1137 568 1282 634 aliis
1332 566 1837 654 antiquioribu3‚
1894 583 2054 652 quas
2171 564 2553 649 Baptismus
2619 566 2863 631 iterari
2939 588 3073 632 non
3131 567 3335 646 debet,
3402 578 3528 633 ete.
3576 570 3729 633 Haec

250 630 368 680 facti
380 669 393 682 .

222 1146 426 1197 Primus

239 1211 417 1270 modus

156 1272 361 1323 dicendi
389 1273 481 1322 im-

176 1348 448 1402 pugnatur.

179 2255 477 2325 Congruen-

185 2323 433 2442 1113111111οω

248 2444 400 2494 aliter

170 2506 475 2571 applicatur.

1679 403 1878 467 ms'r.
1922 401 2024 463 Vl.
2073 399 2435 477 QUAESTIO
2466 401 2596 465 vll.

507 684 852 772 impugnat
885 706 900 763 ;
947 684 1156 771 prima
1180 697 1301 765 est,
1340 684 1490 772 quia
1522 681 2055 771 Christus-semel

505 812 603 866 est
655 815 975 880 mortuuS‚
1039 814 1100 867 et
1161 801 1531 887 Baptismus
1595 799 1790 864 habet
1848 798 2022 866 virtu

503 929 633 984 tem
666 939 746 984 ex
778 918 1082 1004 passione
1117 918 1385 999 Christi,
1415 917 1494 983 ad
1544 921 1814 982 Roman.
1852 919 1916 982 6.
1982 916 2054 980 In

502 1044 709 1099 morte
748 1035 961 1120 ipsius
999 1035 1377 1120 baptizatus
1404 1054 1649 1113 sumus,
1697 1042 1818 1098 etc.
1878 1035 2055 1097 Hanc

505 1147 818 1214 rationem
854 1149 1084 1216 merito
1135 1153 1368 1216 Doctor
1422 1149 1786 1235 impugnat,
1857 1168 1938 1213 ex
1977 1168 2052 1213 eo

506 1264 673 1348 quod
726 1285 854 1330 non
888 1278 1059 1331 recte
1112 1265 1427 1331 inferatur
1465 1265 1865 1351 Baptismum
1923 1284 2051 1329 non

501 1399 692 1465 posse
724 1379 1153 1466 iterari,quia
1219 1379 1574 1446 efficaciam
1643 1379 1913 1445 sortitur
1971 1399 2051 1443 ex

501 1495 804 1581 passione
870 1496 1135 1578 Christi,
1205 1495 1358 1582 quia
1417 1495 1611 1561 etiam
1663 1493 2051 1561 Paenitentia

501 1630 583 1676 ex
613 1610 918 1696 passione
946 1612 1215 1693 Christi,
1250 1623 1315 1678 et
1355 1611 1604 1698 reliqua
1635 1612 2050 1677 Sacramenta

499 1724 597 1813 (ut
663 1725 822 1792 alias
862 1748 1059 1813 supra
1102 1727 1268 1794 dixit
1299 1728 1454 1795 dist.
1542 1734 1600 1794 1.
1646 1740 1871 1815 quaest.
1955 1727 2048 1812 1.)

499 1851 654 1908 sunt
686 1841 995 1924 efficacia,
1036 1843 1342 1930 quamvis
1375 1844 1762 1912 Paenitentia
1794 1844 1879 1910 sit
1927 1845 2048 1911 ite-

500 1957 756 2025 rabilis

588 2079 764 2143 Hanc
794 2098 950 2164 ergo
989 2080 1484 2164 congruentiam
1529 2100 1658 2146 non
1706 2081 2046 2166 impugnat

500 2196 756 2270 Doctor,
802 2193 927 2258 nisi
962 2193 1173 2280 quoad
1207 2194 1363 2260 illud
1397 2194 1477 2261 de
1508 2194 1795 2263 efficacia
1832 2197 2045 2283 Bapti-

503 2307 626 2372 smi
681 2328 761 2372 ex
832 2308 1156 2393 passione.
1222 2310 1286 2375 Si
1336 2323 1551 2376 autem
1618 2312 2045 2398 congruentia

503 2423 775 2490 ducatur
814 2445 895 2490 ex
936 2424 1367 2492 similitudine
1419 2427 1729 2513 Baptismi
1780 2438 1844 2493 et
1874 2449 2032 2494 mor-

502 2540 587 2606 tis
646 2541 911 2621 Christi,
967 2561 1161 2628 quam
1230 2519 1509 2610 intendit
1555 2543 1905 2630 Apostolus
1980 2557 2045 2611 et

502 2656 688 2725 multi
720 2660 969 2738 PatreS,
1032 2679 1113 2724 ex
1173 2679 1250 2725 eo
1280 2660 1453 2746 quod
1485 2662 1783 2729 Christus
1840 2663 2040 2728 semel

498 2788 795 2842 mortuus
826 2787 948 2854 est,
1011 2774 1330 2862 colligunt
1368 2775 1769 2862 Baptismum
1812 2798 1890 2843 ex
1954 2776 2040 2843 si-

494 2891 884 2969 militudine,
932 2912 1056 2978 qua
1089 2904 1315 2979 typum
1350 2897 1577 2961 mortis
1617 2896 1856 2962 Christi
1900 2895 2038 2961 imi-

491 3021 685 3090 tatur,
760 3031 888 3076 non
956 3031 1148 3097 posse
1200 3011 1338 3078 dari
1405 3013 1529 3079 nisi
1583 3012 1808 3094 semel,
1872 3013 2041 3079 sicut

490 3126 788 3194 Christus
838 3128 1039 3196 semel
1090 3140 1387 3197 mortuus
1435 3141 1556 3197 est.
1624 3130 1852 3198 Melius
1882 3151 2040 3219 ergo

493 3246 655 3312 ratio
695 3245 1038 3313 deducitur
1067 3269 1149 3314 ex
1217 3250 1339 3314 1130
1376 3249 1805 3316 similitudine
1844 3271 2036 3337 quam

493 3382 572 3427 ex
631 3361 944 3444 efficacia,
1026 3385 1220 3452 quam
1254 3366 1454 3433 trahit
1519 3368 1887 3456 Baptismus
1959 3389 2037 3435 ex

496 3489 705 3544 morte
768 3480 1008 3548 Christi
1078 3492 1141 3547 et
1206 3483 1548 3568 passione;
1597 3498 1658 3551 et
1725 3485 1821 3551 sic
1894 3506 2036 3552 eam

494 3594 692 3662 tradit
732 3597 1117 3665 Ambrosius
1168 3599 1280 3665 lib.
1355 3604 1416 3666 Ξ.
1468 3600 1549 3665 de
1605 3603 2028 3682 Paenitentia,

496 3734 643 3799 cap.
683 3716 745 3778 Ξ.
786 3712 1073 3780 Isidorus
1106 3715 1220 3781 tib.
1245 3717 1307 3780 2.
1338 3716 1419 3782 de
1450 3717 1704 3784 diuinis
1741 3719 2029 3803 Officii&

492 3850 638 3914 cap.
692 3829 774 3894 de
805 3831 1166 3916 BaptismO,
1215 3835 1656 3900 Damascenus
1689 3835 1802 3901 lib.
1856 3840 1920 3901 4.
1956 3836 2039 3901 de

490 3946 645 4028 fide,
696 3967 842 4033 cap.
926 3952 1032 4015 10.
1087 3962 1316 4036 estque
1364 3950 1715 4021 Clementis
1762 3957 2034 4021 Romani

490 4063 602 4129 tib.
639 4066 702 4130 6.
757 4066 1302 4133 constitutionum
1360 4090 1505 4155 cap.
1574 4075 1678 4138 15.
1717 4074 1847 4137 Hoc
1878 4093 2036 4158 ergo

494 4181 684 4247 modo
732 4181 1047 4268 applicata
1103 4184 1267 4250 ratio
1336 4206 1463 4251 non
1527 4187 1953 4274 impugnatur
2000 4211 2035 4256 a

492 4299 786 4376 Doctore,
849 4297 1006 4383 quin
1064 4298 1279 4385 potius
1338 4299 1417 4365 ad
1501 4323 1641 4369 eam
1705 4303 2037 4372 reducitur

491 4413 830 4478 commode
871 4412 1056 4493 rati0‚
1130 4434 1321 4501 quam
1358 4416 1495 4502 ipse
1543 4417 1713 4485 infra
1766 4421 2034 4508 subjun-

490 4530 610 4615 git,
649 4541 719 4596 ut
748 4529 1139 4598 videbimus.

583 4647 959 4714 Dominicus
1011 4649 1163 4714 Soto
1206 4651 1412 4735 carpit
1459 4655 1821 4733 Doctorem,
1860 4655 2030 4742 quod

492 4782 621 4828 non
651 4763 927 4829 fideliter
967 4764 1282 4830 rationem
1325 4765 1492 4832 113110
1538 4789 1618 4833 ex
1658 4771 1731 4835 D.
1789 4770 2029 4838 Thoma

493 4880 806 4960 retulerit,
847 4883 958 4947 sed
992 4879 1353 4966 immerito;
1386 4883 1549 4949 ratio
1581 4885 1756 4950 enim
1781 4888 2029 4954 D.Tho-

493 5017 617 5062 ma}
648 4997 721 5062 in
759 5001 822 5065 3.
853 5007 1035 5083 part.
1073 5010 1294 5084 quaest.
1332 5002 1440 5066 66.
1477 5013 1608 5067 art.
1647 5005 1709 5069 9.
1772 5004 1837 5068 in
1880 5025 2030 5071 ver-

492 5112 593 5179 bis
635 5134 761 5179 non
820 5112 995 5179 aliud
1040 5127 1261 5193 sonat;
1315 5128 1413 5182 est
1452 5118 1735 5185 secunda
1794 5119 1860 5184 in
1891 5141 2027 5186 cor-

490 5250 645 5316 pore
688 5254 702 5295 :
747 5231 1072 5310 Secunde,
1123 5232 1356 5318 inquit,
1396 5234 1466 5298 in
1524 5247 1729 5300 morte
1778 5236 2031 5301 Christi

490 5345 937 5432 baptizamur,
968 5369 1093 5433 per
1132 5370 1327 5434 quam
1384 5352 1708 5415 morimur
1735 5367 2021 5437 peccate,

491 5472 552 5527 et
600 5465 1006 5550 resuryimus
1030 5465 1102 5529 in
1140 5466 1435 5530 novitate
1482 5466 1635 5531 vita·
1663 5493 1688 5547 ,·
1725 5470 2030 5537 Christus

491 5591 709 5646 autem
776 5592 1030 5648 tantum
1067 5584 1267 5648 semel
1306 5593 1600 5649 mortuus
1629 5597 1743 5667 est,
1790 5597 1850 5652 et
1882 5588 2028 5653 ideo

2167 679 2333 745 ratio
2370 679 2529 745 nihil
2562 679 2735 747 aliud
2797 692 3014 761 sonat,
3078 703 3273 769 quam
3316 683 3720 770 Baptismum

2168 815 2429 861 sumere
2487 796 2842 863 efficaciam
2895 817 2930 862 a
3000 810 3206 863 morte
3265 797 3529 878 Christi,
3605 819 3720 885 per

2167 931 2358 996 quam
2404 912 2723 978 morimur
2756 922 3043 999 peccate,
3099 925 3161 978 et
3192 913 3607 1000 resurgimus
3649 915 3715 980 in

2169 1025 2459 1090 novitate
2488 1024 2644 1090 vitae
2698 1048 2712 1104 ;
2761 1025 2848 1091 ita
2908 1025 3099 1092 etiam
3181 1028 3608 1113 responsione
3643 1027 3722 1094 ad

2165 1141 2451 1227 primum
2484 1142 2654 1228 quod
2688 1156 2816 1211 est:
2846 1145 3226 1229 Baptismus
3257 1146 3599 1210 institutus
3629 1149 3723 1210 est

2165 1259 2241 1322 in
2305 1242 2712 1323 ablutionem
2776 1269 3216 1344 peccatorum,
3280 1259 3397 1324 sed
3443 1271 3717 1346 peecata

2164 1372 2523 1456 iterantur,
2610 1385 2733 1439 ete.
2825 1374 3302 1460 Respondetur,
3384 1375 3474 1440 ad
3563 1377 3716 1462 pri-

2164 1509 2344 1554 mum
2381 1511 2535 1576 erqo
2593 1489 2970 1570 dicendum,
3058 1491 3233 1578 quod
3330 1493 3714 1578 Baptismus

2163 1616 2479 1691 operatur
2513 1608 2587 1671 in
2619 1607 2864 1672 virtute
2896 1609 3233 1693 passionis
3276 1608 3553 1688 Christi,
3590 1611 3714 1674 sie-

2163 1733 2232 1787 ut
2290 1742 2497 1807 supra
2527 1721 2780 1788 dietum
2809 1734 2925 1803 est,
2963 1735 3022 1788 et
3053 1724 3206 1790 ideo
3236 1726 3404 1791 sicut
3434 1737 3705 1812 peccata

2160 1843 2504 1927 sequentia
2537 1842 2854 1906 virtutem
2889 1843 3228 1926 passionis
3289 1843 3544 1908 Christi
3574 1863 3709 1908 non

2161 1958 2502 2041 auferunt,
2541 1959 2637 2023 ita
2676 1957 2878 2023 etiam.
2909 1979 3045 2024 uon
3096 1959 3416 2042 auferunt
3477 1960 3711 2045 Bapti-

2159 2096 2394 2155 smum,
2440 2085 2511 2140 ut
2543 2097 2799 2141 necesse
2837 2079 2924 2141 sit
2957 2079 3174 2162 ipsum
3203 2077 3447 2143 iterari
3475 2103 3500 2157 ,·
3536 2089 3709 2144 recte

2161 2212 2318 2277 ergo
2349 2212 2490 2256 eam
2525 2191 2838 2257 rationem
2883 2196 3116 2257 Doctor
3157 2192 3354 2258 refert
3386 2204 3450 2258 et
3497 2193 3707 2280 impu-

2157 2320 2340 2393 gnat,
2380 2320 2448 2373 ut
2480 2319 2653 2395 patet
2687 2309 2992 2390 intuenti,
3050 2330 3262 2395 neque
3292 2309 3515 2396 glossa
3573 2310 3706 2376 Soti

2160 2426 2436 2512 quadrat
2468 2426 2700 2507 textui,
2740 2438 2811 2491 ut
2849 2426 3076 2492 videre
3115 2426 3290 2491 lieet.

2244 2543 2541 2609 Secunda
2585 2544 2773 2622 rati0‚
2812 2564 2962 2629 quae
3010 2542 3353 2609 adducitur
3400 2543 3482 2609 ab
3529 2543 3704 2628 aliis,

2155 2672 2255 2726 est
2312 2681 2393 2725 ex
2467 2681 2542 2726 eo
2610 2660 2781 2747 quod
2823 2663 3311 2726 Sacramentum
3373 2659 3705 2746 imprimat

2155 2776 2593 2841 characterem
2657 2775 3066 2842 indelebilem
3128 2777 3193 2841 in
3247 2777 3487 2843 anima.
3551 2781 3702 2843 naec

2155 2893 2418 2980 quidem
2488 2892 2648 2957 ratio
2724 2914 2878 2959 vera
2945 2907 3066 2975 est,
3122 2895 3218 2960 sic
3264 2894 3524 2961 videtur
3555 2916 3696 2960 eam

2155 3010 2603 3076 Tridentinum
2675 3011 2976 3097 amplecti
3035 3032 3188 3076 sess.
3236 3015 3298 3077 Ἴ.
3357 3010 3435 3078 (10
3472 3014 3698 3078 Sacra-

2154 3128 2391 3195 mentis
2431 3128 2496 3193 in
2529 3148 2793 3214 genere,
2839 3148 2980 3195 can.
3025 3130 3088 3195 9.
3134 3130 3214 3195 Si
3251 3129 3418 3216 quis,
3460 3127 3696 3216 inquit,

2151 3247 2408 3312 dixerit
2449 3248 2518 3311 in
2582 3246 2789 3311 tribus
2822 3248 3296 3327 Sacramentis,
3354 3249 3699 3335 Baptismo

2149 3365 2421 3443 scilieet,
2485 3364 3010 3445 Confirmatione
3066 3374 3125 3428 et
3204 3364 3480 3444 Ordine,
3566 3386 3702 3431 non

2151 3481 2455 3566 imprimi
2485 3480 2937 3545 characterem
2985 3482 3060 3546 in
3097 3483 3352 3559 anima,
3407 3482 3529 3546 hoc
3577 3492 3692 3558 est,

2147 3599 2412 3684 siqnum
2446 3596 2777 3683 quoddam
2809 3598 3168 3683 spirituale
3208 3608 3268 3662 et
3318 3598 3690 3678 indelebile,

2147 3713 2325 3779 unde
2380 3735 2456 3777 ea
2517 3714 2757 3779 iterari
2816 3734 2953 3779 uon
2995 3716 3278 3799 possint,
3343 3716 3698 3781 anathema

2146 3832 2253 3907 sit,
2303 3842 2425 3897 ete.
2471 3832 2550 3894 Et
2587 3829 2757 3895 hanc
2787 3829 2993 3915 ipsam
3048 3828 3407 3896 doctrinam
3451 3829 3696 3917 ample·

2147 3948 2343 4013 ctitur
2390 3950 2621 4012 Doctor
2661 3948 2727 4011 in
2779 3947 2989 4026 titulo,
3027 3969 3142 4014 seu
3178 3947 3316 4035 ipsa
3347 3949 3699 4035 partitione

2149 4063 2533 4151 quaestionis
2585 4063 2962 4152 principalis
3007 4087 3020 4129 :
3069 4066 3395 4145 Secunde,
3443 4067 3679 4152 inquit,

2146 4181 2227 4246 de
2266 4183 2648 4246 charactere
2682 4192 2961 4267 propter
3000 4203 3189 4267 quem
3233 4186 3514 4268 ponitur
3554 4186 3693 4250 ini-

2147 4298 2447 4363 terabilis
2487 4300 2508 4385 (
2558 4296 2790 4383 supple
2829 4298 3198 4383 Baptismus
3231 4299 3253 4387 )
3285 4322 3529 4387 quaer0,
3568 4313 3690 4368 etc.

2146 4428 2208 4481 et
2248 4426 2471 4502 quaest.
2498 4419 2562 4483 9.
2601 4436 2793 4503 quam
2826 4414 2955 4483 illis
3004 4417 3226 4483 verbis
3273 4418 3566 4485 insinuat
3598 4441 3695 4485 ar÷

2143 4543 2457 4617 gumento
2511 4531 2589 4598 ad
2666 4531 3037 4619 oppositum
3100 4555 3134 4598 a
3195 4534 3444 4601 ratione
3485 4557 3565 4602 ex
3613 4558 3694 4603 eo

2142 4647 2312 4733 quod
2383 4648 2750 4734 Baptismus
2825 4649 2910 4715 sit
2971 4649 3383 4733 initerabilis,
3459 4652 3691 4739 probat

2145 4764 2521 4850 imprimere
2552 4766 2988 4832 characterem
3048 4766 3486 4849 indelebilem,
3533 4772 3692 4856 quia

2141 4880 2444 4965 alioquin
2483 4880 2744 4945 nullum
2774 4880 3019 4946 habens
3059 4884 3366 4967 effectum
3430 4884 3688 4950 indele-

2141 4990 2332 5055 bile-m
2375 4992 2591 5076 ipsum
2623 5000 2839 5076 posset
2868 4993 3130 5069 iterari,
3171 4991 3285 5057 sed
3320 4992 3401 5059 de
3442 4993 3562 5060 hac
3622 4995 3685 5060 in

2141 5127 2216 5172 ea
2267 5107 2629 5193 quaestione
2677 5128 2975 5195 agemus,
3031 5108 3194 5184 Quid
3240 5130 3397 5197 ergo
3441 5112 3685 5198 impro-

2140 5221 2249 5287 bat
2281 5224 2388 5290 hic
2417 5224 2448 5289 ἶ)

2229 5340 2684 5426 Respondetur
2726 5363 2852 5407 non
2887 5342 3254 5429 improbare
3297 5343 3468 5410 illam
3512 5345 3680 5410 veri-

2139 5468 2360 5538 tatem,
2408 5479 2642 5546 nempe
2682 5481 2763 5525 ex
2818 5462 3192 5528 charactere
3249 5462 3430 5528 reddi
3462 5464 3683 5529 Sacra-

2142 5596 2432 5651 mentum
2467 5607 2594 5651 non
2629 5585 2941 5667 iterabile,
2987 5588 3099 5655 sed
3140 5590 3290 5677 quia
3357 5591 3499 5658 haec
3538 5613 3680 5678 pro-

3597 401 3604 408 “
3618 403 3736 468 583

3774 2927 4005 2983 Trident-

3782 5388 3975 5515 Sc⁴op=s

3749 5512 3998 5565 Doctoris.
