4287 6313
609 373 722 434 108

621 546 744 603 etc.
813 548 1063 626 spectat
1094 540 1174 606 ad
1224 561 1427 608 unum
1460 560 1576 629 per
1615 561 1686 607 se
1753 551 2167 628 conceptum,

622 652 961 740 pluralitas
1019 677 1088 722 se
1137 657 1335 725 habet
1384 679 1466 724 ex
1496 669 1678 745 parte
1737 657 2170 738 fundamenti,

624 768 729 834 vel
796 769 1083 851 termini,
1126 783 1196 839 ut
1237 772 1300 838 in
1367 775 1667 860 sequenti
1711 772 2171 841 declarabitur.

362 960 546 1013 Deficit
805 1000 818 1012 .
1078 1003 1089 1015 .
1415 1004 1426 1016 .
1468 1007 1479 1018 .

432 1041 488 1097 a,
631 999 892 1068 deficiat
937 1001 1016 1067 ab
1078 1002 1182 1069 illa
1239 1004 1637 1089 conditione,
1691 1004 1864 1092 quod
1924 1018 2025 1072 est
2064 1027 2182 1070 ex-

301 1088 588 1201 ῗζῇῗξῇῗῖῗξ
638 1116 877 1203 plicare
925 1120 1088 1206 quial
1145 1124 1540 1208 completum
1570 1123 1742 1187 cittis
1788 1122 2016 1200 realis,
2064 1140 2180 1186 seu

347 1212 533 1264 stricti.
632 1247 816 1301 extra
863 1235 1147 1301 animam
1184 1236 1553 1317 existentis,
1605 1238 1753 1325 quia
1804 1236 1955 1303 licet
1998 1237 2062 1301 in
2114 1257 2187 1302 re

633 1351 719 1417 sit
777 1352 1072 1439 aptitudo
1110 1352 1189 1419 ad
1257 1354 1652 1441 signandum
1710 1355 2012 1421 effectum
2088 1353 2181 1419 si-

632 1480 931 1555 gnatum,
968 1483 1185 1537 tamen
1232 1471 1372 1558 ipsa
1413 1470 1806 1559 significatio
1840 1492 1966 1537 non
2008 1491 2183 1538 com-

635 1585 794 1674 petit
833 1585 919 1666 ei,
974 1588 1100 1653 nisi
1150 1566 1272 1673 per·
1314 1602 1529 1654 actum
1583 1586 2006 1675 imponentis,
2053 1607 2182 1653 non

633 1716 850 1770 autem
905 1725 988 1770 ex
1041 1716 1270 1770 natura
1329 1705 1446 1771 rei.

335 1848 472 1909 Quid
507 1848 574 1899 sit
726 1820 1035 1906 Aptitudo
1067 1821 1174 1887 illa
1196 1821 1275 1888 ad
1310 1820 1732 1908 signandum,
1771 1843 1965 1910 quam
1989 1822 2185 1889 habet

285 1912 608 2025 ⁸P²i²¹gg⁰r⁰³
636 1956 740 2002 res
790 1935 1126 2003 sensibilis
1181 1936 1504 2014 instituta,
1579 1936 1934 2021 attenditur
1982 1956 2184 2022 penes

325 2037 1003 2150 siflffissaffianalogiam
1047 2053 1419 2141 quamdam,
1466 2075 1664 2142 quam
1711 2055 1905 2120 habet
1960 2055 2039 2119 ad
2097 2056 2184 2121 ef-

347 2160 588 2277 Αξξξιξξῑῑ·
643 2172 879 2237 fectum
914 2192 1106 2258 quem
1152 2171 1504 2258 significat,
1551 2186 1621 2238 ut
1670 2173 1916 2239 ablutio
1956 2194 2184 2260 corpo-

639 2288 727 2353 ris
771 2309 884 2373 per
925 2308 1159 2375 aquam
1229 2288 1307 2354 ad
1351 2288 1751 2355 ablutionem
1813 2289 2184 2376 significan·

635 2402 781 2469 dam
821 2403 1059 2469 animae
1114 2424 1148 2469 a
1191 2416 1453 2490 peccato
1512 2425 1627 2488 per
1665 2406 1968 2491 gratiam.
2023 2406 2186 2473 Hinc

633 2518 1044 2606 Augustinus
1082 2519 1355 2606 epistola
1397 2522 1504 2585 23.
1558 2520 1689 2585 ait:
1744 2521 2183 2587 Sacramenta

632 2635 988 2722 quamdam
1059 2636 1573 2702 similitudinem
1642 2638 1882 2704 liabent
1957 2659 2186 2704 aarum

631 2773 879 2831 rerum,
937 2773 1218 2838 quarum
1257 2764 1409 2819 sicut
1467 2755 1923 2834 Sacramenta,
1990 2776 2187 2841 quam

629 2873 693 2935 si
729 2890 865 2934 mm
898 2869 1240 2950 haberent,
1278 2871 1551 2936 omuino
1580 2871 2019 2937 Sacramenta
2048 2893 2187 2937 non
2233 2958 2239 2966 ,

633 2997 865 3066 essent,
918 2998 1043 3052 etc.
1088 2997 1153 3052 et
1186 2987 1297 3052 lib.
1335 2987 1416 3052 de
1451 2987 1971 3054 Catechizandis
1998 2989 2187 3054 medi·

631 3105 746 3171 bus
784 3125 934 3190 cap.
973 3104 1082 3170 26.
1139 3114 1361 3170 monet
1403 3114 1470 3170 ut
1503 3124 1576 3170 ex
1629 3103 2061 3175 similitudine
2090 3105 2184 3171 rei

631 3220 1144 3286 catechumenus
1184 3217 1264 3282 de
1302 3218 1539 3284 effectu
1594 3217 1931 3301 invisibili,
1987 3241 2182 3306 quem

632 3334 983 3423 significat,
1066 3333 1454 3400 instruatur.
1533 3333 1710 3399 Idem
1781 3335 1891 3400 alii
1960 3338 2187 3402 Patres

631 3449 990 3528 insinuant,
1048 3447 1455 3515 declarantes
1491 3448 1839 3529 rationem,
1877 3450 1959 3516 ob
1982 3470 2183 3537 quam

634 3568 1048 3632 Sacramenta
1087 3564 1154 3630 in
1212 3563 1411 3631 rebus
1465 3564 1889 3633 sensibilibus
1916 3567 2183 3633 institu-

635 3695 718 3749 tae
749 3694 925 3761 sunt,
989 3702 1160 3762 esse,
1208 3678 1278 3747 ut
1330 3702 1410 3747 ex
1467 3681 1571 3746 his
1619 3681 1698 3748 ad
1748 3681 2186 3770 intelligibilia

634 3809 699 3865 et
739 3796 1094 3862 invisibilia
1125 3796 1388 3862 animus
1420 3809 1751 3883 assurgat.
1803 3797 1988 3864 Unde
2018 3798 2189 3863 hanc

326 3924 600 3990 Magister.
635 3912 1134 3982 similitudinem
1171 3914 1522 4000 analogam
1565 3913 2005 4001 proportionis
2052 3926 2185 3980 tam

365 3989 531 4052 nugo.
641 4031 952 4118 Magister
1002 4051 1197 4118 quam
1242 4034 1431 4116 Hugo
1474 4031 1542 4096 in
1583 4030 2029 4097 definitionem
2075 4033 2190 4097 Sa-

640 4147 959 4215 cramenti
1013 4146 1518 4213 transtulerunt.

337 4252 566 4379 vasz'uez
728 4265 1021 4350 Vasquez
1069 4262 1244 4349 disp.
1293 4265 1443 4329 128.
1487 4284 1633 4350 cap.
1677 4268 1742 4328 4.
1788 4264 1956 4330 banc
1994 4261 2190 4329 inter-

363 4382 547 4430 renuit.
644 4381 1069 4468 pretationem
1150 4380 1475 4467 reprobat,
1548 4380 1702 4468 quia
1779 4381 2191 4467 Augustinus

644 4517 773 4564 non
849 4496 1155 4584 intelligit
1241 4495 1717 4562 simultitudem
1797 4496 2185 4576 naturalem,

643 4614 753 4681 sed
796 4633 965 4694 eam,
1011 4634 1161 4701 quae
1200 4623 1300 4679 est
1344 4612 1521 4700 signi
1574 4633 1656 4679 ex
1697 4612 2022 4693 institut0,
2076 4612 2190 4679 sed

643 4730 877 4798 melius
908 4729 1203 4817 antiqui;
1259 4729 1434 4796 unde
1473 4729 1886 4816 Augustinus
1925 4728 2187 4795 subdit:

644 4849 753 4912 Ea:
813 4850 937 4914 hac
996 4857 1213 4912 autem
1297 4844 1755 4911 similitudine
1805 4846 2195 4931 plerumque

638 4965 839 5028 etiam
936 4964 1238 5049 ipsarum
1329 4982 1558 5027 rerum
1658 4961 1936 5027 nomina
2018 4962 2192 5026 acci-

634 5081 857 5166 piunt,
904 5090 1028 5146 etc.
1083 5090 1145 5144 et
1196 5078 1260 5144 in
1302 5076 1429 5143 alio
1478 5078 1618 5143 loco
1665 5075 1904 5144 citato:
1948 5079 2195 5144 Dicen-

641 5194 799 5260 dum
841 5196 1060 5274 etiam,
1111 5193 1346 5281 inquit,
1401 5204 1461 5259 et
1508 5192 1670 5279 quid
1725 5193 2089 5280 siqnisicet,
2135 5204 2196 5258 et

639 5341 855 5386 sermo
907 5320 1042 5399 ille,
1120 5339 1313 5406 quem
1370 5319 1660 5400 audivit,
1744 5320 1909 5406 quid
1950 5320 2019 5385 in
2070 5321 2194 5387 illo

645 5447 998 5526 condatur,
1081 5448 1269 5534 cujus
1334 5447 1460 5512 illa
1507 5467 1615 5512 res
1672 5444 2196 5512 similitudinem

648 5575 843 5666 qerit,
898 5583 1023 5643 etc.
1087 5584 1440 5664 utrumque
1496 5593 1654 5662 ergo
1702 5571 2200 5659 comprehendit

1775 379 1931 442 Lis.
1980 379 2080 441 iv.
2114 378 2736 457 ssn'rsn'mnun.
2806 356 2819 368 '

2289 542 2721 628 Augustinus,
2780 553 2844 607 et
2900 538 3398 606 similitudinem
3441 533 3830 613 naturalem,

2289 668 2353 723 et
2418 657 2923 734 institutionem,
2998 676 3146 744 quae
3213 652 3501 731 accedit3
3573 661 3639 717 et
3688 649 3841 716 licet

2292 774 2436 840 haec
2465 774 2675 862 potior
2708 774 2816 853 sit,
2865 772 2971 838 illa
3018 773 3213 838 etiam
3253 769 3329 836 ad
3362 769 3666 836 effectum
3710 766 3843 831 ins-

718 885 1009 951 Resolvit
1077 887 1359 975 denique
1425 888 1596 976 quod
1671 890 1813 955 haec
1885 888 2178 956 definitio
2285 889 2628 956 tructionis
2663 889 3015 976 plurimum
3054 886 3379 964 conducit,
3420 897 3489 952 ut
3551 894 3723 970 patet
3760 903 3842 947 ex

2294 1007 2624 1073 Patribus,
2680 1009 2869 1073 Caste
2907 1027 3067 1093 ergo
3105 1004 3397 1092 loquitur
3437 1007 3689 1081 Doctor‚
3724 1021 3841 1086 ap-

2295 1123 2547 1213 pellans
2603 1123 2777 1189 illam
2843 1121 3340 1188 similitudinem
3411 1118 3841 1206 aptitudinem

2292 1242 2370 1307 ad
2420 1238 2951 1327 significandum,
2997 1251 3060 1305 et
3093 1239 3302 1324 ipsam
3353 1236 3442 1303 ait
3511 1234 3841 1322 significa-

2295 1357 2541 1423 tionem
2572 1377 2718 1423 esse
2750 1377 2830 1422 ex
2864 1355 3304 1443 impositione.

2382 1473 2725 1540 Concludit
2799 1493 2956 1559 ergo
3054 1475 3286 1537 Doctor
3351 1458 3842 1535 Sacramentum

2296 1588 2578 1667 definiri,
2616 1589 2785 1656 sicut
2816 1589 3215 1655 intentiones
3245 1586 3579 1673 logicales,
3633 1604 3706 1651 ea
3737 1581 3845 1649 de-

2299 1705 2620 1786 finitione,
2657 1728 2805 1794 quae
2852 1707 3096 1774 sufficit
3128 1706 3325 1772 etiam
3377 1704 3456 1771 ad
3501 1703 3839 1771 scientiam

2299 1824 2561 1912 proprie
2601 1824 2862 1902 dictam,
2910 1836 2980 1890 ut
3020 1844 3169 1910 quae
3208 1823 3294 1890 sit
3334 1842 3449 1910 per
3516 1840 3729 1908 genus
3782 1828 3846 1885 et

2295 1940 2755 2019 differentiam,
2809 1953 2872 2006 et
2918 1939 3114 2006 habet
3157 1939 3582 2026 proprietates
3620 1954 3846 2002 conse·

2295 2067 2570 2142 quentes
2629 2068 2695 2123 et
2769 2055 3366 2135 demonstrabiles;
3427 2054 3552 2120 alia
3627 2063 3845 2118 autem

2298 2173 2454 2254 du0,
2488 2194 2635 2262 quae
2687 2173 3051 2261 impediunt
3090 2172 3566 2249 definitionem,
3602 2180 3673 2235 ut
3701 2188 3847 2235 esse

2295 2302 2682 2376 conceptum
2742 2290 3130 2377 simpliciter
3195 2288 3555 2376 simplicem
3597 2298 3661 2352 et
3699 2303 3847 2351 esse

2292 2406 2657 2493 singulare,
2694 2419 3118 2473 removentur
3147 2426 3183 2472 a
3215 2407 3656 2472 Sacrament0.

2865 2706 2948 2762 SC
2960 2706 3267 2764 HOLIUM.

2368 2988 2650 3047 Resolvit
2690 2988 3155 3043 Sacramentum
3214 2999 3347 3041 esse
3403 2984 3745 3051 definibile.
3772 2986 3850 3043 ad

2298 3088 2550 3145 modum
2592 3084 3010 3142 secundarum
3069 3083 3508 3141 intentionum.
3568 3084 3852 3155 Explicat

2296 3186 2705 3259 quaestionem
2737 3186 2786 3236 si
2838 3188 2915 3237 est
2964 3197 3085 3239 non
3127 3182 3603 3251 intelligendam
3636 3181 3712 3238 de
3743 3197 3848 3238 ac-

2293 3282 2588 3350 tuali,sed
2619 3281 2694 3338 de
2726 3279 3051 3352 potentiali
3085 3281 3438 3347 existentia,
3471 3284 3532 3336 et
3562 3283 3651 3336 sic
3681 3294 3849 3337 com-

2295 3386 2506 3455 petere
2539 3383 2953 3436 SacramentO.
2988 3380 3166 3436 Ponit
3194 3378 3477 3436 ordinem
3508 3381 3643 3450 ejus
3683 3378 3847 3451 quod

2298 3481 2532 3538 dicitur
2560 3495 2676 3551 per
2705 3494 2949 3547 nomen,
2983 3478 3060 3535 ad
3098 3479 3515 3549 cognitionem
3545 3482 3597 3534 si
3617 3484 3715 3535 est.

2389 3694 2508 3762 Ex
2539 3688 2663 3762 his
2714 3689 3118 3783 praedictis
3170 3693 3393 3782 patet
3452 3691 3847 3763 secundus

2299 3807 2722 3889 articuluS,
2861 3806 3068 3898 quod
3191 3809 3843 3889 Sacramentum,

2299 3928 2323 4018 (
2366 3924 2793 4017 supposito
2837 3923 3041 4015 quod
3080 3921 3254 4016 ejus
3289 3922 3396 3994 sit
3459 3922 3672 3998 ratio
3715 3944 3851 3996 no-

2303 4042 2569 4126 miniS,
2625 4062 2798 4134 quae
2833 4061 3082 4134 supra
3120 4039 3385 4132 posita
3438 4045 3586 4120 est,
3639 4043 3662 4124 )
3714 4059 3852 4131 po-

2304 4161 2468 4233 test
2532 4154 3020 4249 simpliciter
3061 4160 3142 4228 et
3188 4175 3332 4247 per
3379 4176 3463 4227 se
3502 4153 3843 4236 definiri,

2302 4295 2400 4348 eo
2455 4275 2713 4355 modo,
2769 4271 3443 4365 quointentiones
3487 4272 3851 4345 secundae

2303 4395 2492 4464 sunt
2530 4410 2674 4483 per
2707 4410 2791 4461 se
2822 4387 3290 4472 definibileS,
3333 4392 3414 4464 et
3457 4390 3665 4480 quod
3716 4392 3852 4462 ab·

2305 4508 2568 4580 solute
2627 4504 2828 4576 nihil
2908 4508 3335 4598 repugnat,
3396 4504 3585 4597 quin
3634 4506 3857 4579 abso-

2303 4624 2471 4698 lute
2539 4626 2619 4695 et
2685 4621 3119 4694 verissime
3168 4621 3624 4701 definiatur,
3698 4623 3857 4696 nisi

2308 4739 2494 4833 quia
2562 4737 2991 4832 proprium
3067 4737 3243 4829 eJus
3317 4737 3665 4811 formale
3733 4744 3858 4811 est

2305 4878 2446 4929 ens
2501 4855 2873 4938 rationis,
2913 4855 3039 4927 vel
3079 4854 3239 4928 nisi
3273 4855 3461 4946 quia
3522 4855 3858 4929 includit

2307 4973 2634 5066 aliquid,
2674 4972 2880 5064 quod
2919 4976 3043 5045 est
3097 4970 3433 5064 praecise
3474 4992 3614 5043 ens
3666 4970 3858 5043 rati·

2311 5091 2512 5166 onis.
2552 5093 2671 5163 Ex
2714 5089 2872 5161 isto
2933 5087 3285 5163 articulo
3332 5091 3554 5182 patet
3594 5087 3858 5161 corol-

2308 5209 2540 5290 larie.
2582 5207 2979 5301 quomodo
3023 5228 3107 5278 se
3148 5205 3441 5281 habent
3494 5205 3855 5298 cognitio

2310 5331 2471 5419 quid
2510 5341 2602 5397 cst
2635 5331 2715 5400 et
2744 5330 2804 5395 si
2832 5339 2947 5408 est,
3005 5324 3400 5399 ordinate.
3442 5326 3532 5398 In
3581 5324 3859 5416 cogni-

2310 5447 2531 5522 tione
2562 5465 2909 5537 namque
2939 5449 3000 5514 si
3027 5459 3141 5524 est,
3181 5445 3614 5518 secundum
3650 5445 3860 5536 quod

2311 5564 2695 5658 praecedit
2726 5561 3281 5655 cognitionem
3337 5565 3499 5655 quid
3546 5577 3659 5649 est,
3696 5584 3859 5638 non
