4287 6313
1523 426 1722 490 DlST.
1770 425 1816 487 Ι.
1867 422 2228 500 QUAESTIO
2278 421 2351 483 11.

392 582 395 585 “
446 600 689 677 tium,
728 598 952 692 patet
985 615 1086 668 ex
1117 593 1354 668 dictis
1417 591 1497 665 in
1566 587 1991 685 explicati-

451 736 606 790 one
649 712 1142 789 definitionis
1182 710 1591 804 Magistri.

545 832 657 905 Ad
728 834 1135 924 quartum,
1215 831 1480 922 potest
1543 828 1824 918 patere
1899 843 1997 895 ex

446 950 642 1032 illis,
688 948 877 1041 quia
927 948 1133 1040 quod
1183 965 1342 1019 una
1405 942 1764 1018 definitio
1838 962 1997 1014 non

445 1064 864 1159 exprimit,
910 1063 1074 1136 alia
1117 1060 1533 1153 exprimit,
1597 1062 1684 1132 ut
1744 1057 1859 1131 sic
1901 1078 2000 1130 ex

449 1184 822 1259 omnibus
857 1182 1335 1273 colligendo,
1404 1179 1610 1273 quod
1644 1177 1998 1271 sparsim

454 1297 868 1380 invenitur
901 1298 979 1370 in
1024 1296 1395 1390 singulis,
1459 1296 1716 1389 possit
1769 1295 2001 1369 habe-

459 1410 528 1482 ri
574 1429 734 1482 una
790 1406 1148 1480 definitio
1217 1406 1657 1497 completa,
1730 1404 1998 1496 qualis

455 1531 583 1600 est
617 1525 758 1598 illa
798 1544 1050 1619 supra
1083 1523 1376 1619 posita..

890 1754 1555 1821 COMMENTARIUS.

229 1996 308 2072 9..
559 1984 648 2073 (d)
685 1988 779 2051 De
829 1987 1023 2052 tertio
1049 1987 1424 2072 principali
1471 1986 1643 2065 dico,
1699 1996 1820 2053 etc.
1878 1989 2009 2053 Hoc

140 2064 395 2176 ῃῖῑᾞξξ.
461 2102 722 2169 tandem
764 2103 1036 2170 articulo
1067 2103 1261 2170 tradit
1299 2103 1745 2170 definitionem
1778 2108 2008 2173 Sacra-

461 2220 687 2297 menti,
771 2240 1046 2307 eamque
1104 2240 1216 2307 per
1273 2220 1624 2307 particulas
1696 2219 2002 2289 declarat.

458 2341 822 2422 Antequam
879 2336 958 2402 ad
1025 2336 1528 2423 explicationem
1597 2352 1661 2404 et
1725 2336 2008 2424 probati-

456 2472 650 2517 onem
702 2451 1136 2540 singularium
1174 2452 1540 2533 veniamus,
1607 2454 2006 2540 praemittam

458 2568 875 2636 definitiones
906 2591 940 2637 a
984 2570 1313 2655 primariis
1362 2570 1738 2638 auctoribus
1797 2572 2004 2640 datas.

558 2687 769 2751 Prima
801 2697 896 2752 est
922 2686 1071 2753 talis
1119 2708 1200 2753 ex
1244 2687 1608 2772 Augustino
1669 2691 1730 2753 1.
1767 2688 1850 2754 de
1898 2690 2010 2755 Ci-

398 2850 435 2897 ·.
465 2800 673 2865 vitate
709 2802 855 2879 Dei,
899 2822 1046 2898 cap.
1095 2806 1156 2867 5.
1206 2802 1713 2868 Sacramentum
1770 2814 1863 2870 est
1897 2825 2009 2869 sa-

155 2911 427 3025 {ffl-
463 2937 599 2980 ενα»
636 2917 738 2981 rei
762 2917 1048 3002 siqnum.
1086 2917 1380 2984 Secunda
1420 2929 1518 2984 est
1550 2918 1774 2984 Isidori
1817 2919 2004 2986 lib.6.

134 3035 400 3149 Gal-{tegitis
463 3034 734 3118 etymol.
789 3055 937 3121 cap.
997 3037 1102 3100 18.
1164 3036 1666 3101 Sacramentum
1716 3047 1827 3117 est,
1884 3057 2008 3123 per

410 3137 426 3215 ἶ
459 3149 639 3237 quod
676 3151 791 3217 sub
832 3163 1198 3239 teyumento
1237 3174 1462 3218 rerum
1495 3152 1865 3219 visibilium
1902 3153 2005 3220 di-

459 3269 623 3333 vina
657 3272 868 3335 virtus
885 3272 1120 3336 secreti
1125 3292 1197 3336 us
1215 3271 1499 3337 salutem
1523 3282 1864 3357 operatur,
1876 3282 2002 3337 etc.

459 3387 639 3451 Hanc
713 3385 1055 3452 Gratianus
1138 3391 1197 3452 1.
1281 3399 1506 3473 quaest.
1600 3392 1661 3454 1.
1705 3409 1761 3454 c.
1836 3385 2006 3453 Mul·

457 3501 514 3564 ti
612 3502 1056 3582 soecularium,
1115 3514 1236 3568 etc.
1342 3502 1571 3568 tribuit
1659 3501 2002 3589 Gregorio,

455 3610 531 3672 D.
572 3608 852 3676 Thomas
887 3630 1046 3676 vero
1080 3611 1155 3676 in
1193 3613 1257 3675 4.
1294 3609 1448 3676 dist.
1475 3614 1535 3676 1.
1565 3621 1792 3698 quoest.
1851 3614 1907 3676 1.
1945 3621 2009 3676 et

456 3726 853 3811 Augustino,
899 3728 1133 3812 reipsa
1198 3727 1540 3816 utriusque
1604 3728 1728 3796 dici
1765 3738 2004 3815 potest,

460 3841 618 3907 licet
658 3841 868 3929 quoad
909 3841 1182 3910 sormam
1217 3845 1568 3911 verborum
1620 3844 1706 3911 sit
1746 3842 2004 3912 Isidori.

465 3957 684 4023 Tertia
715 3970 814 4025 est
844 3959 1136 4046 Hugonis
1193 3960 1303 4025 lib.
1356 3964 1415 4028 1.
1452 3960 1534 4026 de
1563 3962 2012 4034 Sacramentis

460 4096 533 4160 p.
589 4078 653 4140 9.
689 4096 745 4141 c.
795 4077 857 4140 Ξ.
930 4078 1429 4144 Sacramentum
1497 4088 1590 4144 est
1667 4079 2013 4164 corporale

463 4190 862 4257 elementum
907 4193 1082 4276 foris
1125 4195 1530 4262 sensibiliter
1563 4196 2003 4283 propositum,

459 4327 551 4371 ex
594 4306 1044 4373 similitudine
1071 4321 1574 4395 reproesentans,
1613 4332 1698 4376 ea:
1745 4313 2010 4378 institu-

461 4423 645 4487 tione
727 4425 1142 4510 siqnificanS,
1208 4437 1269 4492 et
1345 4448 1429 4491 ex
1483 4429 2013 4511 sanctificatione

459 4540 810 4605 continens
842 4542 1266 4621 invisibilem,
1305 4553 1366 4608 et
1393 4544 1821 4629 spiritualem
1848 4566 2005 4631 qra-

464 4655 652 4735 tiam,
691 4667 815 4723 etc.
844 4658 1079 4732 Quarta
1111 4669 1212 4723 est
1242 4657 1572 4745 Magistri:
1613 4660 2012 4726 Sacramen-

128 4744 402 4872 Q
468 4785 608 4839 tum
628 4786 721 4839 est
769 4774 1134 4840 invisibilis
1161 4776 1401 4861 qratiae
1435 4776 1719 4843 visibilis
1754 4779 2001 4862 forma,

115 4873 441 4987 &fflgmi
468 4893 764 4981 ejusdem
794 4893 1034 4979 qratia?
1081 4892 1598 4959 similitudinem
1647 4916 1904 4980 yerens,
1950 4908 2010 4962 et

173 5000 262 5050 ¹³³¹
295 5000 371 5050 V·
465 5031 670 5075 causa
734 5010 1046 5086 existens,
1110 5020 1232 5074 etc.
1287 5012 1436 5075 Haec
1478 5023 1734 5097 sumpta
1785 5022 1881 5077 est
1928 5033 2008 5079 ex

467 5129 744 5214 Hugone
818 5127 892 5191 in
969 5126 1243 5192 Summa
1311 5137 1588 5192 sentent.
1664 5138 1856 5195 tract.
1936 5133 2002 5194 4.

463 5265 610 5330 cap.
669 5247 729 5309 1.
795 5243 894 5309 Ab
958 5241 1081 5308 hac
1130 5262 1357 5328 parum
1407 5241 1627 5309 differt
1674 5242 1782 5310 illa
1829 5247 2008 5311 Cate-

463 5358 698 5426 chismi
742 5358 837 5425 Pii
869 5360 922 5422 V
950 5379 965 5423 τ
999 5359 1502 5424 Sacramentum
1524 5370 1616 5425 est
1647 5361 2010 5428 invisibilis

460 5478 700 5563 qratioe
734 5477 1007 5562 siqnum
1044 5474 1323 5555 visibile,
1360 5474 1450 5540 ad
1481 5487 1778 5542 nostram
1806 5478 2009 5563 justi-

461 5595 846 5676 ficationem
878 5592 1275 5671 institutum,
1324 5601 1446 5658 etc.

3569 418 3671 477 lll

3754 602 3931 657 Prima

2197 583 2381 652 Circa
2437 580 2854 652 definitiones
2902 580 3248 671 pl'aedicms
3290 581 3474 668 plura
3535 601 3653 647 ΠΟ·
3734 665 3960 718 definitio

3795 745 3887 794 per

2106 714 2246 769 tant
2293 706 2622 782 DoctoreS,
2669 722 2818 789 quae
2859 699 3196 768 brevitatis
3228 697 3439 788 gratia
3467 697 3658 765 omit-

2108 820 2331 887 timuS.
2400 818 2559 890 lllud
2614 818 3432 906 advertendum‘primam,
3507 837 3655 903 qua}
3699 805 3974 905 fflt‘i’ffiffg

2110 937 2349 1005 dicitur
2426 937 2802 1025 Augustini,
2886 935 3159 1023 praefato
3239 934 3404 1013 1000,
3469 934 3551 1001 ab
3582 955 3656 1001 eo
3682 916 4004 1046 ᾋῙὲζξξωξ*

2109 1076 2224 1141 per
2279 1053 2941 1122 accommodationem
3010 1053 3359 1140 quamdam
3441 1051 3658 1140 potius

2110 1172 2391 1250 desumi,
2474 1191 2751 1259 eamque
2828 1171 3023 1238 tradit
3102 1170 3418 1258 Magister
3481 1169 3640 1247 hic;

2111 1311 2240 1356 non
2272 1289 2441 1377 quod
2474 1289 2536 1354 in
2580 1309 2657 1355 eo
2687 1287 2918 1368 forma,
2955 1299 3065 1354 aut
3095 1310 3176 1355 ex
3236 1287 3535 1355 instituto
3575 1284 3661 1353 sit

2110 1404 2485 1493 Augustini,
2540 1404 2689 1493 quia
2743 1403 2984 1471 ibidem
3052 1402 3281 1469 definit
3346 1401 3658 1470 sacrifici-

2114 1542 2249 1601 um,
2295 1520 2375 1588 de
2405 1542 2534 1609 quo
2574 1521 2710 1608 agit
2744 1544 2759 1601 ;
2796 1520 2932 1607 agit
2974 1518 3148 1585 enim
3179 1518 3258 1585 de
3279 1518 3601 1606 legalibus
3636 1541 3652 1586 t
3685 1507 3985 1622 mgfffiffm

2115 1639 2544 1721 Sacrificium
2626 1658 2780 1724 erqo
2902 1636 3188 1717 visibile,
3294 1637 3658 1703 invisibilis
3714 1694 3724 1705 .
3820 1649 3880 1683 ex

3816 1710 3829 1743 1
3954 1733 3967 1746 .

2113 1756 2439 1839 sacrificii
2506 1764 2995 1820 sacramentum
3060 1763 3173 1834 est,
3256 1753 3330 1819 id
3368 1764 3480 1834 est,
3551 1776 3657 1821 sa·
3711 1699 4004 1808 1133?quoe

2117 1893 2303 1940 crum
2339 1873 2628 1959 siqnum.
2676 1875 2871 1937 Recte
2909 1869 3103 1938 etiam
3146 1872 3212 1938 S.
3248 1873 3655 1938 Bonaventu·
3681 1821 4007 1933 scffiffiffii.

2119 2010 2191 2056 ra
2249 2000 2431 2076 putat
2489 2008 2602 2075 per
2667 1986 2843 2054 illam
2878 2007 3008 2053 non
3046 1983 3303 2052 definiri
3339 1986 3658 2053 rationem

2118 2104 2507 2171 sacramenti
2565 2103 2906 2190 complete,
2982 2102 3096 2169 sed
3155 2113 3408 2168 tantum
3448 2122 3662 2189 genus

2119 2223 2534 2300 sacramenti,
2584 2242 2822 2310 nempe
2877 2241 3024 2288 esse
3072 2220 3335 2308 signum
3383 2241 3663 2302 sacrum,

2118 2338 2292 2426 quod
2331 2338 2641 2424 competit
2671 2337 2893 2406 multis
2959 2337 3129 2417 aliis,
3187 2349 3257 2405 ut
3315 2336 3661 2418 sacrificiu,

2121 2451 2293 2539 quod
2324 2451 2657 2518 adnotavit
2696 2454 3009 2539 vasquez,
3049 2451 3173 2519 nisi
3211 2471 3323 2537 per
3381 2472 3518 2517 rem
3556 2472 3669 2517 sa-

2119 2590 2305 2634 cram
2381 2550 2782 2655 intelligatur
2855 2568 3062 2656 gratia
3125 2566 3560 2648 sanctificanS,
3600 2580 3670 2635 ut

2120 2683 2382 2751 videtur
2412 2683 2750 2751 intendere
2817 2684 3153 2772 Magister,
3207 2687 3303 2750 sic
3354 2686 3503 2764 erit,
3564 2684 3668 2749 in-

2121 2800 2287 2886 quit,
2349 2801 2521 2867 bona
2580 2801 2913 2884 desinitiO,
2962 2801 3076 2869 sed
3137 2821 3350 2888 neque
3388 2821 3468 2867 ex
3514 2821 3662 2880 usu,

2122 2938 2335 3006 neque
2367 2938 2447 2985 ex
2488 2919 2850 2985 intentione
2906 2918 3283 3007 Augustini,
3330 2917 3425 2984 sic
3463 2918 3667 2985 sumi·

2119 3047 2227 3102 tur
2256 3056 2360 3102 res
2390 3056 2584 3102 sacra
2621 3059 2646 3115 ,·
2698 3035 2762 3099 in
2813 3032 3192 3100 definitione
3223 3045 3441 3100 autem
3475 3054 3669 3121 opor·

2120 3164 2210 3219 tet
2284 3151 2564 3238 exprimi
2631 3150 2936 3218 distincte
2993 3150 3308 3217 rationem
3387 3147 3665 3229 definiti,

2121 3267 2437 3354 quidquid
2499 3267 2851 3333 intenderit
2896 3264 3243 3344 definiens,
3311 3265 3483 3353 quod
3540 3286 3670 3331 non

2122 3381 2195 3448 fit
2222 3384 2541 3450 vocabulo
2591 3383 2924 3470 genericO,
2974 3383 3099 3450 nisi
3142 3381 3319 3449 aliud
3350 3381 3669 3469 adjunga-

2117 3510 2225 3565 tur
2280 3499 2591 3580 limitans,
2668 3500 2730 3565 in
2802 3499 2946 3589 ipsa
3004 3497 3411 3579 definitione,
3500 3498 3669 3566 sicut

2119 3615 2444 3704 contingit
2481 3618 2543 3681 in
2578 3616 2908 3703 sequenti.

2211 3731 2447 3799 Definit
2477 3753 2634 3820 ergo
2676 3737 2906 3798 Doctor
2946 3733 3042 3799 sic
3083 3756 3097 3801 ε
3157 3734 3663 3798 Sacramentum
3739 3695 3979 3829 Deiig‘itio

2119 3872 2255 3917 esse
2299 3852 2565 3938 siqnum
2620 3850 2931 3916 sensibile
2994 3852 3288 3937 qratiam
3361 3850 3511 3928 Dei,
3562 3848 3665 3914 vel
3731 3821 3966 3948 ⁰92.ssssss

2121 3968 2426 4052 effectum
2458 3968 2579 4031 Dei
2607 3968 2973 4052 qratuitum
2998 3987 3081 4030 ea:
3114 3964 3531 4031 institutione
3561 3964 3669 4030 di·
3690 3942 4012 3997 sacramenti.

2120 4083 2283 4148 vina
2310 4082 2680 4166 efficaciter
2716 4081 3132 4167 siqnilicans,
3157 4078 3549 4146 ordinatum
3578 4078 3667 4145 ad

2120 4199 2397 4265 salutem
2448 4198 2739 4263 hominis
2783 4198 3086 4276 viatoriS,
3126 4207 3248 4263 etc.
3287 4199 3357 4262 ln
3400 4197 3522 4262 hac
3552 4194 3671 4261 de-

2123 4312 2420 4379 finitione
2476 4325 2610 4380 tres
2669 4312 2799 4379 illae
2850 4311 3185 4398 particulae
3249 4314 3536 4398 siqnum,
3590 4332 3673 4375 ea:

2121 4430 2361 4495 divina
2394 4430 3217 4515 institutione,eflicaciter
3243 4429 3658 4516 siqnilicans,

2123 4545 2433 4612 denotant
2498 4566 2711 4632 genus
2804 4543 3079 4610 definiti.
3166 4544 3278 4610 Illa
3353 4542 3670 4631 particula

2116 4662 2451 4741 sensibile,
2498 4662 2901 4748 subjectum,
2937 4659 3048 4725 illa'
3108 4660 3445 4746 particula,
3512 4682 3671 4747 yra-

2124 4781 2287 4844 tiam
2328 4799 2442 4845 seu
2478 4779 2783 4863 effectum
2825 4778 2949 4842 Dei
2982 4777 3352 4863 qratuitum
3391 4776 3671 4843 ordina-

2120 4904 2280 4973 tum,
2317 4906 2441 4962 etc.
2496 4892 2756 4959 denotat
2811 4892 3190 4974 terminum,
3254 4904 3320 4959 et
3359 4892 3455 4959 sic
3513 4891 3671 4959 defi·

2121 5010 2280 5075 nitio
2310 5021 2410 5076 est
2441 5008 2734 5087 relativa,
2773 5018 2843 5074 ut
2876 5019 3049 5094 patet
3097 5029 3177 5075 ex
3225 5021 3432 5088 textu,
3470 5029 3664 5076 versu

2124 5125 2430 5202 Qualiter
2512 5135 2733 5191 autem
2789 5127 2910 5191 hoc
2969 5126 3205 5212 possit.
3263 5128 3398 5191 Hoc
3455 5130 3670 5190 autem

2117 5241 2401 5327 amplius
2442 5240 2751 5327 probatur
2781 5261 2896 5327 per
2936 5240 3222 5327 singula.

2212 5359 2280 5422 ln
2314 5356 2544 5443 primis
2582 5368 3060 5424 sacramentum
3105 5356 3342 5424 dicitur
3381 5377 3527 5423 esse
3572 5357 3669 5421 si-

2119 5495 2343 5560 qnum,
2390 5487 2513 5540 etc.
2551 5470 2703 5559 quia
2740 5473 3154 5540 constituitur
3196 5472 3260 5538 in
3292 5493 3535 5560 genere
3573 5471 3668 5538 si-

2117 5590 2258 5679 gni,
2359 5602 2429 5657 ut
2496 5588 2859 5678 proemissoe
2907 5610 3137 5657 omnes
3250 5588 3666 5656 definitiones

3730 5425 3880 5496 Quod
3924 5425 3991 5477 sit

3751 5504 3792 5538 si
3831 5502 3951 5538 num

3711 5564 3806 5618 pro
3872 5556 3982 5605 tur·
