4287 6313
618 361 728 427 174

606 528 761 595 tivae
799 528 865 595 in
907 550 1101 597 suum
1134 529 1486 618 objectum,
1541 525 1960 614 potissimum
1995 547 2165 593 vero

606 645 984 734 cognitivae,
1024 646 1194 713 sicut
1223 646 1481 731 sagittae
1514 643 1579 708 in
1605 663 1877 729 scopum
1906 665 1921 723 ;
1959 654 2022 709 et
2056 642 2168 708 hic

610 776 709 829 est
755 774 961 841 actuS,
1027 783 1154 850 quo
1196 760 1421 827 unitur
1469 761 1748 849 objectO,
1807 769 1919 825 aut
1981 758 2166 846 prin-

614 879 858 966 cipium
898 879 1065 966 ejuS,
1112 889 1176 946 et
1239 877 1671 964 distinguitur
1749 887 1972 942 contra
2026 895 2163 940 rem

614 995 845 1082 ipsam,
901 1016 1016 1062 seu
1084 994 1409 1081 objectum
1479 994 1543 1059 in
1594 991 1765 1081 quod
1844 991 2157 1059 tenditur.

614 1111 777 1178 Hinc
801 1112 907 1178 illa
930 1110 1209 1200 quaestio
1230 1109 1400 1197 apud
1426 1110 1847 1178 Animalistas
1875 1133 1889 1177 ε
1931 1111 2164 1177 Utrum

614 1227 791 1294 idem
834 1229 1045 1314 possit
1085 1249 1218 1294 esse
1256 1249 1362 1293 res
1401 1238 1461 1293 et
1491 1229 1780 1294 intentio
1818 1229 2042 1309 simul,
2096 1226 2162 1293 id

613 1355 735 1423 est,
781 1343 1031 1429 species
1073 1342 1406 1409 sensibilis
1465 1353 1528 1409 ει
1577 1344 1901 1431 objectum
1936 1364 2162 1423 sensa-

307 1488 541 1540 secunda
613 1460 838 1527 tioniS.
886 1459 1182 1526 Secundo
1218 1456 1555 1546 significat
1587 1480 2012 1546 progressum
2048 1479 2162 1524 vo-

300 1554 545 1617 acceptio.
613 1576 880 1644 luntatis
940 1576 1004 1641 in
1075 1575 1296 1654 finem,
1335 1589 1405 1642 ut
1469 1575 1896 1661 distinguitur
1935 1586 2162 1641 contra

612 1703 859 1759 motum
929 1694 1072 1779 ejus
1114 1693 1178 1757 in
1221 1691 1453 1770 media,
1518 1707 1581 1759 et
1620 1692 1743 1758 alia
1803 1713 1953 1779 quae
2004 1703 2162 1758 sunt

610 1810 688 1876 ad
722 1808 958 1887 finem;
996 1819 1056 1874 et
1123 1808 1218 1874 sic
1275 1807 1707 1894 distinguitur
1737 1820 1960 1875 contra
2002 1828 2162 1874 con-

610 1925 1053 2003 sultationem,
1099 1925 1509 2006 electionem,
1550 1925 2034 2002 executionem,
2100 1934 2163 1989 et

607 2042 1009 2130 hujusmodi.
1058 2045 1127 2108 In
1206 2043 1417 2128 prima
1460 2056 1526 2108 ct
1564 2042 1847 2109 secunda
1904 2037 2161 2128 signifi-

291 2153 585 2263 A‘ffssfflssm
611 2162 866 2229 catione
935 2183 1062 2228 non
1132 2162 1284 2229 facit
1350 2162 1428 2228 ad
1476 2161 1937 2249 propositun1;
2002 2181 2162 2247 ergo

341 2276 533 2404 volgat-
614 2290 864 2345 tantum
908 2278 1094 2344 tertia
1161 2279 1451 2365 acceptio
1500 2276 1974 2345 accommodari
2044 2298 2160 2363 po-

308 2356 486 2455 ptum.
615 2407 764 2476 test,
811 2406 1130 2481 quatenus
1180 2395 1427 2462 scilicet
1497 2396 1665 2460 Deus
1708 2394 1983 2460 assumit
2044 2394 2160 2459 Sa—

615 2526 969 2589 cramenta,
1033 2524 1101 2578 ut
1151 2512 1585 2579 instrumenta
1645 2511 1721 2577 ad
1765 2508 2161 2577 causandam

614 2630 920 2718 gratiam,
995 2641 1057 2694 et
1107 2629 1199 2696 sic
1248 2628 1467 2694 omnia
1536 2627 1972 2694 instrumenta
2017 2647 2160 2691 mo-

609 2759 846 2814 ventur
871 2758 932 2812 et
959 2745 1369 2833 applicantur
1401 2744 1918 2811 intentionaliter
1949 2743 2029 2810 ab
2059 2763 2161 2809 ar-

538 2932 543 2935 ,
605 2862 806 2942 tisice,
845 2883 1004 2949 ergo
1047 2864 1168 2928 hoc
1208 2882 1333 2927 non
1392 2873 1482 2927 est
1549 2859 1879 2948 peculiare
1936 2860 2001 2925 in
2052 2880 2160 2926 sa-

596 2977 1000 3057 cramenti&
1056 2976 1275 3042 omnia
1342 2976 1515 3041 enirn
1586 2982 2018 3041 assumuntur
2074 2994 2159 3039 ex

609 3094 972 3161 intentione
1006 3091 1180 3171 finis,
1221 3112 1378 3179 crgo
1408 3090 1875 3179 distinguendo
1907 3091 1973 3158 in
1999 3089 2161 3178 ipsis
2253 3138 2260 3145 -

606 3221 856 3277 motum
939 3208 1430 3275 intentionalem
1509 3220 1732 3274 contra
1814 3207 2159 3294 physicum

603 3324 993 3414 principium
1029 3336 1094 3392 et
1124 3324 1469 3402 actionem,
1521 3322 1679 3388 nihil
1717 3323 2009 3389 inveniet
2047 3324 2160 3387 Ca-

595 3443 886 3529 jetanuS,
956 3440 1083 3508 nisi
1114 3453 1363 3507 motum
1400 3441 1669 3507 moralis
1697 3460 1948 3520 causae,
1994 3458 2160 3527 qua-

601 3570 792 3627 tenus
842 3580 922 3625 ex
959 3558 1093 3625 sola
1144 3558 1253 3624 Dei
1297 3556 1636 3623 voluntate
1694 3569 1757 3623 et
1797 3556 2162 3622 intentione

602 3686 1053 3757 assumuntur,
1127 3687 1191 3742 et
1257 3676 1333 3741 ad
1402 3673 1902 3761 applicationem
1981 3673 2160 3761 ipso—

604 3814 749 3859 rum
808 3793 1068 3859 seclusa
1117 3789 1373 3858 actione
1431 3790 1733 3876 physica,
1783 3788 1923 3876 ipse
1979 3787 2161 3857 solus

603 3909 902 3996 producit
927 3909 1203 3995 gratiam
1247 3906 1549 3994 physice,
1613 3928 1762 3994 quae
1804 3906 1869 3970 in
1905 3916 2159 3973 tantum

604 4024 686 4090 ab
773 4023 931 4110 ipsis
1010 4021 1359 4107 dependet,
1450 4020 1839 4109 inquantum
1919 4018 2162 4086 habent

607 4161 928 4207 annexam
980 4138 1482 4226 promissionem
1538 4149 1602 4204 et
1680 4136 2159 4204 institutionem

610 4255 748 4323 Dei.

373 4403 457 4455 56.
697 4374 1010 4448 Quartum
1068 4390 1224 4436 vero
1289 4368 1447 4436 illud
1501 4368 2015 4436 additamentum
2082 4368 2162 4435 de

294 4467 544 4579 &¹333ss
613 4487 1018 4554 intimatione
1068 4485 1328 4572 imperii
1394 4485 1457 4551 in
1519 4485 1712 4552 rebus
1754 4484 2159 4552 insensibili-

274 4590 558 4705 intiffisatio-
611 4605 733 4671 bus
773 4602 979 4691 exigit
1022 4603 1231 4689 magis
1302 4600 1722 4688 interpretem
1766 4622 1960 4688 quam
2034 4601 2160 4667 im-

293 4715 578 4829 rerffzdssm
612 4713 1106 4808 pugnatorem,’
1135 4739 1281 4784 nam
1343 4718 1396 4783 si
1470 4715 2156 4804 proprie-loquamur,

258 4798 292 4848 p
354 4797 386 4846 p
612 4856 740 4903 non
771 4835 843 4902 fit
892 4834 1237 4912 intimatio,
1285 4833 1410 4900 nisi
1462 4843 1789 4900 creaturae
1824 4833 2155 4915 rationali,

605 4950 992 5019 declarando
1023 4971 1159 5017 rem
1196 4949 1318 5037 ipsi
1352 4949 1511 5016 alias
1556 4948 1871 5036 ignotam.
1911 4949 2162 5016 Dicitur

491 5046 495 5050 .
540 5091 543 5096 ·
607 5067 984 5157 specialiter
1023 5066 1411 5134 solemnitas
1454 5064 1752 5153 quaedam
1783 5066 1933 5153 jure
1967 5065 2159 5131 insti-

606 5196 769 5269 tuta,
805 5204 930 5272 qua
966 5184 1307 5251 intimatur
1338 5182 1445 5263 lis,
1500 5193 1611 5247 aut·
1649 5193 2054 5269 praeceptum
2094 5181 2159 5247 in

506 5362 509 5365 ,
605 5302 836 5369 ordine
878 5300 955 5366 ad
1016 5300 1355 5367 scientiam
1405 5308 1469 5364 et
1530 5318 1912 5386 processum
1949 5298 2161 5386 publi-

597 5431 783 5498 cum,
820 5418 971 5486 sive
1020 5416 1181 5483 alias
1232 5437 1369 5482 rem
1414 5415 1671 5481 noverit
1740 5414 1819 5495 is,
1867 5414 1970 5483 cui
2007 5415 2161 5483 inti-

580 5549 817 5634 ..matur
847 5535 1116 5612 scientia
1168 5533 1449 5621 privata,
1504 5531 1647 5599 sive
1688 5545 1842 5613 non',
1890 5543 1953 5601 et
2002 5533 2155 5602 hinc

1747 364 1891 427 LlB.
1926 363 2028 425 lV.
2068 358 2669 430 SENTENTIARUM

2270 527 2557 594 sumitur
2596 527 2855 595 initium
2890 534 3265 615 processus
3316 531 3396 596 Ut
3444 549 3603 616 ergo
3647 536 3812 614 ape·
3850 552 4173 604 Aeoommo-

2272 646 2519 710 riamus
2550 644 2884 730 mysteria,
2936 646 3001 710 in
3045 644 3377 731 proposito
3420 643 3645 731 nequit
3671 663 3816 710 esse
3936 615 4091 728 ‘¹23¹‘

2272 759 2397 825 alia
2467 759 2812 841 intimatio,
2884 782 3078 849 quam
3150 760 3600 827 subordinatio
3680 759 3812 838 illa,
3896 741 4119 856 Pfffffif'

2273 894 2466 960 quam
2506 874 2702 941 habet
2741 877 3236 943 Sacramentum
3291 874 3355 944 in
3414 897 3660 963 genere
3719 875 3817 941 in-

2273 992 2618 1057 strumenti
2671 992 2869 1059 activi
2910 993 2988 1061 ad
3056 992 3459 1061 voluntatem
3494 992 3816 1072 divinam,

2274 1107 2634 1175 secundum
2676 1107 3153 1176 institutionem
3220 1111 3366 1198 ejus
3413 1121 3477 1176 et
3520 1130 3823 1197 assump-
3859 1176 3862 1177 γ

2273 1223 2513 1290 tionem
2555 1222 2635 1290 ad
2683 1224 2984 1293 effectum
3018 1227 3273 1313 gratiae.
3332 1231 3466 1295 Iam
3500 1226 3821 1314 quaeritur

2275 1361 2391 1426 per
2421 1340 2542 1407 hoc
2572 1341 2728 1428 quid
2771 1342 3039 1430 recipiat
3077 1345 3570 1411 Sacramentum
3603 1343 3635 1410 ἰ)
3666 1347 3821 1410 Res-

2278 1455 2513 1541 pondet
2544 1459 2887 1547 Cajetanus
2919 1459 3208 1547 recipere
3274 1459 3706 1527 elevationem
3749 1472 3820 1526 ut

2274 1585 2423 1660 agat
2455 1574 2750 1661 physice.
2796 1579 3056 1655 Contra,
3095 1597 3222 1643 non
3286 1577 3517 1665 recipit
3573 1576 3822 1664 princi-

2275 1687 2455 1775 pium
2489 1690 2751 1777 agendi,
2785 1704 2898 1758 aut
2966 1704 3213 1758 motum
3284 1694 3631 1772 actualem,
3714 1706 3829 1762 aut

2277 1805 2550 1871 formam
2638 1806 2835 1874 ullam
2924 1809 3290 1895 physicam,
3337 1808 3495 1876 alias
3557 1810 3828 1897 physice

2252 1935 2652 1990 -moveretur
2695 1936 2758 1991 et
2798 1938 3118 2010 moveret,
3167 1937 3230 1992 et
3288 1927 3518 2014 posito'
3548 1926 3825 2013 imperio

2275 2053 2543 2106 manent
2599 2041 2916 2108 invariata
2961 2042 3025 2108 in
3088 2062 3200 2108 sua
3261 2043 3529 2110 entitate
3601 2045 3825 2110 Sacra·

2275 2165 2515 2241 menta,
2571 2176 2719 2242 quae
2749 2158 2942 2224 etiam
2986 2178 3066 2225 ex
3097 2179 3168 2225 se
3211 2179 3339 2224 non
3372 2158 3615 2224 habent
3647 2157 3825 2244 prin-

2274 2272 2516 2358 cipium
2549 2273 2696 2340 talis
2728 2275 3043 2354 actionis;
3099 2296 3258 2362 ergo
3309 2288 3440 2342 tam
3502 2287 3827 2363 repugnat

2272 2389 2550 2455 assertio
2582 2411 2776 2477 quam
2819 2392 2992 2478 quod
3030 2392 3273 2478 aliquid
3318 2393 3404 2458 sit
3437 2392 3825 2479 productum

2274 2503 2417 2569 sine
2456 2524 2650 2571 causa
2672 2504 3093 2591 producente.
3123 2510 3306 2574 Patet
3325 2506 3818 2593 consequentia,

2273 2620 2424 2707 quia
2462 2641 2658 2689 causa
2689 2621 2986 2689 efficiens
3027 2623 3091 2689 in
3133 2636 3277 2690 actu
3330 2624 3542 2710 primo
3581 2621 3822 2689 consti-

2274 2736 2483 2803 tuitur
2530 2757 2646 2825 per
2702 2738 3015 2805 virtutem
3049 2737 3313 2826 agendi,
3370 2759 3497 2825 qua
3556 2738 3812 2804 destru-

2273 2866 2373 2922 cta
2413 2854 2662 2922 tollitur
2708 2855 2926 2922 omnis
2983 2855 3140 2923 ordo
3207 2876 3423 2923 causae
3472 2853 3823 2923 efficientis

2274 2983 2338 3039 et
2368 2972 2667 3040 effectus..

2361 3091 2546 3154 Hunc
2586 3086 2848 3154 modum
2907 3090 3196 3176 Cajetani
3246 3089 3603 3177 assumpsit
3661 3093 3822 3159 Sua·
3973 3115 4056 3170 57.

2274 3223 2400 3282 νει,
2448 3203 2559 3270 sed
2603 3204 2668 3270 in
2701 3215 2882 3290 parte
2910 3204 3307 3286 emendavit,
3370 3204 3722 3274 admittens
3756 3207 3818 3273 in
3903 3181 4125 3297 SMU‘J‘ng‘*

2274 3320 2562 3407 qualibet
2600 3332 2892 3388 creatura
2925 3321 3319 3409 principium
3359 3321 3634 3389 actionis
3679 3344 3823 3410 per-

2273 3456 2568 3516 manen3‚
2617 3456 2810 3524 quam
2852 3447 3043 3502 vocat
3111 3435 3464 3522 potentiam
3514 3437 3824 3504 obedien·

2273 3551 2516 3631 tialem,
2555 3572 2680 3638 qua
2712 3562 2923 3639 potest
2963 3555 3131 3618 Deus
3174 3552 3266 3617 uti
3326 3551 3403 3618 ad
3447 3573 3826 3639 quemcum-

2273 3689 2401 3756 que
2430 3669 2735 3737 effectum
2771 3690 2885 3757 pro
2927 3669 3112 3735 libito
3172 3691 3322 3736 curn
3383 3671 3523 3757 ipsa
3590 3692 3819 3759 agens,

2274 3786 2689 3872 Impugnatio
2768 3787 2967 3874 liujus
3065 3786 3277 3874 magis
3343 3798 3668 3874 spectaret
3742 3787 3821 3855 ad

2272 3900 2471 3967 alium
2576 3902 3053 3989 quantumlibet
3125 3903 3229 3969 hic
3285 3903 3546 3969 tractari
3612 3914 3828 3990 potest

2271 4018 2384 4084 sed
2427 4017 2579 4105 quia
2612 4018 2888 4105 quaestio
2919 4029 3018 4084 est
3050 4018 3324 4106 prolixa,
3362 4019 3651 4087 breviter
3680 4040 3820 4086 eam

2272 4155 2351 4200 ex
2402 4133 2699 4201 instituto
2732 4135 3041 4220 praesenti
3074 4134 3498 4221 attingemus

2361 4249 2686 4337 Quidquid
2720 4271 2880 4339 ergo
2916 4250 3114 4317 sitan
3154 4250 3341 4317 detur
3389 4251 3453 4316 in
3496 4250 3691 4317 rebus
3725 4260 3823 4316 ta·
3899 4276 4172 4341 Rejicitnr

2272 4364 2352 4432 lis
2386 4366 2673 4454 potentia
2706 4367 2942 4449 activa,
2997 4367 3073 4434 ad
3145 4367 3550 4454 propositum
3604 4367 3823 4433 effica'-
3875 4340 4212 4452 ξζεξέξζξρ,

2273 4481 2392 4548 ciae
2443 4484 3011 4550 Sacramentorum
3061 4481 3226 4548 ‘nihil
3265 4484 3476 4570 juvat,
3542 4495 3612 4550 ut
3650 4494 3825 4569 patet
3997 4470 4055 4515 ²⁸

3907 4531 4128 4577 causant

2272 4621 2352 4666 ex·
2411 4601 2820 4688 argumentis
2880 4620 3077 4688 supra
3145 4599 3353 4666 factiS.
3431 4600 3648 4667 Primo
3714 4604 3826 4668 Sa·
3850 4590 4212 4711 ‘lmgffi’tfmn

2258 4727 2604 4783 «eramenta
2662 4730 2934 4783 causant
2984 4717 3242 4804 quando
3282 4737 3410 4783 non
3462 4729 3641 4785 sunt.
3713 4720 3825 4784 Se·
3851 4714 4168 4826 etugxsigua

2259 4832 2509 4911 cundO,
2555 4832 2797 4899 habent
2839 4833 3146 4900 virtutem
3181 4832 3517 4913 causandi,
3548 4833 3825 4922 inquan-
3913 4839 4194 4890 instituto.

2272 4958 2411 5015 tum
2453 4962 2607 5016 sunt
2656 4950 2846 5037 signa
2900 4971 2979 5016 ex
3013 4950 3354 5030 instituto;
3408 4971 3568 5037 ergo
3615 4951 3826 5018 virtus

2261 5065 2584 5132 causandi
2644 5066 2952 5133 fundatur
3002 5067 3066 5132 in
3105 5066 3291 5154 ipsis,
3346 5080 3417 5133 ut
3464 5067 3706 5133 habent
3737 5067 3830 5133 in·

2273 5183 2681 5253 stitutionem
2733 5182 2809 5249 ad
2852 5204 3048 5270 quam
3100 5179 3426 5270 sequitur,
3490 5205 3619 5250 non
3673 5204 3829 5251 vero

2274 5303 2350 5369 ad
2394 5301 2757 5379 entitatem,
2810 5321 2959 5387 quae
3001 5300 3446 5388 independens
3481 5312 3582 5368 est
3611 5302 3691 5366 ab
3722 5300 3828 5366 in-

2274 5418 2667 5498 stitutione;
2723 5416 2835 5484 sed
2890 5418 3175 5504 potentia
3232 5416 3718 5501 obedientialis,
3774 5416 3827 5483 si

2274 5535 2488 5616 datur,
2523 5534 2823 5623 sequitur
2870 5532 3232 5614 entitatem,
3267 5547 3390 5618 etc.
3437 5534 3590 5601 Haec
3636 5553 3827 5622 argu-
