4287 6313
617 419 699 487 80
1785 422 1928 486 Lm.
1978 421 2077 484 IV.
2127 420 2726 486 SENTENTIARUM

624 612 758 677 lum
800 610 1059 679 finitum
1112 622 1326 699 potest
1354 634 1502 681 esse
1559 614 1722 680 ratio
1764 612 2175 700 intelligendi

2290 613 2488 694 ctiva,
2525 612 2712 680 etsie
2742 610 2955 700 quoad
2991 608 3184 678 talem
3235 608 3678 698 cognitionem
3724 605 3836 673 ob-

628 726 957 798 infinitum
991 729 1301 816 perfecte,
1337 729 1401 796 id
1432 741 1556 811 est,
1598 730 1903 797 distincte
1959 742 2024 795 et
2054 727 2179 794 sub
2280 728 2528 815 jectum
2616 729 2899 815 primum
2993 749 3142 796 esse
3204 729 3414 815 ipsam
3485 725 3838 793 essentiam

317 856 562 928 Nibitest
635 845 884 912 ratione
944 845 1227 932 propria,
1291 845 1464 932 quod
1531 858 1704 912 recte
1745 846 1972 932 probat
2014 844 2180 911 ratio

339 927 561 1048 ἔέιξέξοω
642 974 947 1049 sequens,
993 962 1146 1050 quia
1222 961 1384 1027 nihil
1431 973 1637 1049 potest
1679 981 1826 1027 esse
1874 961 2036 1027 ratio
2075 980 2184 1027 co-

314 1058 616 1159 coggsoscen·
643 1079 1001 1164 gnoscendi
1034 1078 1157 1144 alia
1195 1099 1230 1144 a
1270 1099 1342 1145 se
1407 1078 1690 1164 perfecte
1746 1089 1810 1143 et
1846 1077 2178 1156 distincte,

306 1170 586 1285 ξέξέξξηῐζξζ
641 1194 768 1260 nisi
805 1195 1169 1263 eminenter
1206 1194 1536 1263 contineat
1582 1197 1651 1263 in
1706 1216 1778 1262 se
1824 1195 2044 1262 omnia
2075 1194 2184 1262 illa

279 1296 562 1409 emigziiffir
634 1302 995 1369 secundum
1038 1303 1749 1389 intelligibilitatem,et
1776 1323 2183 1390 consequen·

565 1395 580 1420 ‚

278 1424 591 1537 virtniffiter.
629 1430 728 1485 ter
758 1419 1118 1486 secundum
1150 1420 1485 1487 entitatem
1510 1444 1525 1498 ;
1552 1420 1837 1487 essentia
1857 1418 2090 1506 Angeli
2110 1417 2185 1484 fi-

630 1535 765 1601 nita
803 1547 926 1617 est,
1008 1556 1166 1622 ergo
1207 1556 1421 1623 neque
1487 1539 1714 1617 Deum,
1780 1555 1993 1622 neque
2057 1534 2186 1602 alia

625 1672 774 1739 quae
817 1672 945 1717 non
978 1651 1073 1718 sic
1101 1650 1463 1731 continent,
1502 1662 1716 1737 potest
1755 1662 2184 1738 repraesenta-

622 1789 692 1835 re
730 1779 1038 1855 tanquam
1090 1768 1373 1856 perfecta
1414 1769 1581 1834 ratio
1613 1766 2054 1854 cognoscendi
2109 1766 2182 1832 il·

617 1884 701 1953 la.
739 1885 1049 1953 Videatur
1097 1888 1261 1953 locis
1306 1887 1553 1966 citatiS,
1612 1885 1722 1951 ubi
1753 1884 1922 1952 hanc
1972 1883 2183 1951 maxi-

620 2023 790 2068 mam
825 2004 1070 2090 saepius
1099 2003 1381 2091 applicat
1420 2016 1484 2070 et
1520 2003 1748 2091 probat
1785 2024 1801 2081 ;
1847 2001 2182 2069 reducitur

617 2130 833 2184 autem
866 2117 946 2183 ad
989 2118 1174 2197 illud,
1202 2117 1374 2205 quod
1415 2118 1794 2205 inlelliqcre
1823 2122 1939 2183 seu
1996 2115 2185 2182 intel-

616 2233 958 2320 ligibilitas
998 2234 1235 2323 obJecti
1278 2234 1576 2322 sequitur
1605 2234 1749 2319 ejus
1789 2254 1949 2311 esse,
2003 2232 2182 2320 quod

618 2365 718 2419 est
748 2353 1149 2438 Philosophi.

393 2480 496 2553 9-3..
713 2473 892 2537 Hanc
932 2469 1284 2536 maximam
1317 2468 1670 2535 admittunt
1689 2468 1885 2534 etiam
1914 2464 2187 2533 Theolo-

278 2541 588 2678 Admigutar
628 2586 721 2673 gi,
800 2607 875 2653 ac
925 2585 1196 2674 proinde
1238 2586 1304 2652 in
1361 2583 1971 2673 supernaturalibus
2040 2581 2184 2648 exi-

295 2668 589 2734 Th⁰⁰¹⁰g¹⁸‘
626 2715 794 2790 gunt
855 2703 1142 2769 maxime
1216 2701 1296 2768 ad
1341 2701 1870 2789 cognoscendum
1949 2703 2180 2778 Deum,

625 2832 890 2906 propter
918 2820 1113 2886 talem
1145 2840 1495 2886 excessum
1558 2817 1624 2884 in
1682 2816 1953 2884 entitate
1983 2828 2048 2882 et
2085 2814 2185 2880 in-

623 2934 1115 3023 telligibilitate,
1163 2932 1514 3021 superaddi
1577 2932 1915 2999 diversum
1962 2930 2187 2998 lumen

625 3051 1156 3137 supernaturale,
1192 3063 1263 3116 ut
1304 3048 1456 3117 fidei
1489 3060 1554 3115 et
1583 3046 2030 3126 revelationis,
2074 3057 2187 3112 aut

626 3166 890 3253 gloriae;
927 3188 1058 3233 non
1119 3187 1201 3233 ex
1268 3165 1390 3232 alia
1444 3164 1720 3244 ratione,
1767 3165 1821 3231 si
1854 3173 2188 3252 quaeratur

630 3283 833 3365 radix,
879 3284 1004 3351 nisi
1038 3285 1190 3372 quia
1230 3306 1312 3351 ex
1343 3284 1750 3351 naturalibus
1811 3302 1937 3347 non
1971 3291 2186 3367 potest

627 3402 888 3489 attingi,
950 3424 1100 3470 cum
1150 3402 1422 3469 excedat
1453 3403 1518 3468 in
1551 3402 1818 3468 entitate
1849 3411 1913 3467 et
1946 3398 2183 3465 intelli-

628 3518 974 3605 gibilitate.
1047 3519 1360 3605 Loquitur
1416 3531 1635 3585 autem
1666 3517 1774 3583 hic
1821 3520 2057 3582 Doctor
2105 3512 2187 3579 de

345 3634 539 3747 A⁸J{⁰”
629 3636 1005 3721 cognitione
1053 3637 1344 3722 perfecta
1410 3647 1473 3702 et
1520 3634 1827 3701 distincta
1868 3630 2006 3713 Dei,
2061 3631 2184 3697 sub

300 3758 587 3873 qqgnitione
633 3753 882 3819 ratione
948 3754 1232 3840 propria,
1305 3773 1433 3819 non
1471 3758 1692 3821 autem
1749 3749 1829 3816 de
1868 3760 2184 3834 conceptu

343 3829 573 3956 ’affin’
631 3871 772 3958 ejus
812 3870 934 3936 sub
982 3870 1233 3936 ratione
1279 3870 1449 3936 entis
1488 3866 1755 3944 infiniti,
1816 3878 1928 3932 aut
1966 3883 2186 3930 causae

283 3949 601 4078 ⁸ug³rgssssffif¹⁶
630 3989 887 4075 primae,
939 4000 1051 4056 aut
1099 3989 1598 4076 omnipotentiS,
1656 3998 1721 4054 et
1771 3983 2177 4074 hujusmodi,

628 4103 741 4191 qui
782 4104 932 4171 licet
979 4105 1112 4172 sint
1160 4126 1237 4172 eo
1278 4126 1478 4173 sensu
1536 4114 1889 4189 conceptus
1935 4099 2182 4187 proprii

627 4221 764 4303 Dei,
811 4233 881 4288 ut
928 4220 1090 4288 nulli
1121 4220 1307 4287 alteri
1338 4220 1759 4297 conveniant,
1797 4227 1867 4283 ut
1894 4217 2176 4304 object0,

623 4344 841 4402 tamen
883 4357 1013 4403 non
1055 4349 1209 4403 sunt
1268 4337 1412 4423 ejus
1461 4335 1583 4402 sub
1625 4333 1876 4400 ratione
1917 4330 2182 4418 propria

625 4452 917 4532 Deitatis,
971 4465 1036 4520 et
1074 4453 1275 4539 hujus
1330 4452 1522 4532 entis,
1577 4469 1703 4537 qua
1763 4448 1891 4515 tale
1936 4459 2057 4527 est,
2102 4466 2180 4512 eo

622 4569 816 4636 modo
857 4591 987 4658 quo
1026 4569 1448 4656 cognoscitur
1492 4588 1528 4635 a
1578 4570 1797 4647 Beat0,
1849 4565 1953 4631 vel
1989 4564 2179 4653 juxta

624 4699 906 4754 mentem
995 4685 1310 4767 Doctoris,
1408 4684 1487 4751 ab
1555 4683 1805 4770 Angelo
1897 4682 2172 4760 viatore,

621 4823 739 4889 per
788 4802 1072 4890 speciem
1147 4813 1585 4880 concreatum,
1664 4798 1745 4865 de
1788 4819 1916 4886 qua
1976 4798 2051 4865 in
2107 4800 2175 4865 2.

622 4918 779 4985 dise.
818 4923 884 4986 3.
938 4930 1166 5006 quaest.
1211 4922 1276 4985 9.

715 5036 900 5102 Dices
948 5034 1138 5113 forte,
1196 5032 1520 5120 Angelum
1581 5053 1710 5098 non
1777 5050 2178 5118 cognoscere

621 5151 828 5216 Deum
879 5152 1003 5217 sub
1072 5148 1324 5215 ratione
1400 5149 1663 5236 propria
1694 5148 1818 5213 hoc
1859 5143 2052 5212 modo
2100 5165 2177 5210 ex

620 5266 928 5354 opinione
960 5266 1533 5353 Philosophorum,
1577 5265 1690 5332 sed
1712 5263 1909 5352 priori
1955 5261 2171 5342 modo,

623 5400 694 5456 ut
722 5396 1019 5452 statuunt
1066 5382 1404 5470 Theologi,
1450 5403 1601 5449 eum
1657 5400 2055 5468 cognoscere
2093 5400 2176 5446 ex

623 5524 740 5572 sua
772 5501 1084 5582 essentia,
1129 5514 1200 5567 ut
1236 5501 1432 5567 habet
1466 5499 1784 5565 rationem
1836 5496 2169 5584 imaginiS,

617 5621 723 5691 vel
773 5630 845 5688 ut
899 5632 999 5688 est
1026 5618 1298 5686 effectus
1330 5615 1467 5696 Dei,
1511 5614 1890 5702 cognitione
1917 5613 2169 5682 abstra-

278 5040 590 5107 Responsio.

2290 845 2547 933 Angeli.

2380 967 2643 1043 Contra,
2688 962 2983 1049 Angelus
3025 961 3318 1031 haberet.
3363 961 3558 1028 etiam
3593 960 3657 1026 in
3689 976 3835 1026 sen-

2291 1080 2491 1145 tentia
2526 1078 3095 1164 Philosophorum,
3157 1077 3439 1165 aliquam
3473 1076 3834 1144 naturalem

2296 1196 2788 1275 beatitudinem,
2861 1195 2929 1262 in
2988 1215 3114 1283 qua
3172 1196 3456 1282 perfecte
3512 1193 3836 1281 quietare-

2296 1325 2401 1379 tur
2455 1312 2816 1378 secundum
2876 1310 3304 1391 intellectum,
3377 1309 3457 1376 de
3497 1331 3626 1397 quo
3685 1308 3836 1375 vide
3892 1305 4173 1420 ffffiffitffso

2299 1431 2635 1496 Doctorem
2665 1430 2742 1494 in
2791 1431 2852 1493 1.
2892 1427 3050 1496 dist.
3102 1431 3161 1493 1.
3198 1437 3425 1513 quoese.
3463 1430 3524 1494 1.
3563 1425 3670 1491 ubi
3703 1424 3835 1491 dis·
3883 1432 4179 1546 lutztilssgen·

2297 1544 2455 1611 serit
2509 1555 2733 1611 contra
2772 1543 3160 1611 sententiam
3216 1542 3594 1623 Avicennae,
3642 1561 3836 1629 quam
4074 1535 4086 1545 ’

2297 1661 2404 1726 hic
2478 1659 2845 1746 impugnat,
2935 1659 3217 1747 probans
3284 1658 3412 1724 late
3469 1655 3641 1743 quod
3710 1676 3839 1723 non

2297 1786 2519 1862 posset
2573 1771 3010 1859 Intelligentia
3067 1784 3284 1839 creata
3332 1772 3398 1838 in
3448 1771 3573 1838 alia
3626 1785 3841 1838 creata

2296 1891 2498 1971 beari,
2580 1890 2695 1958 sed
2756 1892 2982 1978 nequit
3055 1890 3347 1977 potentia
3428 1889 3705 1977 quietari
3775 1888 3839 1954 in

2299 2009 2546 2097 aliqu0,
2616 2008 2742 2075 nisi
2787 2008 2854 2075 in
2922 2029 3051 2096 quo
3111 2007 3465 2075 includitur
3512 2007 3677 2073 ratio
3737 2006 3839 2073 sui

2295 2126 2487 2213 primi
2526 2125 2788 2213 obJecti,
2852 2147 3062 2213 neque
3100 2136 3578 2212 consequenter
3617 2124 3835 2203 beari;

2297 2263 2456 2329 ergo
2513 2242 2568 2308 si
2608 2242 2894 2309 essentia
2953 2243 3186 2330 Angeli
3218 2254 3392 2308 esset
3430 2262 3624 2308 suum
3663 2241 3841 2328 obje-

2296 2372 2473 2427 ctum
2525 2360 2809 2447 primum
2869 2372 2933 2425 et
2991 2360 3403 2447 adaequatum
3447 2357 3840 2445 principium

2299 2477 2732 2565 intelligendi,
2778 2478 3078 2566 sequitur
3135 2477 3305 2564 quod
3348 2477 3414 2543 in
3456 2496 3527 2542 se
3558 2476 3701 2563 ipso
3734 2475 3842 2543 be-

2298 2606 2540 2672 aretur,
2604 2594 2774 2680 quod
2828 2593 3066 2661 falsum
3107 2613 3255 2660 esse
3313 2593 3543 2680 probat
3589 2592 3685 2657 ibi
3724 2594 3843 2658 Do-

2297 2722 2460 2778 ctor.
2506 2710 2718 2775 Minor
2779 2710 3091 2796 probatur
3160 2708 3519 2789 inductiva,
3582 2707 3735 2793 quia
3776 2706 3841 2772 id

2299 2837 2473 2912 patet
2514 2825 2582 2892 in
2621 2825 2927 2891 omnibus
2967 2824 3277 2912 potentiis
3314 2823 3697 2911 operativis,
3734 2843 3844 2888 ex-

2297 2941 2615 3028 perientia
2662 2941 2729 3006 in
2769 2941 2945 3020 visu,
2993 2941 3058 3006 in
3119 2940 3483 3020 voluntate,
3539 2939 3603 3004 in
3644 2958 3845 3026 appe-

2299 3058 2463 3136 titu;
2518 3069 2691 3145 patet
2733 3056 2796 3122 in
2846 3056 3157 3123 omnibus
3197 3055 3588 3143 suppositis,
3651 3066 3721 3120 ut
3779 3053 3845 3119 in

2296 3178 2449 3253 Deo,
2495 3174 2769 3261 Ange10,
2810 3172 3117 3252 homine;
3165 3183 3339 3260 patet
3377 3170 3652 3247 ratione,
3690 3169 3845 3258 quia

2300 3290 2613 3377 quietatio
2645 3290 2956 3377 potentiae
2996 3301 3118 3368 est,
3157 3301 3481 3376 quatenus
3510 3286 3846 3354 inclinatio

2298 3405 2442 3491 ejus
2501 3405 2721 3472 innata
2787 3417 2883 3471 est
2953 3404 3238 3492 perfecte
3305 3405 3653 3492 conJuncta
3720 3422 3842 3469 suo

2297 3522 2550 3609 objecto
2618 3521 2830 3608 primo
2906 3532 2972 3588 et
3048 3521 3416 3608 adaequatO,
3489 3519 3664 3608 quod
3741 3530 3843 3586 est

2298 3636 2733 3723 perfectivum
2774 3638 2919 3724 ejus
2983 3658 3098 3724 per
3147 3658 3242 3719 se,
3320 3636 3574 3723 reliqua
3621 3648 3841 3704 autem

2297 3753 2550 3819 ratione
2637 3753 2853 3833 illius;
2924 3774 3084 3841 ergo
3147 3753 3204 3821 si
3253 3752 3540 3821 essentia
3605 3751 3841 3840 Angeli
3908 3733 3918 3742 ⁴

2297 3883 2397 3936 cst
2437 3870 2721 3957 primum
2764 3883 2829 3937 et
2872 3869 3287 3958 adaequatum
3329 3870 3687 3958 objectum,
3742 3887 3841 3934 re-

2294 3997 2522 4073 spectu
2556 3986 2657 4052 sui
2700 3985 3097 4066 intellectus,
3137 3987 3202 4052 in
3236 4007 3309 4052 ea
3341 3986 3627 4073 perfecte
3657 3984 3842 4073 quie-

2291 4111 2490 4182 tatur,
2545 4122 2674 4167 non
2742 4101 2953 4168 solum
2996 4102 3360 4168 secundum
3404 4101 3833 4180 intellectum,

2293 4216 2407 4283 sed
2505 4217 2699 4284 etiam
2758 4217 3121 4285 secundum
3195 4218 3531 4285 affectum.

2381 4333 2567 4399 Dices
2632 4353 2779 4399 esse
2832 4333 3120 4421 primum
3181 4335 3501 4401 motivum
3561 4332 3633 4402 in
3673 4332 3834 4400 rati·
3876 4358 4224 4428 Responsio.

2288 4470 2414 4516 one
2480 4449 2810 4537 principii,
2865 4471 2993 4517 non
3044 4463 3262 4518 tamen
3311 4452 3828 4520 terminativum.

2290 4569 2540 4633 Instare
2596 4566 2788 4632 etiam
2863 4566 3013 4633 licet
3082 4568 3293 4654 quoad
3368 4570 3834 4639 beatitudinem

2288 4682 2676 4760 naturalem,
2744 4701 2938 4769 quam
2990 4682 3289 4770 plerique
3346 4685 3664 4772 Theologi
3724 4688 3833 4753 ad·

2290 4796 2576 4875 mittunt,
2641 4795 3001 4885 (quidquid
3051 4798 3223 4864 dicat
3270 4801 3562 4887 Vasquez
3613 4800 3686 4870 in
3720 4823 3831 4889 op·
3895 4848 4204 4917 objectum

2289 4910 2617 4998 positum)
2659 4933 2854 5000 quam
2905 4914 3175 4980 haberet
3240 4927 3536 4984 creatura
3580 4917 3830 4985 intelle·
3916 4917 4207 4969 motivum

2288 5026 2522 5094 ctualis
2591 5027 2656 5094 in
2707 5040 2878 5097 statu
2948 5051 3131 5117 purae
3199 5044 3475 5113 naturae,
3556 5055 3831 5126 eamque
3895 4989 4237 5094 ἓῖῗπῗτῗξῗί-

2285 5145 2646 5213 consistere
2705 5148 2767 5213 in
2836 5149 3325 5235 operationibus
3363 5154 3535 5221 circa
3594 5159 3820 5235 Deum,
3856 5118 4236 5239 beaffiffii'iuis

2285 5263 2363 5329 ad
2410 5283 2571 5350 quas
2628 5283 2760 5330 non
2801 5277 3093 5333 moveret
3144 5272 3337 5348 Deua,
3402 5269 3552 5337 licet
3609 5272 3827 5338 termi-
3887 5231 4207 5283 mmmm

2286 5392 2469 5446 naret
2508 5379 2576 5445 in
2633 5380 2885 5447 ratione
2921 5382 3160 5469 objecti
3213 5384 3358 5451 illas
3414 5387 3831 5474 operationes

2284 5495 2363 5562 ad
2404 5517 2565 5585 quas
2630 5495 3014 5564 devenirent
3076 5514 3397 5569 creaturae
3471 5525 3588 5592 per
3654 5506 3830 5573 viam

2284 5610 2578 5693 effectus,
2627 5624 2690 5679 et
2756 5634 2795 5681 a
2859 5603 3250 5701 posteriori,
3310 5637 3472 5704 ergo
3536 5641 3669 5687 non
3730 5636 3834 5692 est

3893 978 4170 1091 miiim‘
