4287 6313
598 412 719 478 240

595 577 1036 669 quamlibet
1096 598 1531 673 personam
1601 581 2138 673 singularem;

593 702 897 789 praeter
942 699 1091 773 hoc
1158 705 1431 775 autem
1497 700 1952 793 requiritur
2001 700 2141 773 ali-

592 815 798 904 quod
856 815 1269 907 pertinens
1312 817 1406 889 ad
1439 817 2135 897 communitatem,

597 952 752 1023 quo
808 933 1106 1025 aliquis
1194 934 1752 1009 constituatur
1828 935 1906 1007 in
1958 952 2140 1025 gra-

588 1048 685 1119 du
748 1049 1212 1123 necessario
1282 1051 1378 1123 ad
1443 1051 1797 1143 aliquem
1864 1054 2140 1125 actum

295 1217 525 1282 Quinque
585 1168 1143 1239 necessarium
1258 1168 1865 1244 communitati.
2015 1171 2140 1242 Ita

277 1279 529 1407 affigi?
586 1282 1140 1375 spiritualiter
1198 1286 1292 1357 ad
1336 1286 1826 1379 completam
1883 1286 2139 1378 perfe-

239 1405 455 1524 §1035ss
502 1465 556 1516 in
585 1398 939 1473 ctionem
1035 1402 1475 1485 extensive,
1584 1406 1910 1496 oportet
1960 1424 2139 1475 esse

238 1527 349 1597 lege
400 1514 1089 1608 nov-‚adjutorium
1156 1517 1482 1609 aliquod
1547 1519 1960 1610 pertinens
2041 1518 2138 1590 ad

585 1633 1196 1723 generationem
1250 1634 1809 1728 spiritualem;
1870 1637 1947 1708 et
2022 1656 2137 1707 se-

586 1750 843 1822 cundo
887 1749 1188 1844 aliquid
1268 1751 1682 1844 pertinens
1726 1752 2137 1844 adjnutri-

583 1864 932 1948 tionem;
987 1867 1239 1941 tertio
1298 1867 1715 1960 pertinens
1759 1868 1854 1940 ad
1908 1867 2136 1943 robo-

589 1982 1024 2064 rationem;
1065 1984 1492 2074 quartoad
1526 1986 2131 2077 reparationem

586 2101 767 2190 post
837 2098 1189 2192 lapsum.
1252 2101 1565 2176 Praeter
1609 2100 1779 2175 haec
1857 2108 2130 2176 autem

586 2215 865 2307 quinto
968 2215 1422 2309 requiritur
1536 2218 1837 2310 aliquid
1923 2240 2126 2304 esse,

583 2353 738 2424 quo
807 2333 1085 2406 exiens
1148 2334 1509 2410 finaliter
1586 2344 2127 2430 praeparetur,

582 2452 771 2543 quia
837 2451 1009 2527 vita
1054 2453 1213 2527 ista
1248 2454 1705 2547 spiritualis
1768 2457 2131 2548 quaedam

574 2569 707 2641 via
740 2574 865 2644 est
907 2571 1314 2654 ordinanS,
1351 2576 1440 2646 ut
1487 2571 1684 2645 bene
1725 2571 2003 2645 vivens
2048 2573 2130 2645 in

580 2686 819 2770 inea,
873 2688 965 2760 de
1044 2688 1221 2781 ipsa
1298 2689 1470 2761 sine
1555 2689 2127 2783 impedimento

581 2806 956 2878 transeat
999 2806 1095 2877 ad
1153 2805 1428 2887 aliam,
1478 2826 1624 2899 pro
1704 2825 1861 2898 qua
1930 2827 2128 2899 prae-

582 2922 950 3011 paratur.
1035 2922 1226 2994 Haec
1302 2941 1498 3013 ergo
1580 2923 1928 3016 quinque
2002 2943 2127 2996 re-

577 3036 1017 3128 quiruntur
1086 3041 1475 3130 tanquam
1537 3039 1948 3132 adjutoria
1989 3059 2125 3112 ne-

579 3154 945 3227 cessaria
983 3176 1351 3248 personae
1419 3155 1896 3248 cuicumque
1973 3178 2122 3250 pro

323 3351 465 3403 Finis
582 3291 696 3342 se·
1899 3392 1913 3406 .
2060 3392 2073 3405 .

297 3423 489 3482 septem
666 3392 781 3463 Ad
820 3390 1118 3464 bonum
1187 3394 1457 3464 autem
1510 3395 2122 3466 communltatls

251 3478 550 3593 Sssgssssffifn‘
576 3504 1084 3578 observantis
1146 3506 1389 3581 istam
1450 3508 1710 3599 legem
1784 3507 2122 3600 requiri-

573 3631 712 3700 tur
754 3631 834 3701 et
886 3628 1464 3721 multiplicatio
1507 3630 1893 3712 carnalis,
1931 3628 2122 3721 quia

569 3745 730 3819 ista
763 3747 1428 3838 praesupponitur
1459 3745 1668 3820 bono
1733 3745 2120 3840 spiritua-

566 3860 651 3941 li,
701 3860 910 3935 sicut
943 3865 1242 3935 natura
1310 3859 1629 3954 gratiae,
1702 3864 1780 3934 et
1853 3861 2120 3935 multi-

567 3977 899 4070 plicatio
953 3979 1412 4071 spiritualis
1480 3978 1944 4070 aliquorum
2038 3978 2119 4051 in

567 4092 727 4167 ista
759 4093 985 4185 lege;
1042 4094 1389 4186 sicergo
1451 4115 1905 4186 congruum
1963 4095 2119 4168 fuit

565 4214 878 4302 septem
947 4210 1358 4304 adjutoria
1428 4211 1789 4283 conferri
1850 4211 2117 4284 obser-

563 4325 987 4400 vatoribus
1093 4326 1297 4417 legis
1395 4325 1931 4418 Evangelicae,
2034 4329 2116 4400 in

563 4442 848 4534 quibus
918 4447 1135 4517 esset
1204 4443 1623 4536 perfectio,
1698 4463 1858 4515 non
1944 4448 2114 4517 tan-

562 4562 735 4632 tum
782 4557 1207 4644 intensiva,
1265 4560 1397 4632 sed
1439 4559 1687 4634 etiam
1767 4560 2113 4632 extensi-

561 4695 685 4757 va,
723 4679 803 4748 et
845 4675 1251 4749 sufficiens
1298 4674 1394 4747 ad
1431 4675 1703 4747 omnia
1742 4693 2113 4747 necessa-

563 4790 688 4862 ria
741 4812 885 4882 pro
977 4791 1497 4865 observantia
1570 4790 1813 4884 hujus
1882 4791 2108 4883 legiS.

556 4908 745 4979 Haec
780 4911 1051 4981 autem
1088 4911 1299 4987 sunt,
1327 4910 1443 4996 (ut
1475 4906 1668 4979 dicit
1711 4907 2110 4998 Magister

557 5024 638 5097 in
735 5024 1070 5114 littera,)
1138 5022 1607 5115 Baptismus
1687 5023 2105 5115 pertinens

556 5143 652 5216 ad
701 5141 1312 5235 generationem
1356 5139 1918 5233 spiritualem;
1956 5142 2106 5212 Eu-

556 5256 955 5331 charistia
1021 5254 1488 5328 necessaria
1589 5255 1685 5328 ad
1769 5254 2104 5328 nutriti-

558 5393 833 5456 onem;
912 5371 1446 5447 Confirmatio
1534 5372 1628 5443 ad
1700 5371 2105 5445 roborati-

556 5511 833 5572 onem;
917 5488 1400 5565 Poenitentia
1467 5490 1563 5562 ad
1612 5489 1823 5582 lapsi
1876 5509 2100 5582 repa-

558 5609 962 5683 rationem
1015 5632 1031 5693 ;

1774 420 1917 484 tte.
1952 419 2051 483 1v.
2097 418 2700 505 ssnranrmnuu

2257 581 2579 656 finalem
2627 584 3347 678 praeparationem:
3377 582 3806 657 Matrimo-

2259 697 2482 772 nium
2522 701 2616 772 ad
2680 701 3447 795 multiplicationem
3490 700 3572 772 in
3631 719 3809 772 esse

2257 822 2574 890 naturae
2640 819 2768 891 vel
2811 819 3175 903 carnali;
3257 822 3339 894 et
3408 817 3620 894 Ordo
3717 814 3812 887 ad

2261 932 3026 1027 multiplicationem
3116 937 3195 1009 in
3262 956 3442 1009 esse
3518 932 3810 1027 gratiae

2255 1050 2383 1123 vel
2418 1052 2861 1144 spirituali.

2671 1318 3333 1385 COMMENTARIUS.

2342 1538 2436 1627 (b)
2492 1540 2873 1627 Respondeo
2962 1542 3091 1622 hic,
3160 1544 3385 1629 prima
3457 1543 3792 1609 conclusio
3951 1582 4005 1634 2.

2251 1660 2338 1724 sit
2368 1659 2529 1737 haec,
2592 1672 2716 1724 etc.
2754 1662 2844 1725 De
2894 1660 3013 1726 hac
3061 1659 3485 1726 conclusione
3549 1659 3793 1747 aliquid

2251 1774 2497 1841 dictum
2541 1787 2640 1840 est
2674 1796 2882 1860 supra
2924 1776 2999 1840 in
3046 1776 3406 1861 quaeslione
3444 1779 3508 1842 3.
3555 1774 3793 1841 Probat

2252 1895 2506 1973 Ductor,
2561 1891 2712 1979 quia
2761 1892 2904 1958 haec
2965 1904 3064 1959 est
3119 1891 3226 1959 lex
3288 1892 3789 1980 perfectissima,

2250 2029 2446 2094 quam
2488 2009 2770 2077 Trinitas
2809 2008 3138 2096 disposuit
3184 2009 3322 2075 dari
3376 2008 3624 2075 homini
3676 2029 3794 2095 pro

2250 2140 2423 2194 statu
2474 2126 2623 2192 viae.
2680 2127 2830 2191 Haec
2881 2136 3055 2210 patet
3106 2144 3187 2190 ex
3240 2124 3351 2190 illo
3391 2123 3663 2191 loannis
3723 2128 3789 2189 1.

2248 2243 2419 2330 quod
2454 2242 2620 2308 infra
2661 2240 2961 2328 subjicit:
2996 2241 3138 2305 Lex
3161 2261 3284 2326 per
3315 2240 3604 2326 Moysem
3633 2239 3794 2304 data

2246 2368 2358 2437 est,
2421 2358 2647 2443 qratia
2693 2367 2754 2421 et
2803 2357 3048 2421 veritas
3101 2377 3225 2442 per
3296 2356 3518 2421 Iesum
3552 2357 3786 2421 Chris-

2248 2488 2406 2554 tum,
2457 2487 2582 2543 etc.
2648 2477 2834 2541 Rom.
2882 2477 2946 2540 8.
2992 2474 3139 2539 Non
3191 2475 3537 2559 accepistis
3587 2474 3794 2559 spiri·

2242 2603 2382 2659 tum
2416 2594 2761 2658 servitutis
2817 2593 2890 2657 in
2924 2593 3181 2670 timore,
3269 2590 3385 2656 sed
3443 2590 3791 2678 accepistis

2240 2711 2557 2797 spiritum
2584 2710 2969 2795 adoptionis
3006 2709 3335 2791 liliorum,
3381 2708 3459 2775 in
3499 2729 3624 2794 quo
3655 2708 3789 2774 cla·

2242 2846 2519 2904 mamus,
2563 2825 2762 2906 Abba,
2835 2826 3059 2891 Pater.
3117 2828 3181 2890 Ξ.
3237 2824 3316 2891 ad
3367 2823 3662 2890 Corinth.
3719 2824 3785 2891 3.

2244 2942 2504 3021 dicitur,
2561 2942 2671 3007 les:
2724 2943 2979 3027 scripta
3036 2944 3109 3007 in
3167 2939 3363 3007 corde
3385 2965 3411 3020 ,·
3463 2939 3542 3006 ad
3573 2939 3778 3006 Galat.

2243 3057 2391 3123 Non
2421 3059 2575 3124 estis
2645 3058 2763 3123 sub
2831 3058 2992 3145 1393,
3028 3057 3144 3122 sed
3201 3057 3318 3121 sub
3354 3057 3600 3142 qratia,
3655 3066 3782 3120 etc.

2241 3178 2394 3242 Haec
2432 3175 2651 3262 itaque
2701 3175 2830 3254 lex,
2867 3185 2938 3240 ut
2970 3185 3142 3260 patet
3180 3195 3260 3240 ex
3315 3171 3535 3252 dictis,
3579 3172 3777 3238 habet

2243 3291 2377 3356 vim
2420 3289 2821 3377 justificandi
2868 3314 2882 3370 ;
2929 3289 3008 3356 ad
3052 3293 3380 3355 Romanos
3426 3293 3489 3354 1.
3553 3289 3781 3354 Evan-

2236 3406 2483 3492 9elium
2538 3417 2629 3472 est
2671 3406 2882 3471 virtus
2947 3406 3073 3470 Dei
3114 3406 3188 3471 in
3246 3405 3530 3469 salutem
3594 3402 3782 3468 omni

2237 3521 2552 3600 credenti,
2590 3533 2713 3588 etc.
2750 3531 2810 3586 cl
2850 3542 3002 3607 cap.
3057 3525 3123 3588 3.
3177 3532 3368 3588 vocat
3397 3541 3537 3586 eam
3571 3519 3784 3606 legem

2236 3638 2413 3717 fidei,
2448 3655 2568 3716 per
2597 3653 2792 3717 quam
2823 3636 3191 3699 excluditur
3216 3637 3512 3717 gloriatio
3536 3639 3779 3699 nostra.
3827 3666 4120 3723 Antithesis

2236 3756 2420 3821 Unde
2470 3763 2540 3817 ut
2586 3771 2668 3817 ex
2710 3754 3056 3832 praemissis
3100 3756 3368 3816 Joannis
3416 3753 3624 3832 primo
3679 3752 3776 3814 di·
3823 3735 3866 3847 ¹⁸
3907 3746 4118 3850 '⁸3:¹1⁸‘

2235 3873 2587 3953 stinguitur
2631 3886 2667 3932 a
2719 3871 2871 3950 lege
2921 3868 3149 3950 Moysi,
3199 3870 3266 3931 in
3315 3886 3393 3931 eo
3437 3867 3617 3949 quod
3646 3869 3781 3931 haec

2234 3986 2678 4065 principaliter
2726 3984 3002 4048 includit
3051 3984 3352 4062 spiritum
3400 3984 3647 4064 gratim,
3716 3987 3784 4045 et

2231 4107 2441 4183 ipsam
2469 4105 2835 4176 veritatem,
2877 4101 3043 4164 dans
3091 4116 3222 4164 non
3274 4101 3488 4162 solum
3538 4117 3779 4181 praece-

2230 4223 2458 4302 pta-et
2501 4219 2791 4289 consilia,
2837 4217 2960 4277 sed
3009 4217 3202 4277 etiam
3251 4212 3605 4295 adjutoria,
3655 4230 3779 4294 per

2231 4351 2373 4414 quae
2418 4332 2923 4411 adimpleantur,
2970 4345 3119 4410 quae
3162 4331 3420 4410 propria
3465 4337 3618 4393 sunt
3662 4332 3780 4394 hu-

2218 4452 2353 4532 juS,
2388 4451 2539 4513 licet
2580 4450 2750 4511 enim
2790 4449 2858 4510 in
2898 4448 3177 4509 Mosaica
3227 4453 3294 4509 et
3342 4447 3493 4526 lege
3537 4455 3781 4512 naturae

2228 4566 2553 4628 dabantur
2598 4563 2952 4644 adjutoria,
3005 4580 3082 4625 ea
3131 4570 3352 4626 tamen
3406 4567 3777 4643 respective

2224 4682 2308 4745 ad
2357 4682 2579 4762 legem
2630 4696 2890 4752 novam,
2952 4684 3019 4741 et
3062 4679 3296 4741 merita
3341 4680 3444 4740 sui
3492 4679 3775 4743 auctoris

2225 4798 2479 4871 Christi,
2525 4813 2725 4875 quem
2770 4796 3085 4869 continet,
3132 4793 3478 4857 dabantur.
3535 4797 3603 4856 ln
3649 4797 3773 4858 illis

2221 4911 2344 4974 fuit
2409 4910 2753 4989 promissio
2823 4910 3081 4972 venturi
3153 4909 3634 4988 Redemptoris,
3708 4912 3774 4972 in

2221 5029 2342 5090 hac
2385 5028 2525 5105 ipsa
2572 5025 2810 5089 veritas
2857 5024 3214 5102 adimpleta
3254 5031 3374 5100 est,
3407 5023 3556 5087 ideo
3590 5026 3768 5103 prin-

2221 5144 2518 5223 cipaliter
2547 5146 2838 5206 continet
2868 5142 3148 5221 gratiam
3179 5145 3243 5203 et
3285 5139 3478 5203 fidem
3511 5147 3576 5204 et
3606 5142 3769 5205 veri-

2222 5267 2447 5326 tatem.

2297 5380 2481 5454 Item,
2531 5377 2696 5440 sicut
2743 5380 2831 5440 ad
2876 5376 3172 5438 Hebraeos
3210 5373 3271 5436 9.
3327 5373 3766 5437 infirmitatem

2215 5497 2456 5559 veteris
2498 5495 2667 5576 legis
2716 5494 2960 5574 colligit
3009 5491 3273 5567 Paulus,
3323 5507 3405 5553 ex
3449 5509 3528 5554 eo
3583 5492 3764 5570 quod

1130 5608 1524 5681 Extrema
1598 5607 1889 5680 Unctio
2004 5606 2101 5679 ad
2213 5612 2440 5678 habuit
2468 5614 2899 5689 Sacramenta,
2936 5626 3080 5691 quae
3119 5609 3570 5689 Justiflcabant
3615 5616 3753 5673 tan-
