4287 6313
1538 480 1736 545 DIST.
1784 481 1882 541 1v.
1933 477 2292 554 QUAESTlo
2340 479 2440 541 IX.

3597 470 3715 534 487

491 656 652 709 non
723 642 992 730 potest
1060 639 1149 713 de
1223 660 1319 714 eo
1389 608 1669 713 haberi
1730 640 1893 714 tale
1936 640 2043 710 si-
2160 637 2642 730 baptizandi,
2707 640 3009 715 dicitur
3044 642 3248 733 quod
3291 657 3477 717 non,
3527 631 3712 726 quia
3742 647 3794 696 in
3821 647 3868 696 ⁴.
3920 646 4060 696 (1.4.

494 774 744 847 gnum
781 776 925 849 per
957 756 1365 841 viciniam,
1423 778 1566 830 nec
1621 778 1763 851 per
1812 754 2037 830 testi·

494 872 857 945 monium
893 874 1038 948 fide
1069 875 1317 966 digni,
1353 876 1561 968 quod
1613 875 1720 949 sit
1784 873 2040 966 bapti-

491 991 745 1074 zatuS,
837 992 1366 1085 baptizandus
1453 996 1578 1067 est
1647 1017 1662 1073 ;
1768 995 2040 1065 tamen

492 1105 749 1178 tutius
810 1111 936 1180 est
1006 1107 1124 1179 uti
1196 1107 1335 1180 illa
1416 1107 1636 1180 illius
1700 1104 2038 1199 capituli

492 1223 778 1289 Extrav.
833 1222 924 1295 de
975 1222 1425 1315 BaptismO,
1486 1225 1564 1295 et
1606 1223 1782 1314 ejus
1860 1220 2038 1293 effe·

499 1341 659 1416 ctn,
696 1338 780 1405 de
838 1341 1073 1426 quibus
1104 1340 1404 1407 dubium.
1446 1341 1544 1410 Et
1595 1338 1687 1410 de
1715 1337 1873 1410 isto
1915 1357 2037 1410 oa-

497 1472 588 1522 su
633 1450 999 1544 loquitur
1047 1455 1205 1526 Leo
1250 1454 1340 1527 de
1381 1474 1695 1527 consec.
1742 1452 1926 1525 dist.
1969 1455 2034 1524 4.

497 1567 591 1633 De
633 1570 867 1655 quibus
917 1568 1224 1661 (inquit
1297 1570 1453 1641 Leo
1498 1572 1523 1658 >
1572 1572 1759 1638 nulla
1810 1582 2040 1637 extant

498 1684 761 1749 indicia
791 1687 968 1752 incer
1000 1689 1418 1774 propinquos
1458 1698 1518 1753 ec
1565 1689 1843 1768 vicino-5,
1898 1695 2041 1775 qui·

499 1800 615 1866 bus
652 1800 979 1888 baptizati
1005 1805 1217 1888 fuisse
1256 1804 1644 1884 doceantur,
1708 1806 2042 1892 aqendum

496 1926 589 1981 est
628 1926 698 1981 ut
730 1929 1189 1998 renascamur,
1226 1941 1310 1984 ne
1334 1930 1612 2005 pereant
1630 1944 1655 1999 ,·
1679 1920 1749 1984 in
1781 1920 2036 2006 quibus,

494 2033 672 2120 quod
729 2053 861 2098 non
914 2035 1287 2101 ostenditur
1337 2048 1608 2122 yestum,
1674 2037 1852 2101 racio
1908 2057 2044 2102 non

495 2150 682 2229 sinit,
718 2162 788 2216 uc
828 2150 1142 2217 videatur
1182 2154 1523 2218 iteratum.

935 2412 1573 2478 COMMENTARIUS.

594 2682 805 2745 Juaeta
865 2681 996 2744 isca
1085 2688 1318 2764 patent
1393 2679 1693 2766 qucedam
1789 2683 2045 2765 quaesli·

193 2770 440 2895 ..paim
509 2816 687 2862 ones.
731 2806 854 2862 etc.
892 2795 1227 2863 Resolutio
1271 2794 1470 2885 hujus
1520 2795 1906 2884 quaestionis
1951 2809 2050 2863 est

168 2898 476 3020 carlsfissgin.
512 2931 692 2991 vera,
765 2912 909 2999 nons
944 2913 1157 2978 solum
1192 2934 1272 2978 ex
1313 2918 1583 2979 Decreto
1619 2913 1850 2978 Leonis
1888 2911 2048 2977 cita-

186 3021 455 3135 ὢὲῗῇὃῒ
515 3039 601 3106 tc,
660 3028 771 3094 sed
823 3028 1018 3094 etiam
1079 3029 1576 3117 Carthaginensi
1629 3030 1705 3094 V.
1777 3050 1921 3113 cap.
1981 3030 2045 3094 6.

205 3144 453 3258 Alelelxland.
513 3144 799 3212 Concilio
841 3145 1145 3212 Africano
1178 3147 1299 3213 sub
1333 3145 1686 3225 BonifaciO,
1731 3168 1875 3232 cap.
1939 3146 2048 3211 39.

350 3245 361 3256 ⁶
517 3262 978 3330 Wormatiensi
1067 3285 1214 3350 cap.
1291 3268 1397 3330 70.
1473 3276 1535 3329 et
1611 3262 1891 3330 refertur
1973 3262 2056 3327 de

515 3391 875 3448 consecrat.
945 3382 1103 3450 dist.
1156 3382 1254 3467 [4.
1320 3402 1466 3468 cap.
1514 3381 1804 3447 Placuit.
1864 3380 2054 3447 Alex·

516 3498 720 3565 andro
748 3500 860 3564 111.
897 3500 1203 3586 capitu10,
1251 3500 1346 3564 De
1375 3499 1628 3586 quibus.
1664 3501 1760 3564 Ex
1801 3518 1929 3586 quo
1960 3519 2052 3565 re·

520 3613 709 3680 solvit
772 3617 1006 3681 Doctor
1068 3614 1352 3680 dandum
1412 3635 1558 3680 esse
1594 3613 1798 3680 tutius
1837 3613 2057 3701 Bapti-

517 3750 730 3795 smum
790 3731 911 3796 sub
951 3728 1347 3797 conditione.
1406 3730 1782 3820 Antei-iores
1832 3732 2055 3796 Patres

512 3847 810 3914 absolute
877 3846 1333 3935 baptizandum
1390 3846 1879 3936 docueruntjex
1912 3867 2053 3932 spe-

510 3962 657 4028 ciali
733 3962 1106 4030 conditione
1192 3963 1485 4050 illorum-⁶,
1521 3976 1913 4050 temporum,
1989 3964 2054 4029 in

510 4078 751 4167 quibus
783 4080 1001 4146 minus
1033 4079 1290 4148 fundari
1333 4091 1552 4167 posset
1598 4080 2048 4167 praesumptio,

192 3706 466 3772 Explican-

279 3775 384 3886 ἑὶέἷ.

965 4453 1423 4536 QUAESTIO
1512 4455 1650 4526 IX.

519 4708 752 4774 Utrum
796 4708 1072 4795 parvuli
1120 4709 1507 4775 ludaeorum
1555 4719 1614 4774 ec
1674 4709 2055 4790 infidelium

616 4825 754 4889 sint
794 4826 1029 4891 invitis
1064 4826 1457 4912 parentibus
1491 4826 1886 4911 baptizandi
1919 4825 1951 4890 f?

510 5043 580 5097 D.
604 5040 799 5097 Thom.
841 5043 895 5098 3.
929 5057 984 5111 p.
1028 5060 1079 5112 q.
1115 5042 1208 5096 68.
1233 5057 1287 5095 a.
1324 5041 1412 5096 10.
1437 5041 1577 5107 (ubi
1617 5038 1788 5111 Cajet.
1823 5046 1871 5095 et
1903 5043 2056 5106 alii)

578 5120 631 5173 et
688 5118 744 5169 2.
802 5116 856 5170 2.
890 5128 939 5180 q.
972 5115 1059 5170 10.
1102 5117 1167 5166 et.
1204 5112 1289 5168 11.
1346 5109 1651 5169 Richardus
1737 5113 1792 5164 d.
1825 5114 1879 5167 6.
1916 5129 1968 5168 α.
1997 5114 2055 5170 3.

579 5204 631 5257 q.
688 5189 743 5243 3.
805 5185 1041 5241 Durand.
1081 5180 1172 5238 hic
1221 5201 1273 5252 q.
1321 5185 1374 5240 6.
1428 5180 1618 5239 Palud.
1669 5200 1721 5251 q.
1772 5183 1826 5238 4.
1888 5183 2052 5241 Gabr.

579 5276 634 5327 q.
690 5263 745 5316 2.
794 5275 850 5314 a.
895 5257 949 5315 3.
995 5261 1157 5386 Vasa.
1208 5257 1261 5311 3.
1308 5272 1366 5325 p.
1400 5259 1455 5311 d.
1493 5257 1612 5311 155.
1663 5256 1860 5311 Suarez
1915 5257 1969 5311 3.
1999 5273 2052 5324 p.

585 5336 715 5387 tom.
737 5332 792 5387 3.
824 5333 880 5385 d.
914 5332 1006 5387 25.
1038 5347 1083 5387 s.
1158 5371 1171 5386 .
1196 5330 1358 5385 Sotus
1376 5331 1432 5383 d.
1467 5331 1521 5383 5.
1552 5343 1605 5396 q.
1638 5330 1781 5395 a.,7.

306 5576 358 5628 1,
609 5542 723 5612 De
773 5535 1138 5631 parvulis
1171 5520 1274 5625 (a)
1313 5534 1781 5606 Judaeorum
1832 5537 1912 5605 et
1948 5532 2055 5605 in-

193 5640 446 5692 fflcmd·
516 5654 895 5739 fidelium,
930 5672 1032 5725 an
1066 5652 1230 5725 sint
1270 5650 1549 5725 invitis
1583 5648 2054 5743 parentibus

2161 758 2304 827 aut
2403 756 2929 829 redderentur
3043 754 3543 849 parentibuS,
3633 750 3712 821 et

2164 874 2353 943 tunc
2443 870 2886 963 baptizatio
2983 893 3270 945 eorum
3329 871 3544 941 esset
3636 863 3713 933 in

2162 989 2742 1063 contumeliam
2776 991 2955 1064 fidei
2980 989 3496 1069 Christianae,
3526 983 3715 1076 quia

2170 1107 2354 1197 post
2401 1105 2926 1180 nutrirentur
2980 1126 3026 1177 a
3097 1102 3569 1200 parentibus
3633 1099 3713 1171 in

2155 1240 2448 1304 errore
2485 1226 2958 1313 parentum3
2996 1227 3138 1295 aut
3181 1241 3338 1292 non
3393 1217 3712 1290 redden·

2161 1341 2329 1420 tur,
2401 1345 2482 1412 et
2543 1344 2732 1412 tunc
2818 1341 3047 1412 fieret
3119 1338 3447 1433 injuria,
3525 1336 3712 1427 quia

2158 1445 2574 1518 dumkunt
2631 1447 2974 1538 parvuli,
3059 1444 3547 1537 jusjiabent
3585 1459 3712 1531 pa·

2160 1565 2431 1636 rentes
2467 1563 2548 1634 in
2589 1583 2752 1637 eos.

2245 1679 2391 1752 Sed
2423 1678 2591 1751 haec
2630 1680 2871 1761 ratio,
2919 1680 3110 1754 licet
3144 1681 3361 1754 forte
3395 1682 3712 1755 conclu·

2155 1797 2288 1868 dat
2322 1796 2413 1868 de
2447 1816 2949 1888 quacumque
2984 1818 3330 1890 persona
3365 1797 3711 1891 privata,

2166 1909 2370 2000 quod
2431 1929 2593 1979 non
2665 1913 2938 1999 posset
2993 1910 3381 2002 parvulos
3442 1930 3487 1981 a
3530 1909 3715 1983 tali-

2158 2026 2307 2098 bus
2383 2027 2734 2110 auferre,
2798 2048 2940 2101 nec
3001 2028 3222 2119 juste
3268 2028 3710 2122 baptizare,

2164 2163 2326 2215 non
2376 2143 3022 2232 videtur-,tamen
3074 2144 3552 2219 concludere
3622 2147 3715 2218 de

2163 2260 2580 2353 Principe,
2653 2260 2782 2332 cui
2840 2261 2914 2332 in
2971 2261 3397 2353 regimine,
3447 2264 3715 2357 reipu-

2163 2374 2396 2447 blicae
2443 2376 2646 2449 tales
2711 2381 2900 2449 sunt
2964 2376 3282 2451 subditi.
3361 2380 3571 2452 Nam
3634 2380 3714 2452 in

2166 2492 2506 2582 parvulo
2549 2494 2762 2583 Deus
2826 2491 3065 2566 habet
3127 2493 3391 2586 majus
3419 2495 3553 2585 jus
3586 2495 3713 2567 do-

2170 2606 2403 2679 minii
2475 2628 2714 2699 quam
2768 2611 3193 2702 parentes;
3233 2610 3716 2683 universali-

2167 2726 2296 2796 ter
2335 2723 2550 2795 enim
2585 2723 2671 2795 in
2707 2725 3246 2815 potestatibus
3283 2726 3706 2808 ordinatis,

2167 2842 2533 2932 potestas
2626 2841 2969 2915 inferior
3037 2863 3197 2915 non
3265 2843 3570 2935 obligat
3632 2844 3713 2915 in

2173 2956 2327 3041 his,
2368 2979 2544 3048 quae
2589 2964 2776 3032 sunt
2837 2963 3127 3032 contra
3172 2961 3709 3054 superiorem,

2171 3073 2381 3148 sicut
2471 3074 2702 3148 docet
2743 3076 3248 3168 Augustinus
3290 3079 3380 3150 de
3415 3080 3711 3171 'verbis

2169 3192 2518 3275 Domini,
2562 3196 2736 3261 hom.
2774 3197 2837 3261 6.
2876 3198 2956 3266 et
2989 3194 3322 3287 ponitur
3354 3215 3526 3289 cap.
3563 3197 3708 3271 ult.

2173 3308 2303 3380 lib.
2347 3311 2414 3381 2.
2488 3313 2567 3376 Si
2632 3313 2895 3400 aliquid
2930 3314 3116 3400 jubet
3157 3326 3464 3401 poteslas,
3542 3317 3717 3403 quod

2171 3449 2307 3493 non
2344 3429 2533 3494 debes
2574 3431 2822 3514 facere,
2888 3431 2996 3494 hic
3033 3451 3194 3497 sane
3232 3443 3571 3498 contemne
3598 3454 3713 3521 po·

2173 3557 2488 3626 testatem,
2555 3548 2847 3613 timendo
2915 3560 3302 3635 potestatem
3362 3554 3717 3638 maJ'orem‚·

2170 3664 2251 3732 et
2291 3659 2652 3733 declarat
2696 3661 2776 3732 in
2823 3663 3193 3755 exemplo
3236 3665 3326 3736 de
3379 3668 3715 3739 Curato-

2178 3798 2261 3850 re
2312 3783 2392 3852 et
2463 3778 2982 3862 Proconsule,
3044 3781 3134 3853 de
3211 3783 3708 3854 Proconsule

2169 3897 2250 3966 et
2312 3894 2846 3984 Imperatore,
2918 3894 3009 3965 de
3085 3896 3595 3988 Imperatore
3635 3902 3715 3972 et

2170 4012 2384 4090 Deo;
2466 4031 2665 4103 ergo
2738 4012 2805 4084 si
2869 4010 3047 4103 quis
3117 4012 3357 4088 habet
3430 4037 3714 4108 regere

2174 4128 2788 4220 rempublicam,
2856 4131 3116 4221 magis
3178 4133 3405 4207 debet
3474 4155 3712 4225 quan-

2169 4247 2354 4317 tum'
2389 4245 2468 4317 in
2520 4267 2604 4318 se
2644 4249 2792 4328 est,
2841 4265 3136 4338 cogere
3185 4269 3712 4342 unumquem-

2171 4384 2323 4455 que
2366 4363 2588 4435 subdi
2622 4363 2945 4435 domino
3011 4366 3422 4456 superiori
3468 4387 3710 4458 quam

2171 4478 2573 4562 inferiori,
2640 4479 2801 4551 imo
2863 4481 3273 4573 superiori
3353 4486 3713 4554 contem-

2172 4602 2309 4690 pto
2372 4596 2774 4680 inferiori,
2831 4599 3145 4688 quando
3218 4595 3566 4672 inferior
3633 4600 3710 4671 in

2171 4714 2320 4787 tali
2369 4713 2725 4788 dominio
2772 4714 3087 4788 resistit
3132 4716 3569 4807 superiori.

2263 4832 2488 4905 Sicut
2573 4850 2775 4923 ergo
2857 4834 3325 4924 Imperator
3391 4833 3715 4908 deberet

2171 4948 2669 5022 sententiare
2711 4947 3062 5040 aliquem
3123 4948 3442 5020 obedire
3496 4950 3716 5022 debe-

2174 5086 2260 5138 re
2324 5066 2829 5149 Proconsuli,
2886 5068 3353 5158 contempto
3425 5087 3716 5158 praece-

2172 5187 2310 5273 pto
2382 5183 2839 5264 CuratoriS,
2919 5182 2992 5254 id
3069 5185 3218 5262 est,
3292 5180 3712 5254 inferioris

2172 5299 2695 5381 Proconsule,
2753 5299 2820 5371 si
2881 5299 3481 5372 contradiceret
3526 5302 3719 5371 Pro·

2171 5416 2511 5498 consuli,
2569 5416 2685 5489 ita
2751 5415 3026 5497 etiam,
3104 5416 3172 5486 si
3241 5417 3509 5487 essent
3574 5417 3720 5486 sub

2170 5533 2446 5606 eodem
2515 5532 2872 5605 dominio
2920 5532 3316 5612 ordinata,
3372 5530 3711 5612 scilicet,

2173 5650 2377 5742 quod
2416 5649 2710 5741 aliquis
2752 5653 2968 5723 esset
3030 5669 3314 5720 servus
3378 5647 3592 5731 Titii,
3638 5649 3717 5719 et

3741 714 3842 760 art.
3865 712 3911 761 3.
3934 724 3984 773 q.
4008 708 4058 758 3.

3767 3866 3802 3916 S
3811 3866 4028 3929 uperinri

3792 3928 4008 3979 Domino

3823 4005 3911 4039 con
3919 3996 4002 4041 tra

3744 4051 4038 4103 inferiorem
4051 4095 4054 4096 γ

3789 4116 4025 4166 obedien·

3846 4180 3969 4227 dum

3854 4247 3930 4292 est
3941 4281 3954 4294 .
