4287 6313
1705 425 1885 487 Dls'r
1944 428 1988 487 l.
2037 426 2404 501 QUAESTlo
2437 428 2480 491 1.
3540 426 3623 488 27

431 586 507 643 ut
552 557 977 661 distinguitur
1023 588 1102 648 ab
1152 603 1230 648 eo
1277 588 1456 666 quod
1502 592 1602 649 est
1647 555 1781 649 non
1827 601 1975 648 esse

119 713 371 776 1mpugna-
425 699 509 759 ab
556 716 637 760 eo
684 701 850 771 solo,
904 699 1008 764 vel
1057 699 1323 764 denotat
1387 702 1565 781 quod
1626 720 1661 764 a
1721 719 1791 764 se
1834 703 1972 763 solo

190 780 295 827 ω’
422 816 672 877 habeat
715 818 1076 892 potentiam
1109 818 1307 891 illam,
1354 828 1419 882 et
1461 835 1594 880 non
1627 818 1970 896 participa-

426 932 599 1003 tive;
684 939 980 995 creatura
1041 951 1196 996 vero
1266 936 1714 1014 participative
1778 936 1977 996 habet

419 1048 733 1110 virtutem
768 1049 1063 1123 creandi,
1096 1048 1217 1112 sed
1264 1052 1390 1113 hoc
1440 1052 1597 1113 nihil
1648 1057 1769 1126 est,
1822 1055 1974 1129 quia

415 1168 515 1227 sic
559 1166 775 1226 omnis
831 1171 1125 1245 potentia
1184 1169 1388 1229 activa
1448 1185 1567 1246 per
1624 1185 1696 1229 se
1762 1170 1971 1246 primo

418 1283 736 1359 competit
768 1283 922 1357 De0,
956 1284 1398 1362 participative
1431 1289 1779 1358 creaturae,
1824 1302 1970 1346 cum

419 1415 555 1476 quo
615 1404 764 1489 stat,
828 1398 1008 1477 quod
1066 1399 1345 1462 effectus
1415 1403 1500 1461 sit
1543 1417 1579 1461 a
1655 1407 1968 1473 creatura,

419 1515 603 1593 quod
675 1515 950 1593 perinde
1008 1515 1440 1579 affirmaretur
1485 1516 1569 1579 de
1641 1520 1972 1579 creatione

420 1635 933 1706 communicata,
1000 1638 1115 1693 aut
1183 1633 1570 1712 participata
1637 1637 1968 1694 creaturae.

424 1746 543 1806 Vel
585 1745 882 1808 secundo
930 1746 1206 1810 denotat
1251 1748 1811 1810 universalitatem
1857 1763 1973 1808 ex-

427 1864 742 1925 tensionis
814 1865 1119 1942 potentiae
1183 1866 1419 1928 divinae
1479 1865 1563 1927 ad
1635 1864 1978 1943 quodlibet

117 1950 392 2063 „¹³5⁸ssssss
423 1995 574 2050 333,
631 1979 865 2041 saltem
912 1980 1218 2053 creabile,
1280 1986 1347 2043 et
1408 1982 1532 2042 hoc
1592 1982 1787 2043 ctiam
1841 1999 1971 2042 non

118 2077 307 2187 inem
418 2092 620 2154 solvit
700 2101 1186 2173 argumentum,
1275 2099 1423 2173 quia
1518 2097 1972 2157 universalitas

122 2202 359 2254 fflfflt‘t·
424 2212 738 2285 potentiae
778 2212 1001 2282 activae
1030 2212 1153 2274 soli
1196 2213 1333 2274 Deo
1373 2215 1708 2290 competit,
1742 2228 1968 2288 respe-

421 2330 536 2387 ctu
568 2326 1051 2407 cujuscumque
1085 2330 1252 2390 entis
1292 2329 1739 2406 producibilis,
1791 2329 1974 2390 aliter

420 2461 628 2522 quam
697 2461 815 2523 per
859 2450 1280 2520 creationem,
1325 2452 1758 2509 concurrente
1814 2448 1969 2508 sub-

418 2558 635 2636 Ject0,
698 2561 877 2638 quod
916 2577 1050 2623 non
1084 2562 1244 2623 tollit
1288 2563 1783 2641 quinpotentia
1817 2561 1974 2624 edu·

423 2674 597 2735 ctiva
642 2676 836 2756 hujus
904 2682 1018 2739 aut
1062 2678 1231 2739 illius
1275 2674 1499 2739 formae
1562 2679 1629 2738 in
1679 2650 1968 2755 particu-

418 2789 539 2851 lari
624 2799 693 2853 et
742 2792 1038 2866 limitata,
1122 2795 1463 2854 conveniat
1527 2799 1860 2865 creaturae,
1913 2799 1977 2855 et

414 2910 717 2983 potentia
765 2909 1176 2985 producendi
1218 2911 1394 2971 hunc
1444 2911 1547 2972 vel
1592 2911 1768 2972 illum
1818 2912 1971 2973 effe·

417 3032 601 3089 ctum
646 3026 1178 3102 determinatum,
1217 3031 1513 3107 quamvis
1544 3046 1676 3091 non
1707 3046 1973 3091 omnem

416 3142 760 3216 effectum,
822 3144 975 3222 quia
1037 3162 1171 3207 non
1228 3144 1527 3223 sequitur
1560 3165 1574 3206 ε
1611 3146 1795 3223 ignis
1842 3163 1973 3205 non

417 3262 642 3332 potest
670 3274 997 3334 generare
1041 3259 1510 3337 quodcumque
1541 3262 1925 3340 generabile
1952 3282 1966 3334 ;

416 3388 583 3450 ergo
650 3388 784 3434 non
843 3378 1059 3450 potest
1121 3391 1441 3454 generare
1511 3377 1760 3451 ignem,
1820 3378 1969 3454 quia

421 3493 523 3549 est
579 3488 835 3550 fallacia
894 3492 1386 3569 consequenti8‚
1460 3507 1617 3569 ergo
1678 3493 1972 3553 similiter

415 3616 609 3674 liaec:
656 3612 967 3670 Creatura
1023 3608 1253 3686 nequit
1312 3624 1536 3669 creare
1603 3608 1964 3686 quodcum-

414 3746 551 3809 que
586 3725 895 3796 creabile,
926 3723 1109 3785 verbi
1141 3724 1369 3803 gratia,
1405 3724 1729 3802 Angelum
1759 3743 1773 3796 ;
1810 3741 1967 3803 ergo

414 3860 641 3922 neque
713 3838 1005 3920 aliquod,
1068 3844 1224 3915 puta
1281 3840 1528 3915 ignem.
1592 3842 1708 3901 Vel
1781 3843 1967 3902 tertio

419 3960 716 4031 denotat,
766 3955 944 4035 quod
976 3955 1131 4015 nihil
1163 3958 1382 4032 potest
1414 3971 1635 4015 creare
1681 3956 1965 4033 aliquod,

416 4076 600 4157 quod
633 4091 763 4135 non
812 4070 1015 4150 possit
1047 4087 1272 4131 creare
1316 4087 1511 4132 omne
1546 4072 1855 4144 creabile,
1903 4079 1967 4133 et

414 4195 508 4256 sic
552 4191 640 4252 ad
672 4189 1076 4251 creationem
1110 4187 1582 4265 cujuscumque
1615 4191 1967 4265 requiritur

156 4355 327 4406 petitio
417 4308 714 4387 potentia
772 4304 1041 4369 infinita.
1091 4304 1221 4366 Sed
1293 4305 1425 4366 haec
1512 4306 1961 4382 interpretatio

128 4422 362 4484 pnnepii.
418 4431 584 4506 petit
622 4425 1027 4505 principium,
1072 4424 1223 4502 quia
1273 4431 1374 4484 est
1429 4426 1567 4500 ipsa
1611 4425 1959 4496 conclusi0‚

418 4560 658 4619 nempe
716 4543 835 4604 soli
892 4543 1027 4602 Deo
1104 4541 1456 4601 convenire
1535 4542 1960 4615 creationem,

415 4660 590 4738 quod
625 4676 757 4719 non
805 4657 1119 4736 probatur
1173 4656 1524 4734 peridem.
1573 4660 1689 4719 Vel
1732 4667 1960 4737 quarto

418 4776 713 4845 denotat,
750 4772 932 4853 quod
962 4790 1090 4834 esse
1138 4775 1203 4833 in
1258 4778 1570 4849 quantum
1627 4792 1777 4850 esse,
1832 4791 1958 4837 non

420 4892 625 4968 possit
671 4906 820 4950 esse
881 4891 1001 4951 nisi
1046 4905 1081 4948 a
1155 4904 1349 4950 causa
1415 4892 1958 4952 universalissima

416 5009 479 5069 in
525 5004 962 5086 perfectione,
1015 5005 1201 5075 sicut,
1239 4985 1433 5065 'verbi
1478 5007 1710 5083 gratia,
1743 5007 1962 5079 homo,

416 5123 712 5202 quamvis
741 5127 1022 5201 generet
1050 5121 1381 5181 hominem
1437 5102 1961 5193 determinatum,

416 5249 635 5302 tamen
669 5240 866 5301 homo
917 5237 1305 5316 inquantum
1351 5240 1570 5311 homo,
1620 5237 1682 5298 id
1736 5243 1857 5312 est,
1895 5247 1964 5300 ut

124 5385 388 5450 gnum„
414 5353 922 5436 comprehendit
952 5357 1151 5414 totam
1184 5356 1496 5431 speciem,
1532 5360 1598 5415 et
1644 5355 1959 5433 quidquid

214 5463 289 5513 ‘'⁸³-
412 5474 762 5550 partiprat
811 5472 1131 5546 speciem,
1178 5484 1327 5530 non·
1368 5470 1576 5546 possit
1637 5486 1784 5531 esse
1843 5473 1962 5533 nisi

409 5592 487 5653 ab
518 5591 742 5671 aliqua
777 5603 975 5649 causa
1021 5586 1387 5651 excedente
1424 5593 1621 5650 totam
1671 5592 1958 5668 speciem

2096 586 2495 663 humanain3
2530 591 2622 650 sic
2656 590 2850 652 etiam
2909 605 3026 651 ens
3083 589 3476 667 inquantum
3521 602 3639 647 ens

2092 704 2403 776 creabile,
2451 706 2682 784 nequit
2730 723 2902 779 esse,
2937 708 3059 768 nisi
3103 706 3184 767 ab
3239 720 3316 766 ea
3344 720 3485 782 quae
3530 718 3637 764 ex-

2091 820 2266 882 cedit
2341 826 2545 883 totum
2603 840 2818 901 genus
2877 824 3045 883 entis
3122 823 3444 884 creabilis,
3509 819 3637 881 Sed

2090 935 2287 995 talem
2319 937 2929 1014 interpretationem
2981 952 3109 998 non
3157 936 3439 997 admittit
3466 951 3633 1013 ((333-

2087 1048 2263 1131 stio(
2308 1056 2377 1111 ut
2420 1056 2600 1113 recte
2656 1054 2898 1115 Doctor
2949 1057 3122 1128 §llic
3158 1053 3445 1130 dicitur)
3494 1066 3637 1129 quae
3701 1038 3939 1166 81518ξὲξῆ

2089 1173 2189 1230 331
2218 1167 2301 1228 de
2347 1170 2564 1247 aliquo
2616 1169 2995 1242 dubitabili;
3043 1185 3239 1230 nemo
3288 1167 3463 1229 enim
3511 1165 3631 1227 du·
3717 1179 3927 1275 ἓῇἓῗῗιῐὲ

2085 1285 2245 1346 bitat
2277 1283 2437 1362 quin
2487 1300 2683 1345 omne
2729 1284 2890 1346 illud
2936 1284 3115 1363 quod
3145 1300 3182 1345 a
3212 1299 3283 1344 se
3330 1296 3462 1344 non
3516 1281 3633 1343 ha·
3702 1286 3942 1341 rationis.

2086 1397 2200 1460 bet
2246 1416 2388 1460 esse
2436 1416 2519 1461 ex
2566 1416 2680 1460 sua
2727 1404 2977 1477 specie,
3038 1399 3337 1475 recipere
3396 1399 3640 1461 debeat

2088 1532 2237 1577 esse
2269 1516 2349 1576 ab
2396 1517 2522 1577 alio
2558 1516 2743 1595 quod
2781 1516 3044 1580 excedit
3078 1523 3277 1577 totam
3320 1515 3638 1594 speciem.

2088 1646 2243 1693 cum
2301 1636 2561 1709 species
2620 1650 2752 1696 non
2801 1632 2974 1695 dicat
3014 1636 3478 1695 necessitatem
3539 1648 3637 1693 es-

2086 1746 2279 1809 sendi
2324 1748 2390 1808 in
2458 1765 2589 1809 uno
2660 1748 2995 1811 individuo
3073 1749 3285 1828 magis
3331 1764 3528 1826 quam
3570 1749 3636 1809 in

2086 1863 2237 1933 alio,
2285 1850 2504 1942 neque
2533 1881 2739 1926 unum
2770 1864 3176 1933 individuum
3211 1880 3359 1926 esse
3404 1881 3525 1943 per
3565 1880 3637 1926 se
3757 1916 3893 1965 mer

2084 1981 2478 2057 supponitur
2535 1981 2740 2056 alteri,
2777 1997 2926 2043 cum
2968 1982 3141 2043 inter
3186 1982 3331 2041 haec
3362 1997 3498 2041 non
3531 1979 3641 2041 de·
3696 1978 3951 2029 individua

2090 2086 2195 2157 tur
2225 2095 2385 2157 ordo
2422 2114 2539 2176 per
2568 2114 2667 2169 se,
2715 2102 2883 2162 sicut
2925 2099 3098 2159 inter
3123 2100 3422 2175 species;
3475 2112 3637 2172 ergo
3733 2049 3929 2152 ”333²

2084 2217 2158 2272 ut
2205 2214 2471 2289 quaestio
2536 2213 2773 2274 habeat
2828 2213 3071 2287 locum,
3128 2230 3262 2274 non
3334 2213 3640 2292 quaeritur
3730 2182 3820 2233 per
3847 2182 3918 2214 ὅθ’

2085 2333 2308 2390 utrum
2375 2329 2624 2407 aliquid
2692 2328 3029 2412 inferioris,
3114 2329 3363 2391 ordinis
3433 2332 3641 2405 possit

2087 2460 2313 2507 creare
2407 2446 2654 2524 aliquid
2725 2447 3085 2521 superioris
3169 2444 3439 2518 ordinm,
3512 2448 3636 2519 vet,

2090 2572 2312 2639 utrum
2357 2559 2605 2639 aliquid
2674 2563 2982 2639 respiciat
3039 2563 3248 2641 primo
3310 2579 3429 2624 ens
3497 2578 3634 2622 cre·

2086 2680 2255 2740 abile
2305 2681 2691 2757 inquantum
2725 2676 2859 2739 'ens
2904 2679 3211 2751 creabile,
3262 2677 3443 2756 quod
3491 2695 3638 2754 pro-

2088 2795 2338 2856 ducens
2425 2811 2558 2858 non
2643 2796 3017 2857 continetur
3089 2796 3210 2856 sub
3300 2795 3405 2857 tali
3482 2799 3634 2855 ente

2085 2911 2501 2990 producibili,
2562 2918 2627 2975 et
2695 2913 2759 2973 in
2832 2912 2938 2973 illa
3009 2911 3524 2982 universalitate,
3560 2927 3637 2970 ex

2084 3030 2337 3091 ratione
2420 3028 2613 3103 dicta,
2691 3028 2841 3106 quia
2911 3027 3003 3088 sic
3062 3043 3135 3088 se
3208 3031 3420 3102 ipsum
3495 3044 3636 3104 pro-

2087 3146 2365 3207 duceret
2397 3165 2411 3218 ;
2449 3143 2570 3207 sed
2646 3162 2728 3206 an
2807 3143 3074 3223 aliquod
3149 3161 3266 3204 ens
3343 3149 3635 3205 creatum

2087 3265 2292 3340 possit
2325 3278 2546 3323 creare
2590 3279 2721 3322 non
2775 3277 2891 3322 ens
2942 3261 3332 3338 inquantum
3377 3277 3519 3331 ens,
3566 3262 3631 3322 in

2085 3380 2211 3440 hoc
2274 3393 2499 3447 sensu,
2558 3376 2677 3438 sed
2738 3377 2860 3437 hoc
2913 3375 3420 3437 determinatum
3489 3391 3627 3450 enS,
3663 3351 3954 3476 quffecs‘iffiffis

2086 3493 2264 3572 quod
2317 3492 2590 3570 produci
2629 3494 2847 3570 potest
2876 3492 2958 3552 ab
2991 3496 3234 3569 agente
3277 3496 3626 3563 creater-et
3665 3480 3972 3601 subjggmm.

2088 3611 2188 3673 cui
2220 3627 2354 3670 non
2390 3613 2721 3688 repugnat
2782 3608 3137 3669 terminare
3204 3609 3624 3669 creationem.

2081 3729 2430 3788 Discursus
2467 3731 2685 3786 autem
2717 3721 3085 3784 secundum
3114 3722 3282 3783 hanc
3313 3722 3629 3801 interpre-

2087 3845 2402 3904 tationem
2454 3842 2797 3904 committit
2838 3839 3155 3902 fallaciam
3206 3858 3628 3921 consequen-

2086 3961 2185 4033 tis,
2221 3963 2389 4021 sicut
2421 3966 2486 4020 et
2513 3959 2576 4020 in
2610 3960 2736 4020 hoc
2771 3980 2783 4020 :
2817 3963 3017 4020 Homo
3060 3961 3277 4035 nequit
3319 3975 3633 4035 yenerare

2079 4078 2400 4137 hominem
2443 4079 2824 4152 inquantum
2853 4075 3043 4135 homo
3073 4080 3179 4146 est,
3237 4074 3300 4133 id
3355 4077 3475 4148 est,
3525 4089 3629 4134 su-

2079 4192 2321 4254 mendo
2358 4190 2775 4268 praedicatum
2820 4190 3298 4264 universaliter,
3332 4194 3403 4250 ut
3445 4207 3626 4250 com·
3710 4214 3928 4264 Fallacia

2080 4308 2430 4384 prehendit
2463 4305 2782 4384 quidquid
2834 4308 3330 4385 participatione
3376 4311 3622 4366 naturae
3655 4291 3963 4388 conzffgpen·

2079 4424 2377 4483 humanae
2423 4427 2521 4482 est
2551 4422 2771 4492 homo,
2808 4421 2961 4499 quia
3003 4422 3094 4482 sic
3144 4425 3500 4500 generaret
3547 4434 3618 4478 se

2076 4540 2332 4615 ipsum;
2387 4555 2540 4614 erqo
2589 4540 2801 4613 nequit
2846 4553 3163 4614 qenerare
3206 4538 3366 4598 hunc
3411 4538 3621 4599 homi-

2077 4672 2246 4728 nem,
2293 4656 2509 4730 nequit
2552 4670 2865 4730 yenerare
2910 4671 3015 4714 ens
3066 4655 3447 4729 inquantum
3491 4672 3620 4727 ens,

2077 4788 2230 4848 erqo
2263 4786 2463 4845 neque
2503 4770 2623 4829 hoc
2650 4785 2779 4842 ena,
2831 4785 2910 4829 ex
2945 4786 3074 4847 quo
3125 4773 3481 4831 evacuatur
3523 4784 3624 4829 so-

2076 4888 2237 4948 lutio
2289 4886 2735 4947 FerrariensiS.
2783 4885 2901 4945 Vel
2946 4886 3169 4962 quinto
3232 4884 3504 4947 denotat
3559 4886 3624 4946 in

2076 5003 2319 5063 effectu
2364 5001 2500 5062 dari
2531 5002 2853 5062 rationem
2883 5001 3101 5080 huJuS,
3155 5017 3277 5062 seu
3317 5000 3627 5064 determi-

2077 5121 2212 5181 nati
2258 5136 2430 5193 esse,
2460 5124 2525 5180 et
2572 5136 2719 5181 esse
2758 5121 3141 5198 simpliciter
3189 5127 3255 5182 et
3304 5123 3624 5184 absolute.

2077 5236 2380 5299 Secundo
2416 5236 2612 5296 modo
2649 5239 2748 5297 est
2788 5253 2821 5296 a
2860 5239 3024 5308 Deo,
3057 5255 3178 5299 sou
3232 5254 3425 5299 causa
3474 5239 3624 5298 uni-

2076 5355 2509 5415 versalissima
2540 5356 2604 5414 in
2637 5349 3081 5431 perfectione;
3117 5354 3321 5432 primo
3357 5355 3552 5418 modo
3587 5374 3621 5416 3
3701 5416 3923 5467 Effectus

2078 5487 2276 5533 causa
2351 5469 2802 5533 determinata.
2876 5471 3006 5534 Sed
3081 5473 3203 5533 hoc
3282 5472 3623 5553 impugnat
3652 5479 3814 5544 quoad
3860 5494 3969 5527 esse

2076 5588 2336 5660 Doctor,
2412 5604 2492 5649 ex
2538 5605 2616 5651 30
2663 5588 2841 5669 quod
2884 5590 3017 5652 haec
3075 5589 3397 5654 distinctio
3452 5590 3621 5654 inter
3651 5543 3967 5654 azsgssuetssgeet

3953 5895 4106 6000 f
