4287 6313
1639 450 1831 514 Dls'r.
1880 450 1979 511 vl.
2025 447 2387 525 QUAESTIO
2456 449 2555 511 lx.

494 615 877 688 effectum
933 613 1420 687 invisibilem
1472 612 2038 692 communiter,

495 736 626 807 ubi
698 733 1200 826 Augustinus
1280 731 1715 825 specificat,
1803 731 2041 801 vocat

494 853 877 944 gratiam.

261 1029 290 1077 5
580 970 730 1043 Hic
830 968 1391 1062 respondetur,
1482 966 1685 1059 quod
1765 965 2035 1037 Sancti

133 1066 452 1144 amma.
488 1086 691 1158 satis
733 1085 1062 1159 tradunt
1095 1083 1186 1154 de
1219 1082 1723 1162 charactere,
1761 1100 2032 1152 secun-

198 1156 390 1282 (233.
486 1201 670 1272 dum
706 1200 934 1273 illum
991 1200 1310 1272 modum
1379 1218 1534 1291 quo
1594 1196 2029 1288 loquimur,

128 1281 445 1412 {ffi‘ss‘ffissffifl
486 1322 574 1388 ut
644 1317 1075 1389 adductum
1136 1320 1260 1389 est
1336 1316 1428 1387 (16
1485 1313 1885 1405 Dionysio
1954 1319 2034 1386 et

172 1410 391 1470 ΜΨ·
485 1435 1017 1505 Damasceno.

574 1549 718 1622 Sed
798 1549 958 1621 illae
1037 1547 1577 1621 auctoritates
1656 1546 2032 1619 videntur

484 1667 798 1738 tantum
838 1685 1016 1737 esse
1056 1666 1404 1744 vocales,
1451 1669 1530 1737 et
1580 1683 1740 1734 non
1775 1661 1868 1733 ad
1919 1661 2027 1733 in-

479 1781 930 1853 tentionem
989 1800 1299 1853 eorum.
1358 1781 1583 1853 Sicut
1631 1779 1845 1851 enim
1899 1796 2029 1869 pa-

476 1902 595 1971 tet
672 1897 1170 1989 respiciendo
1231 1895 1887 1976 translationem,
1947 1897 2024 1967 et

474 2016 1073 2108 expositionem
1152 2014 1647 2087 Vercellens.
1728 2038 1873 2101 cap.
1955 2019 2017 2081 2.

475 2131 1075 2205 Ecclesiasticae
1168 2131 1673 2204 Hierarchiae
1778 2135 1851 2198 in
1956 2137 2018 2199 6.

466 2255 827 2340 particula,
893 2275 1036 2339 cap.
1106 2255 1169 2318 Ξ.
1253 2250 1437 2322 sunt
1536 2248 1697 2321 ista
1778 2247 2023 2319 verba

474 2385 650 2455 quae
719 2366 1208 2458 allegantur,
1285 2365 1420 2438 ubi
1481 2392 1494 2435 :
1557 2367 1751 2439 dicit
1830 2387 2015 2438 secu

474 2484 659 2555 dum
704 2485 948 2556 istam
998 2485 1667 2596 translationem:
1724 2485 1822 2549 Ita
1871 2506 2023 2550 sur-

472 2624 618 2669 sum
664 2615 884 2669 actum
939 2604 1179 2670 divina
1234 2603 1568 2669 beatitudo
1623 2627 1665 2669 a
1702 2605 2023 2692 suiipsius

471 2721 991 2806 participatione
1050 2721 1312 2806 recipit,
1361 2731 1421 2785 et
1477 2719 1559 2785 de
1606 2722 1889 2806 proprio
1924 2721 2022 2786 lu-

472 2838 671 2916 mine,
715 2839 885 2902 sicut
923 2837 1211 2924 quodam
1248 2837 1442 2924 siquo
1484 2838 1615 2923 ipsi
1660 2836 1869 2902 tradit
1913 2837 2020 2902 di-

472 2955 704 3018 vinum
776 2954 1058 3038 faciem,
1141 2963 1201 3017 et
1257 2954 1882 3018 communicatorem
1947 2954 2021 3018 in

468 3071 602 3134 Deo
641 3070 1074 3136 manentium.
1113 3068 1215 3140 Et
1250 3066 1622 3159 sequitur·
1667 3066 1770 3139 ibi
1804 3092 1817 3134 :
1851 3070 2016 3136 San·

467 3199 642 3252 ctum
670 3188 931 3273 siqnum
971 3208 1011 3251 a
1064 3187 1433 3253 Hierarclza
1480 3188 1818 3253 accedenti
1856 3188 2016 3253 data

464 3306 894 3391 siqnisicatio,
953 3301 1085 3372 ubi
1153 3301 1547 3375 adducunt
1607 3301 1857 3393 aliqui
1924 3304 2014 3374 de

468 3416 630 3488 alia
684 3418 1228 3492 translatione
1270 3419 1517 3490 verba
1558 3418 1803 3491 talia:
1874 3422 2013 3486 Ad-

470 3537 763 3601 venienti
794 3536 885 3602 ad
925 3537 1361 3623 Baptismum,
1408 3536 1700 3602 donatur
1756 3560 1797 3601 a
1833 3558 2012 3601 sum·

471 3676 576 3718 mo
617 3655 977 3720 Sacerdote
1005 3676 1270 3720 sacrum
1299 3656 1741 3741 siqnaculum.
1784 3652 2013 3724 Simi-

469 3768 661 3841 liter
703 3767 895 3840 illud
935 3769 1026 3839 de
1059 3769 1562 3841 Damasceno
1617 3771 1707 3836 lib
1737 3777 1800 3837 4.
1844 3793 1899 3838 c.
1950 3777 2006 3837 1.

470 3884 784 3958 adducit
828 3884 968 3968 Sic,
1015 3889 1188 3975 quod
1210 3909 1335 3974 per
1375 3888 1773 3975 baptismum
1812 3889 2013 3955 datur

470 4005 654 4069 nobis
684 4006 1099 4090 reycneratio
1138 4013 1198 4069 ct
1226 4005 1523 4092 siqillum
1548 4029 1571 4083 ,·
1611 4022 1754 4093 pet·
1787 4001 2008 4093 sigil-

467 4116 634 4188 lum
740 4116 1233 4207 intelligitur
1344 4117 1775 4189 secundum
1870 4137 2009 4189 eos

466 4233 921 4318 character,
977 4234 1265 4308 ibidem
1298 4238 1452 4303 disc.
1501 4241 1561 4305 3.
1627 4260 1682 4304 c.
1752 4241 1814 4303 2.
1859 4237 2009 4308 Da·

468 4370 890 4425 mascenus
927 4379 940 4421 ε
997 4355 1559 4430 Quemadmodum
1613 4355 1850 4421 Israeli
1879 4358 2009 4421 cir·

463 4473 798 4553 cume-isio,
845 4472 924 4541 et
986 4468 1357 4560 sequitur
1425 4471 1608 4561 post
1645 4469 1859 4551 illud,
1917 4485 2008 4539 est

462 4590 786 4678 siyillum.

555 4697 742 4770 Istae
793 4694 1332 4769 auctoritates
1394 4714 1551 4767 non
1620 4695 2004 4768 adducun-

237 4813 286 4864 6·
466 4819 601 4888 tur
642 4816 737 4887 ad
779 4812 1310 4887 intentionem
1371 4818 1825 4887 auctorum.
1892 4817 2005 4887 Dc

118 4879 406 4990 οῗῖιοῗυῖἷέο
471 4931 735 5024 prima
781 4934 1029 5024 patet,
1111 4930 1297 5023 quia
1367 4930 1578 5003 816111
1645 4928 2004 5004 6611111161

94 5004 335 5053 locutum
370 5004 431 5052 de
930 5048 943 5060 .
1941 5048 1953 5059 .

93 5069 431 5136 charactere,
470 5048 798 5140 planum
893 5048 1215 5128 11116166,
1324 5050 1402 5119 61
1463 5046 2002 5119 Vercellensls

91 5128 216 5181 ¹⁰⁰⁰
249 5132 424 5181 αἰψ’
467 5166 798 5258 exponit
842 5166 918 5238 in
973 5164 1112 5236 illa
1167 5169 1397 5255 parte
1432 5166 1686 5247 sexta,
1750 5189 1894 5253 cap.
1933 5171 1993 5234 ⁶2.

462 5283 949 5355 determinat
988 5282 1078 5354 de
1112 5283 1451 5374 quodam
1508 5282 2001 5374 praeambulo

464 5401 556 5470 ad
598 5399 1130 5493 Baptismum‚
1191 5399 1544 5490 qualiter
1600 5399 1815 5472 valet
1880 5421 2000 5470 86-

462 5516 801 5588 61111(111111
875 5516 1124 5589 ritum
1167 5520 1640 5589 Grraecorum
1708 5516 1788 5587 in
1847 5516 2002 5608 pri-

466 5632 746 5707 mitiva
855 5631 1243 5707 Ecclesia.
1379 5633 1467 5704 In
1581 5632 2001 5725 primitiva

153 3683 397 3733 Damaso.

3607 438 3728 503 599

2158 611 2370 682 enim
2434 610 2801 683 Ecclesia
2852 606 3374 700 baptizandus
3438 602 3705 697 primo

2161 727 2712 806 inducebatur,
2785 727 2912 799 cui
2987 722 3441 796 Hierarcha
3548 739 3711 790 ma-

2154 864 2349 915 num
2463 841 2715 934 capiti
2813 842 3235 933 imponens
3333 834 3708 929 signabat

2153 980 2365 1041 eum,
2501 958 2983 1053 praecipiens
3107 953 3703 1033 Sacerdotibus,

2156 1077 2364 1168 quod
2426 1080 2591 1149 tam
2648 1076 2916 1168 ipsum
3009 1092 3250 1164 quam
3299 1069 3474 1162 ejus
3539 1089 3707 1140 sus-

2151 1199 2571 1286 ceptorem
2639 1191 3123 1264 describant.
3194 1188 3397 1261 Illud
3463 1186 3705 1261 fiebat

2150 1312 2387 1402 longe
2471 1315 2658 1383 ante
2734 1308 3395 1401 baptizationem,
3494 1304 3702 1377 sicut

2149 1429 2490 1519 apparet
2560 1447 2657 1497 ex
2742 1444 3128 1516 processu
3193 1422 3494 1495 litterae
3566 1418 3696 1501 ibi,

2148 1543 2335 1636 quia
2400 1543 2491 1614 de
2542 1544 2722 1614 actu
2772 1538 3232 1632 baptizandi
3326 1535 3698 1609 determi-

2145 1667 2392 1733 natur
2459 1661 2667 1750 post,
2729 1671 2924 1746 parte
2956 1664 3064 1726 17.
3150 1655 3294 1726 sub
3390 1652 3696 1726 littera.

2143 1775 2359 1846 Unde
2394 1781 2474 1848 et
2513 1776 2788 1845 textus
2829 1771 2961 1843 ille
3003 1767 3378 1860 Dionysii
3416 1787 3697 1840 secun-

2139 1894 2324 1965 dum
2409 1892 3038 1964 translationem
3122 1887 3690 1967 vercellensis,

2142 2011 2519 2082 truncate
2664 2005 3109 2078 adducitur.
3251 2003 3694 2075 Praemisso

2138 2125 2352 2196 enim
2411 2125 2501 2195 de
2581 2124 2917 2216 proprio
2990 2120 3315 2202 lumine,
3383 2103 3752 2191 scilicet⁴

2137 2240 2352 2312 fidei:
2388 2245 2571 2307 Sicut
2602 2242 2884 2328 quodam
2929 2243 3118 2327 siquo
3154 2242 3285 2326 ipsi
3319 2240 3590 2316 tradito,
3631 2249 3692 2302 et

2137 2368 2760 2432 communicatorem
2793 2366 2864 2430 in
2898 2365 3031 2428 Dco
3062 2363 3495 2438 manentium,
3533 2359 3686 2428 616.

2137 2483 2227 2553 de
2293 2481 2473 2554 istis
2537 2479 2851 2552 subdit:
2896 2482 3187 2557 Quorum
3249 2489 3341 2543 est
3386 2488 3689 2543 sanctum

2133 2603 2403 2687 siynum
2441 2624 2482 2667 a
2540 2600 2914 2666 Hierarcka
2972 2597 3314 2662 accedenti
3370 2596 3530 2660 data
3597 2595 3684 2657 si-

2133 2721 2387 2807 quatio,
2468 2729 2527 2783 et
2575 2717 3005 2782 Sacerdotum
3062 2717 3384 2780 salutaris
3439 2711 3686 2779 descri-

2130 2839 2319 2922 ptio,
2374 2852 2746 2924 quorum,
2823 2830 3178 2921 inquam,
3248 2828 3476 2899 redde
3531 2827 3684 2898 sin-

2134 2951 2326 3042 gula
2391 2948 2759 3039 singuliS,
2814 2947 3125 3020 scilicet
3207 2945 3683 3018 illuminati-

2138 3068 2315 3139 onis
2392 3065 2715 3140 traditae
2813 3069 3187 3137 sanctum
3250 3066 3684 3158 signum,a

2134 3186 2590 3259 Hierarcha
2648 3185 2836 3257 data
2906 3184 3284 3278 signatio,
3371 3185 3681 3258 scilicet

2130 3303 2548 3395 impositio
2625 3322 3044 3373 manuum.
3088 3302 3169 3374 111
3246 3301 3536 3394 capite,
3601 3305 3679 3374 et

2130 3421 2338 3512 quod
2435 3420 2540 3493 sit
2634 3419 3287 3493 communicator
3377 3418 3680 3490 divino-

2130 3558 2337 3618 rum,
2405 3536 2728 3627 signum
2797 3539 2920 3609 est
2968 3536 3496 3609 Sacerdotum
3557 3555 3680 3607 sa-

2122 3652 2423 3725 lutaris
2465 3654 2930 3746 descriptiO,
2998 3653 3129 3746 qui
3201 3652 3513 3725 scilicet
3558 3653 3709 3725 de·‘
3773 3748 3778 3755 „

2127 3770 2491 3842 scribunt
2561 3789 2771 3856 eum,
2843 3774 2922 3842 et
2991 3772 3164 3862 ejus
3257 3773 3674 3862 suscepto-

2126 3907 2300 3958 rem
2373 3891 2763 3978 tanquam
2853 3886 2935 3957 in
3021 3886 3674 3959 communionem

2130 4002 2791 4077 Christianorum
2919 4007 3361 4095 receptum.
3509 4006 3675 4077 Ista

2124 4125 2397 4194 autem
2459 4118 2878 4211 impositio
2951 4139 3361 4201 manuum,
3415 4123 3495 4192 et
3552 4120 3674 4191 de-

2123 4236 2468 4329 scriptio
2528 4235 2768 4308 flebat
2807 4235 3048 4327 longe
3091 4239 3277 4308 ante
3318 4234 3673 4327 baptiza-

2121 4352 2474 4433 tionem;
2514 4370 2712 4443 ergo
2773 4352 2996 4424 nullo
3053 4353 3281 4424 modo
3339 4352 3499 4427 ista
3539 4351 3670 4423 hic

2118 4471 2333 4543 dicta
2397 4473 2737 4562 possunt
2810 4468 3160 4559 intelligi
3244 4469 3334 4541 de
3393 4468 3666 4561 aliquo

2124 4587 2358 4678 signo
2405 4587 2807 4679 impresso
2843 4585 2923 4657 in
2963 4585 3414 4679 Baptismo.

2213 4706 2490 4776 Aucto
2524 4703 2680 4775 itas
2713 4703 3198 4775 Damasceni
3241 4705 3468 4777 valde
3513 4704 3664 4777 ine·
3822 4707 3877 4759 ‘¹-

2124 4822 2256 4913 pte
2290 4819 2735 4901 adducitur,
2765 4820 2954 4912 quia
2990 4840 3179 4913 pars
3213 4819 3449 4893 11111118
3494 4771 4010 4895 ora-lNogsstufssoecffi

2117 4936 2367 5007 tionis
2402 4934 2931 5029 conjungitur
2970 4956 3152 5010 cum
3195 4942 3430 5030 parte
3463 4939 3663 5011 alte·
3691 4898 4002 5041 οιῗιῗῗζῖἕῖῗί

2121 5053 2322 5137 rius,
2368 5052 2926 5145 praetermissa
3005 5053 3406 5127 sententia
3482 5076 3662 5128 con·
3704 5022 3776 5076 D·
3812 5024 3999 5076 '¹¹¹⁰m’

2119 5168 2483 5261 cipienda
2552 5189 2734 5240 cum
2815 5174 3048 5261 parte
3134 5171 3654 5262 praecedente.

2117 5284 2345 5359 Jacet
2414 5286 2629 5356 enim
2712 5283 2785 5356 in
2845 5284 3125 5357 littera
3180 5288 3658 5361 Damasceni

2119 5402 2232 5473 sio
2274 5424 2285 5466 :
2349 5405 2478 5468 Per
2530 5405 2940 5491 Baptismum
2983 5407 3328 5492 primitias
3376 5409 3657 5493 spiritus

2113 5522 2530 5603 assumimus,
2557 5521 2634 5589 61
2670 5524 2793 5591 est
2816 5518 2921 5590 ibi
2953 5504 3268 5602 versus,
3295 5522 3654 5615 618611111-

2119 5639 2258 5709 tul‘
2298 5633 2508 5707 alius
2550 5655 2882 5706 versus:
2939 5639 3021 5702 Et
3047 5641 3466 5725 principium
3511 5644 3676 5708 altc-
