4287 6313
244 1027 418 1099 Pmma

260 1098 405 1140 rano.

164 1624 481 1676 Declaratur.

217 2329 271 2377 ln
300 2326 444 2391 puris

170 2391 486 2462 naturanbus

170 2460 226 2502 ut
251 2459 489 2503 sumitur.

252 3888 433 3937 Modus

221 3947 460 4013 loquendi

204 4011 468 4061 familiaris

218 4072 424 4124 Doctori
434 4112 447 4124 .

516 418 636 479 21⁴2

510 576 701 645 modo
749 574 1082 664 explicent
1138 574 1461 664 justitiam
1503 570 1922 658 originalem.
1965 572 2061 635 Ex

507 695 610 761 his
641 693 899 760 duobus
955 690 1313 779 suppositis
1372 687 1738 755 manifestae
1778 700 1933 752 sunt
1964 706 2061 751 ra-

506 810 717 876 tiones
745 808 1062 885 DoctoriS‚
1093 820 1158 873 et
1209 806 1493 872 maxime
1530 816 1753 870 contra
1795 802 2063 868 Richar-

509 925 693 1005 dum,
749 945 942 1011 quem
976 924 1345 1008 impugnat.

600 1041 810 1106 Prima
871 1040 1035 1105 ratio
1075 1038 1466 1115 declaratur,
1504 1056 1655 1122 quae
1724 1034 1872 1100 talis
1912 1046 2052 1099 est:

516 1158 948 1240 Qttoecumque
975 1155 1106 1219 sibi
1144 1155 1428 1219 invicem
1468 1162 1843 1238 repugnant
1883 1152 2064 1214 circa

511 1263 708 1341 idem,
772 1274 995 1327 mutuo
1042 1282 1111 1326 se
1169 1262 1535 1326 excludunt
1603 1261 1783 1324 circa
1840 1257 2062 1337 illud‚·

510 1400 688 1465 erqo,
747 1389 870 1443 etc.
917 1377 1050 1442 Sed
1117 1378 1329 1464 σκίρω-
1365 1375 1697 1461 origyinali
1735 1379 2066 1457 νεριιρηαῑ

510 1492 843 1558 rectitudo
875 1494 947 1558 in
982 1495 1177 1578 puris
1214 1491 1638 1557 naturalibus
1676 1489 1873 1553 eciam
1918 1487 2066 1550 sine

511 1612 756 1698 qratia,
812 1621 936 1676 etc.
992 1608 1302 1694 intelligit
1354 1609 1500 1673 sinc
1554 1607 1778 1691 qratia
1828 1602 2066 1670 sancti-

515 1724 776 1804 ficante,
832 1724 913 1790 de
962 1744 1087 1811 qua
1139 1734 1240 1789 est
1280 1721 1586 1809 quaestio,
1651 1740 1780 1785 non
1848 1729 2065 1783 autem

516 1840 596 1905 de
650 1841 824 1906 dono
879 1839 1169 1925 gratuito
1219 1834 1733 1922 supernaturali,
1802 1833 1868 1897 in
1939 1852 2067 1920 quo

515 1955 858 2022 constituit
935 1955 1262 2040 justitiam
1357 1951 1775 2038 originalem,
1858 1950 1933 2013 in
1997 1950 2062 2012 2.

515 2072 671 2140 disc.
755 2073 865 2138 29.
929 2083 1154 2156 qtttest.
1234 2071 1478 2148 unica,·
1531 2088 1648 2153 per
1700 2064 2069 2152 oppositum

517 2189 715 2279 hujus
795 2188 1186 2274 intelligitur
1246 2190 1317 2252 in
1383 2187 1578 2272 puris
1617 2183 2063 2291 naturalibus,

513 2306 1126 2393 comprehendendo
1159 2306 1353 2371 etiam
1391 2305 1545 2370 illud
1580 2303 1852 2381 donum,
1909 2320 2075 2388 qua,

519 2434 711 2488 tenus
768 2420 1077 2487 rectificat
1118 2433 1413 2487 naturam
1476 2418 1555 2484 ad
1635 2417 1829 2484 finem
1874 2436 2070 2482 suum

520 2538 877 2605 naturalem
922 2551 1197 2619 tantum,
1235 2539 1297 2604 id
1345 2552 1466 2617 est,
1506 2549 1803 2624 respectu
1845 2536 2073 2621 cujus-

518 2676 799 2742 cumque
857 2656 1093 2743 objecti
1144 2667 1208 2720 et
1256 2655 1652 2741 operationis
1697 2653 2073 2740 perfectivae

524 2780 803 2847 naturae,
834 2770 1193 2836 secundum
1230 2770 1544 2835 rationem
1570 2778 1835 2845 rectam,
1867 2785 2071 2854 quan·

520 2898 656 2951 tum
702 2886 779 2951 ad
845 2887 1272 2966 voluntatem,
1338 2886 1403 2952 in
1463 2906 1590 2974 qua
1625 2885 1852 2951 statuit
1877 2884 2071 2971 justi-

521 3002 674 3066 tiam
707 3000 1097 3087 originalem
1134 3001 1467 3087 primarie,
1506 2999 1814 3086 quamvis
1855 3019 2071 3064 acces-

520 3110 693 3178 sorie
757 3112 1054 3179 admittat
1094 3111 1286 3178 etiam
1344 3112 1585 3179 donum
1657 3111 1945 3179 infusum
2005 3110 2070 3175 in

521 3227 812 3313 appetitu
856 3228 1196 3306 sensitiv0,
1261 3248 1389 3315 qno
1421 3228 1738 3294 subdatur
1788 3226 2070 3314 perfecte

522 3341 868 3423 voluntati,
917 3356 979 3409 et
1009 3343 1357 3429 distinguit
1403 3341 1799 3409 voluntatem
1840 3344 1915 3407 in
1951 3364 2069 3428 pu·

519 3458 619 3526 ris
666 3460 1109 3538 ηαιιιναίἱόιιε,
1157 3480 1193 3524 a
1231 3459 1473 3546 seipsa,
1519 3456 1917 3548 utffelevatur
1955 3480 2071 3545 per

522 3575 797 3662 gratiam
830 3574 1339 3642 sanctificantem
1372 3575 1450 3641 ad
1502 3573 1697 3640 finem
1750 3575 2067 3660 simplici-

525 3703 625 3757 ter
674 3691 1268 3777 supernaturalem.
1422 3677 1423 3680 ¹

612 3809 709 3871 Ex
738 3828 867 3894 quo
897 3807 1104 3872 obiter
1132 3803 1523 3871 admonendi
1557 3817 1734 3884 sunt,
1771 3806 1881 3892 qui
1915 3805 2061 3872 aliis

526 3922 587 3986 in
647 3921 806 3988 locis
861 3922 1253 3989 calumniam
1317 3923 1605 3988 inferunt
1679 3924 1934 3988 unctori
1987 3943 2070 3990 ex

524 4038 647 4103 hoc
706 4035 896 4102 modo
969 4036 1300 4125 loquendi,
1367 4050 1438 4104 ut
1513 4039 1678 4105 infra
1719 4040 1881 4105 dist.
1957 4044 2063 4106 14.

523 4165 746 4241 quoesl.
784 4157 847 4219 2.
884 4155 930 4238 'g
976 4156 1071 4219 De
1115 4155 1401 4219 secundo
1457 4157 1832 4242 principali
1868 4157 1958 4222 ad
1998 4161 2063 4225 3.

522 4269 631 4336 ubi
674 4269 831 4336 dicit
859 4271 1029 4356 quod
1069 4270 1369 4335 voluntas
1416 4270 1759 4337 existentis
1806 4272 1869 4336 in
1921 4292 2067 4357 pec-

520 4398 663 4451 cato
703 4397 917 4471 potest
959 4406 1107 4452 cum
1157 4385 1490 4451 communi
1532 4385 1872 4452 influentia
1932 4409 2067 4452 mo-

522 4501 662 4566 veri
721 4501 798 4566 ad
879 4501 1357 4587 poenitentiam,
1421 4501 1530 4566 ubi
1603 4521 1728 4567 non
1779 4502 2067 4568 excludit

520 4615 867 4702 adjutoria,
933 4637 1081 4704 quae
1150 4638 1264 4702 per
1303 4638 1719 4683 communem
1788 4617 2065 4684 influen-

523 4730 677 4796 tiam
728 4732 1247 4816 comprehendit,
1284 4734 1454 4800 sicut
1486 4733 1575 4798 ibi
1623 4732 1814 4799 latius
1855 4732 2065 4819 expli-

522 4845 800 4931 cabitur,
837 4848 951 4914 sed
986 4848 1292 4937 intelligit
1321 4848 1721 4915 voluntatem
1769 4849 1833 4913 in
1877 4860 2065 4914 natu-

526 4961 771 5028 ralibus
813 4975 883 5028 ut
913 4963 1199 5030 excludit
1227 4963 1607 5030 charitatem
1643 4963 2061 5044 habitualem,

526 5087 592 5143 et
646 5078 924 5164 gratiam
983 5076 1524 5156 sanctificantem,
1571 5099 1647 5143 eo
1689 5079 1879 5143 modo
1937 5100 2066 5166 quo

530 5194 636 5259 hic
672 5193 962 5280 loquitur
1000 5194 1079 5259 de
1110 5193 1445 5259 voluntate
1483 5194 1548 5258 in
1590 5193 1772 5279 puris
1806 5205 2062 5261 natura-

525 5308 722 5387 libus,
760 5309 1061 5396 quamvis
1092 5309 1599 5395 comprehendat
1640 5310 1882 5374 donum
1928 5312 2066 5396 jus-

524 5425 685 5490 titiae
761 5424 1123 5509 originalis,
1214 5425 1383 5511 quod
1455 5425 1595 5510 ipse
1673 5425 1861 5491 docet
1918 5447 2065 5494 esse

526 5540 814 5611 infusum
855 5561 890 5605 a
924 5543 1074 5624 Dec,
1110 5552 1174 5607 et
1204 5539 1488 5606 excludit
1517 5541 1793 5627 gratiam
1828 5543 2066 5610 sancti-

1687 410 1832 475 Lm.
1865 405 1965 471 IV.
1998 400 2608 469 SENTENTIARUM

2174 567 2475 634 ficantem
2507 565 2870 645 dumtaxat,
2907 584 3057 651 quae
3086 560 3343 629 ordinat
3390 557 3471 626 ad
3521 557 3719 624 finem

2173 683 2558 770 simpliciter
2590 680 3182 769 supernaturalem.

2263 800 2579 864 Minorem
2616 799 2844 885 probat
2875 800 3128 874 Doctor,
3159 806 3297 860 tum
3339 792 3723 860 auctoritate
3807 816 4021 891 mium-‚is

2173 914 2492 1000 Magistri,
2546 913 2657 1001 qui
2700 913 2917 1001 posuit
2972 910 3306 977 hominem
3369 930 3404 976 a
3468 913 3598 975 Deo
3629 906 3725 974 sic
3783 881 4037 947 probatio.

2173 1042 2488 1109 creatum,
2533 1050 2727 1116 quem
2769 1028 3067 1115 sequitur
3106 1026 3302 1093 etiam
3356 1024 3720 1091 Richardus

2175 1145 2394 1232 (quem
2431 1146 2773 1233 impugnat
2806 1144 3064 1231 Doctor)
3119 1154 3190 1209 ut
3230 1141 3445 1207 visum
3501 1152 3598 1206 est
3653 1138 3719 1204 in

2177 1261 2441 1351 notabili
2483 1261 2845 1347 suppositO,
2892 1272 2953 1325 et
3009 1271 3188 1346 patet*
3215 1279 3297 1324 ex
3326 1265 3722 1344 argumento

2177 1377 2499 1463 sequenti,
2567 1376 2737 1464 quod
2782 1387 2881 1443 est
2939 1375 3016 1441 ad
3059 1375 3417 1454 hominem,
3473 1383 3544 1440 ut
3586 1372 3727 1459 ipse

2180 1493 2418 1558 indicat
2442 1494 2508 1558 in
2541 1493 2694 1559 fine.
2733 1486 3521 1578 RespondetRicltarduS,
3552 1486 3723 1576 quod
3987 1575 4002 1586 ⁶

2179 1608 2495 1674 rectitudo
2553 1607 2850 1674 absolute
2912 1608 2976 1671 in
3030 1617 3258 1671 natura
3321 1616 3536 1691 posset
3576 1623 3723 1670 esse
3756 1576 4064 1644 Responsio.

2180 1725 2321 1790 sine
2351 1725 2583 1811 gratia,
2625 1724 2848 1812 nequit
2879 1736 3095 1790 tamen
3120 1723 3378 1790 restitui
3413 1722 3554 1789 sine
3575 1741 3725 1808 gra-

2181 1843 2292 1908 tia.
2339 1844 2573 1907 Contra
2613 1841 2832 1928 arguit
2871 1845 3127 1917 Doct0r‚
3201 1839 3353 1926 quia
3405 1837 3727 1904 rectitudo
3787 1851 4054 1916 Impugna-

2182 1959 2515 2034 naturalis,
2588 1978 2703 2023 seu
2755 1957 3012 2044 justitia
3091 1953 3459 2041 originaliS,
3523 1973 3717 2041 quam
3800 1917 4076 2049 Foffxfa‘in·

2183 2095 2297 2161 per
2336 2073 2792 2140 rectitudinem
2828 2072 3158 2159 intelligit,
3206 2091 3331 2136 non
3364 2070 3559 2136 habet
3596 2090 3730 2134 esse
3760 2051 4080 2152 maniat-an

2184 2191 2451 2257 alterius
2486 2190 2756 2256 rationis
2797 2188 2864 2254 in
2905 2187 3225 2275 subjectO,
3269 2186 3413 2253 sive
3453 2205 3729 2273 praeces-

2184 2306 2341 2372 serit
2414 2307 2558 2393 ejus
2632 2305 3003 2392 oppositum
3074 2305 3137 2369 in
3205 2303 3522 2389 subjectO,
3589 2301 3732 2367 sive

2188 2444 2337 2501 non,
2386 2434 2453 2488 ut
2504 2436 2673 2509 patet
2723 2422 2802 2488 de
2839 2423 3054 2489 calore
3115 2434 3179 2488 et
3244 2421 3512 2509 frigore,
3583 2439 3732 2509 quae

2186 2540 2414 2603 fortnae
2448 2558 2575 2602 non
2619 2538 2956 2603 variantur
2999 2537 3062 2601 in
3104 2558 3224 2603 suo
3257 2558 3391 2603 esse
3423 2536 3727 2616 naturali,

2185 2654 2328 2720 sive
2358 2654 2480 2719 sibi
2513 2654 2865 2720 succedant
2906 2655 2970 2719 in
3005 2653 3229 2720 eodem
3272 2654 3591 2741 subjecto,
3639 2654 3733 2720 si-

2186 2791 2268 2835 ve
2300 2790 2424 2834 non
2461 2792 2476 2848 ;
2510 2790 2668 2857 ergo
2702 2790 2911 2858 neque
2941 2768 3492 2857 septu-abilitatem
3526 2780 3588 2835 et
3629 2768 3734 2834 in-

2182 2884 2729 2970 separabilitatem
2806 2906 2842 2951 a
2921 2884 3131 2972 gratia
3221 2886 3414 2951 habet
3474 2884 3730 2971 justitia

2181 3001 2545 3086 originalis,
2620 3021 2695 3066 ex
2755 3021 2829 3066 eo
2895 2999 3067 3087 quod
3111 3000 3521 3086 praecesserit
3585 3000 3730 3086 ejus

2182 3118 2579 3206 oppositum,
2632 3116 2732 3185 vel
2787 3137 2916 3183 non
2958 3116 3391 3204 praecesserit.

2272 3238 2451 3301 Patet
2510 3234 3005 3321 consequentia,
3075 3234 3230 3321 quia
3321 3236 3465 3301 haec
3548 3253 3724 3300 com·
3787 3230 4034 3342 Prgga'tio

2184 3362 2410 3437 petunt
2477 3351 2705 3417 formae
2753 3372 2867 3437 per
2914 3371 3107 3417 suum
3149 3371 3301 3430 esse,
3350 3363 3413 3417 et
3477 3350 3727 3417 ratione
3773 3368 4090 3466 coaffluan-

2181 3465 2458 3553 alicujus
2526 3465 2854 3552 praedicati
2926 3465 3293 3544 intrinseci,
3374 3487 3488 3552 per
3555 3465 3728 3552 quod
3792 3477 4035 3545 apriori.

2182 3579 2337 3644 dicit
2375 3581 2848 3646 connexionem
2892 3580 2967 3646 ad
3028 3579 3226 3659 aliud,
3275 3591 3584 3666 tanquam
3650 3578 3727 3644 ad

2181 3696 2361 3781 prius
2393 3695 2494 3761 vel
2539 3696 2888 3781 posteriuS,
2933 3695 2989 3762 si
3023 3694 3343 3762 connexio
3375 3696 3460 3761 sit
3494 3696 3729 3761 intrin-

2181 3833 2350 3891 seca,
2388 3823 2453 3879 et
2497 3813 2747 3880 ratione
2805 3813 2905 3878 sui
2947 3834 3099 3894 esse,
3143 3813 3247 3878 vel
3281 3833 3361 3878 ex
3402 3811 3728 3878 concomi-

2178 3926 2375 3994 tantia
2416 3946 2759 3993 causarum
2793 3927 3137 4014 utriusque
3188 3928 3253 3993 in
3285 3941 3430 3994 actu
3506 3939 3570 3994 et
3629 3926 3726 3993 si-

2178 4044 2338 4123 mul,
2423 4044 2478 4110 si
2563 4045 2888 4111 connexio
2985 4057 3085 4111 est
3176 4045 3575 4124 extrinseca,
3657 4058 3730 4110 ut

2179 4160 2501 4246 contingit
2566 4160 2630 4225 in
2700 4161 3015 4240 relativis,
3091 4183 3240 4249 quae
3297 4174 3452 4228 sunt
3531 4161 3728 4230 simul

2181 4288 2409 4343 natura
2448 4288 2512 4342 et
2559 4277 2963 4362 cognitione.

2268 4395 2383 4458 Hic
2435 4413 2563 4458 non
2604 4404 2703 4460 est
2742 4414 3103 4461 concursus
3165 4395 3312 4461 talis
3351 4415 3723 4472 causarum,

2180 4507 2328 4592 quia
2364 4511 2555 4585 DeuS‚
2602 4509 2711 4595 qui
2757 4520 2851 4575 est
2873 4529 3068 4575 causa
3102 4522 3228 4575 tam
3265 4511 3499 4596 gratiae
3531 4532 3727 4598 quam

2172 4621 2449 4708 justitiae
2488 4622 2854 4708 originalis,
2917 4624 3054 4710 agit
3092 4624 3320 4690 libere.
3374 4626 3729 4711 Supposito

2179 4758 2337 4823 ergo
2360 4737 2582 4823 priori,
2621 4756 2853 4824 nempe
2878 4738 3047 4804 inter
3072 4751 3417 4826 utramque
3448 4740 3726 4807 formam

2180 4872 2307 4917 non
2338 4871 2482 4917 esse
2512 4871 2594 4916 ex
2636 4863 2866 4918 natura
2898 4853 3214 4939 ipsarum,
3250 4874 3366 4920 seu
3403 4875 3520 4940 per
3553 4874 3726 4940 prae-

2177 4967 2459 5034 dicatum
2486 4967 2912 5035 intrinsecum
2937 4969 3221 5056 aliquam
3247 4970 3728 5036 connexionem

2177 5082 2702 5169 inseparabilem,
2760 5104 2970 5170 neque
2998 5085 3193 5150 etiam
3236 5084 3343 5150 illa
3390 5084 3515 5151 erit
3562 5107 3725 5173 sup-

2177 5196 2388 5281 posito
2456 5218 2872 5284 quocumque
2938 5199 3331 5279 extrinseco,
3379 5197 3553 5286 quod
3595 5221 3726 5266 non

2176 5311 2262 5376 sit
2290 5332 2484 5378 causa
2520 5313 2835 5399 ipsarum.
2881 5314 3264 5399 Oppositum
3324 5326 3541 5382 autem
3581 5317 3729 5402 jus-

2176 5427 2337 5494 titiae
2384 5428 2724 5515 originalis
2794 5430 3212 5516 praesupponi
3274 5431 3338 5495 in
3399 5431 3720 5517 subjectO,

2176 5562 2306 5609 non
2335 5543 2596 5612 denotat
2626 5565 2912 5625 causam,
2949 5558 3060 5611 aut
3089 5546 3534 5614 causalitatem
3577 5547 3721 5638 ejus
