4287 6313
218 1032 543 1093 Praeceptum

264 1090 504 1150 hominis,

220 1156 526 1221 quandoque

222 1226 545 1271 contemnen-

310 1282 447 1333 dum.

562 413 680 489 3'44

547 607 726 661 ‘non
769 587 1471 669 contemnendum,
1539 585 1671 658 sed
1714 583 1963 658 etiam
2026 584 2120 656 ad

568 705 1180 787 observandum,
1220 704 1288 777 si
1321 710 1445 778 est
1491 701 2111 782 affirmativum,

564 822 695 895 vel
744 822 1212 905 cavendum,
1287 822 1355 926 si
1430 823 1555 893 est
1611 817 2112 912 negativum.

661 935 851 1007 Haec
924 939 1196 1008 autem
1237 933 1401 1006 dixi
1467 934 1558 1006 de
1626 932 1969 1006 consilio
2038 936 2117 1005 et

573 1056 983 1146 praecepto
1015 1051 1313 1132 divino,
1377 1051 1564 1146 quia
1598 1071 1828 1124 secus
1863 1053 1987 1123 est
2026 1052 2119 1124 de

575 1168 956 1251 humano,
1002 1166 1251 1240 etiam
1286 1167 1680 1263 loquendo
1721 1167 1811 1239 de
1862 1168 2120 1239 consi·

572 1284 683 1357 lio
722 1306 859 1358 seu
895 1288 1306 1378 praecepto
1349 1283 1700 1355 hominis
1757 1283 2117 1377 superio-

575 1401 693 1473 ris
754 1420 894 1471 seu
963 1399 1321 1473 Praelati.
1397 1399 1623 1473 Licet
1675 1399 1888 1472 enim
1950 1404 2119 1473 tam

573 1518 1008 1591 consilium
1052 1539 1293 1610 quam
1335 1521 1834 1611 praeceptum
1876 1515 2122 1590 aliou-

563 1637 699 1728 jus
743 1635 1196 1729 superioris
1237 1637 1783 1715 contemnere,
1843 1634 1913 1706 id
1966 1639 2115 1714 est,

571 1750 1146 1826 irrationabile
1201 1756 1281 1825 et
1346 1751 1949 1825 infructuosum
2000 1751 2121 1843 ju-

572 1868 870 1951 dicare,
901 1869 1035 1941 sed
1077 1867 1480 1949 nonlicet,
1515 1868 1701 1939 dum
1735 1871 1861 1941 est
1902 1869 2121 1939 Prae-

573 1984 817 2070 latuS,
874 1988 1396 2057 contemnere
1461 2003 1624 2054 non
1694 1983 2120 2055 observan-

574 2102 697 2186 do,
775 2101 961 2194 quia
999 2100 1297 2173 dicitur
1366 2099 1658 2174 Matth.
1724 2103 1831 2172 13.
1905 2104 2125 2189 Super

525 2219 961 2286 ·cathedram
1023 2218 1240 2305 Moysi
1291 2218 1628 2297 sederunt,
1684 2221 1838 2289 etc.
1900 2216 2121 2288 Istud

575 2333 666 2405 de
727 2334 1197 2424 contemptu
1259 2329 1580 2403 consilii
1629 2332 1756 2403 vel
1826 2351 2122 2424 praece-

574 2450 694 2541 pti
736 2446 1220 2540 superioris,
1261 2445 1681 2539 probatur,
1729 2446 1917 2538 quia
1956 2466 2118 2518 non

570 2569 899 2638 tenetur
956 2563 1252 2655 aliquis
1294 2563 1760 2636 necessario
1820 2562 2119 2635 habere

572 2679 868 2753 falsam
941 2679 1403 2772 opinionem
1468 2680 1559 2750 de
1657 2699 1803 2751 suo
1895 2699 2118 2772 supe-

572 2797 838 2879 riore;
878 2796 1011 2869 sed
1044 2795 1389 2869 monitio
1432 2795 1607 2888 ejus
1658 2796 1785 2867 vel
1829 2817 2119 2888 pracce-

575 2917 810 3006 ptum
857 2913 1129 3006 potest
1192 2911 1272 2984 in
1315 2931 1399 2985 se
1445 2933 1623 2985 esse
1674 2912 2120 2986 irrationa-

573 3031 732 3103 bile
754 3034 834 3104 et
882 3028 1512 3110 infructuosum,
1557 3033 1639 3103 et
1682 3028 2120 3103 rationabi-

576 3147 771 3222 liter
819 3144 1287 3235 etutiliter
1350 3148 1542 3218 tunc
1596 3145 2123 3220 laborandum

578 3267 706 3339 est
764 3264 861 3336 ad
927 3262 1104 3355 ejus
1184 3262 1812 3344 revocationem,
1882 3268 1962 3338 et
2031 3265 2125 3336 ad

579 3378 1187 3472 correptionem
1211 3378 1344 3451 vel
1382 3377 1875 3452 amotionem
1935 3381 2128 3454 talis

585 3496 917 3569 Praelati
978 3492 1199 3568 fatue
1269 3496 1862 3588 praecipientis3
1928 3516 2127 3588 ergo

581 3632 738 3685 non
831 3614 1157 3685 tenetur
1266 3610 1630 3683 subditus
1743 3616 2130 3704 reputare

584 3732 1087 3822 praeceptum
1117 3726 1320 3820 ejus,
1348 3731 1737 3819 tanquam
1773 3727 2131 3800 rationa-

583 3843 742 3916 bile
781 3846 860 3916 et
905 3841 1446 3925 fructuosum,
1503 3843 1635 3914 sed
1678 3846 1946 3935 potest
1993 3864 2131 3936 op-

589 3958 949 4053 positum
984 3961 1394 4050 reputare,
1442 3958 1655 4033 sicut
1693 3963 1843 4041 est,
1887 3965 1968 4033 et
2015 3960 2130 4033 sic

587 4082 1110 4152 contemnere
1149 4096 1311 4148 non
1359 4078 1908 4169 approbando.

680 4194 812 4270 Sic
841 4213 1042 4285 ergo
1085 4195 1334 4286 patet,
1383 4194 1588 4286 quod
1625 4194 1890 4285 prima
1943 4194 2135 4267 obli-

592 4310 816 4403 gatio
851 4309 1254 4403 Baptismi
1306 4330 1451 4402 per
1494 4311 1817 4382 modum
1876 4310 2136 4383 consi-

592 4428 706 4510 lii,
756 4407 1148 4518 obligavit
1215 4446 1493 4498 omnes
1563 4428 1658 4499 ad
1732 4448 1890 4498 non
1953 4448 2137 4500 con-

589 4545 1130 4618 temnendum.
1211 4544 1570 4617 Secunda
1647 4548 1917 4617 autem
1995 4563 2138 4637 per

594 4661 921 4733 modum
960 4660 1346 4754 praecepti
1392 4658 1785 4750 obligavit
1832 4678 2133 4740 omnes,

592 4778 687 4849 ad
750 4796 951 4868 quos
1004 4775 1369 4867 legitime
1419 4775 1664 4854 venit,
1722 4775 1817 4865 ad
1887 4776 2142 4848 susci-

595 4893 995 4985 piendum.

1037 5137 1696 5203 COMMENTARIUS.

687 5362 777 5451 (c)
835 5364 968 5429 Hoc
1016 5382 1171 5447 erqo
1227 5362 1567 5448 supposito
1643 5371 1962 5447 tanquam
2013 5373 2137 5429 etc.

605 5501 839 5566 nempe
922 5477 1341 5545 institutione
1416 5476 1753 5564 Baptismi,
1831 5489 1895 5543 ει
1969 5477 2143 5564 quod

601 5599 686 5665 sit
750 5595 1085 5685 proprium
1154 5594 1319 5681 legis
1377 5614 1567 5660 novae
1622 5596 2136 5674 Sacramentum,

1711 411 1858 487 Lm.
1906 424 2005 486 tv,
2040 423 2633 487 SEN'OEN'PIARUM

2228 597 2292 652 et
2328 606 2674 653 commune
2712 586 2889 652 omni
2935 585 3197 672 popum,
3252 602 3382 650 non
3418 575 3613 648 *sicut
3660 580 3771 648 lex

2228 702 2509 769 Mosaica
2618 699 2743 770 fuit
2845 699 3085 789 populo
3174 700 3546 768 Judaeorum
3645 689 3768 764 soli

2227 818 2484 887 tradita.
2529 823 2744 885 Movet
2790 819 3098 906 deinceps
3126 819 3288 885 duas
3321 817 3760 905 quaestiones;
3862 861 4057 926 Duplex

2230 936 2438 1024 prima
2469 949 2568 1003 est
2595 936 2676 1002 de
2708 936 3094 1003 necessitate
3125 935 3463 1022 Baptismi,
3501 944 3564 1000 et
3596 932 3769 999 unde
3843 921 4077 987 quaesfis'·

2230 1052 2683 1136 redundetilla
2724 1051 3101 1117 necessitas,
3161 1049 3480 1128 Secunda,
3526 1069 3606 1114 an
3668 1047 3770 1111 in-

2231 1167 2483 1235 stitutio
2522 1167 2833 1255 Baptismi
2857 1179 3130 1234 evacuet
3159 1160 3773 1231 circumcisionem?

2230 1287 2514 1353 Primam
2547 1284 2973 1372 quaestionem
3028 1284 3147 1348 hoc
3188 1285 3221 1367 5
3264 1281 3559 1362 resolvit,
3614 1281 3775 1374 alte7

2232 1424 2369 1469 ram
2430 1402 2494 1467 in
2562 1399 2886 1488 sequenti.
2961 1400 3177 1466 Primo
3253 1398 3431 1476 dicit,
3525 1396 3768 1464 nullam

2232 1494 2444 1604 legem
2525 1516 2872 1602 positivam
2935 1516 3046 1580 Dei
3114 1525 3264 1580 ante
3346 1512 3774 1600 promulgati-

2232 1654 2423 1699 onem
2500 1632 2601 1699 sui
2659 1630 2973 1717 obligare,
3036 1630 3207 1718 quod
3265 1615 3515 1715 colligit
3570 1630 3769 1696 Joan·
3839 1607 4065 1719 ¹³¹5&oe

2231 1752 2338 1816 nis
2380 1755 2487 1818 15.
2523 1760 2623 1817 est
2671 1767 3061 1825 commune;
3107 1745 3211 1811 vel
3257 1745 3431 1824 enim
3478 1746 3769 1833 promul·
3797 1731 4129 1843 ¹³¹'⁰<¹‚¹1¹,¹,¹,¹,{⁸²³‘

2233 1865 2407 1951 gatio
2467 1875 2737 1949 spectat,
2800 1864 3161 1930 secundum
3218 1862 3495 1949 aliquos,
3548 1861 3628 1928 ad
3667 1883 3775 1929 es-
3855 1856 4069 1922 obligat.

2232 1980 2506 2047 sentiam
2551 1979 2743 2066 legis,
2796 1979 2900 2045 vel
2942 1990 3117 2046 certe
3162 1989 3264 2045 est
3309 1978 3595 2046 conditio
3664 2000 3777 2064 per

2233 2118 2303 2164 se
2378 2096 2714 2184 requisita,
2780 2109 2849 2163 ut
2906 2096 3014 2162 lex
3077 2095 3325 2182 obliget
3409 2095 3771 2162 secundum

2230 2213 2416 2281 alios,
2481 2213 2835 2280 videantur
2904 2216 3206 2279 Doctores
3258 2213 3361 2278 tit.
3407 2211 3489 2277 de
3529 2212 3777 2298 leqibus

2236 2341 2297 2396 et
2335 2328 2942 2404 constitutionibus.

2317 2446 2503 2522 Ratio
2568 2457 2668 2511 est
2700 2445 2764 2510 in
2798 2456 3126 2531 promptu,
3164 2446 3313 2536 quia
3347 2446 3450 2513 lex
3517 2466 3647 2513 non
3679 2456 3778 2512 εει

2231 2584 2313 2629 ex
2342 2562 2567 2648 regula
2597 2560 3064 2641 faciendorum,
3102 2560 3229 2628 nisi
3265 2575 3685 2649 proponatur,
3724 2574 3788 2629 et

2228 2677 2533 2745 deveniat
2571 2676 2636 2743 in
2668 2676 3142 2763 cognitionem,
3191 2678 3315 2743 hoc
3352 2662 3568 2745 autem
3620 2699 3775 2746 con-

2230 2793 2427 2879 tingit
2459 2813 2573 2880 per
2612 2792 2754 2879 ejus
2788 2792 3406 2879 promulgationem.
3454 2795 3617 2861 Hinc
3646 2797 3782 2862 col-

2232 2909 2381 2995 ligit
2425 2911 2659 2973 Doctor
2711 2927 2823 2993 per
2861 2906 3201 2993 praecisam
3269 2908 3771 2993 institutionem,

2236 3037 2385 3090 ante
2454 3023 3071 3110 promulgationem,
3166 3023 3490 3091 neminem
3578 3027 3784 3094 fuisse
3881 3034 4073 3081 tionem

2237 3142 2595 3229 obligatum
2629 3140 2708 3207 ad
2749 3141 3176 3228 Baptismum,
3221 3164 3301 3208 ex
3341 3142 3590 3211 ratione
3630 3144 3780 3212 uni·
3836 3107 4098 3222 obligat.

2238 3259 2475 3326 versali
2524 3258 2904 3345 praemissa;
2954 3268 3092 3325 tum
3142 3260 3367 3338 etiam,
3415 3261 3570 3347 quia
3612 3283 3781 3348 prae-

2239 3388 2497 3463 ceptum
2541 3378 2619 3444 de
2649 3376 3181 3458 Circumcisione,
3217 3378 3386 3464 quod
3435 3391 3573 3445 erat
3610 3379 3784 3446 divi-

2234 3516 2425 3570 num,
2525 3489 2654 3561 non
2719 3494 2945 3561 debuit
3018 3495 3356 3562 intermitti
3438 3507 3785 3584 antequam

2237 3625 2563 3685 constaret
2610 3612 3008 3698 Baptismum
3052 3611 3253 3679 fuisse
3296 3614 3667 3681 institutum
3712 3617 3779 3683 in

2241 3727 2601 3795 remedium
2678 3728 2945 3814 peccati,
3027 3750 3175 3815 quae
3250 3729 3571 3796 certitudo
3656 3752 3785 3799 non

2245 3844 2452 3931 potuit
2524 3865 2670 3910 esse
2735 3853 2885 3909 ante
2942 3844 3299 3910 solemnem
3352 3847 3783 3935 promulgati-

2244 3980 2459 4029 onem.
2514 3963 2691 4026 Hanc
2729 3959 3117 4026 sententiam
3167 3962 3477 4047 supponit
3535 3963 3632 4049 (ut
3683 3984 3788 4031 re-

2244 4081 2423 4168 liqua
2453 4076 2776 4164 omittam)
2816 4076 3270 4143 Tridentinum
3305 4100 3469 4146 sess,
3506 4081 3571 4144 6.
3615 4101 3675 4145 c.
3716 4085 3783 4148 4.

2250 4198 2395 4262 lloec
2437 4195 2793 4261 translatio
2833 4192 3095 4283 (inquit,
3138 4205 3285 4281 post
3347 4196 3786 4282 Evangelium

2246 4313 2741 4400 promulqatum
2767 4312 2912 4377 sinc
2944 4312 3211 4378 lavacro
3232 4314 3780 4396 reqenerationiS,

2248 4441 2362 4495 aut
2393 4433 2534 4516 ejus
2572 4437 2719 4493 voto
2746 4427 2902 4509 sieri
2938 4447 3074 4490 non
3111 4437 3393 4512 poterat,
3431 4439 3555 4494 eto.

2338 4548 2433 4610 Ex
2473 4543 2712 4629 quibus
2755 4541 2973 4608 verbis
3015 4540 3385 4608 insinuatur
3432 4542 3787 4624 distinctiO,

2252 4679 2444 4745 quam
2476 4662 2710 4724 Doctor
2748 4655 3095 4743 subjungit
3134 4656 3213 4721 de
3271 4657 3794 4744 promulgatione

2253 4773 2560 4861 Baptismi
2622 4773 2744 4838 sub
2783 4771 3058 4839 consilio
3098 4784 3373 4850 tantum,
3418 4785 3482 4839 et
3519 4773 3599 4839 de
3648 4794 3795 4859 pro-

2257 4889 2657 4976 mulgatione
2695 4889 2838 4975 ejus
2877 4888 3002 4954 sub
3034 4900 3384 4976 praecepto,
3419 4888 3552 4954 Sub
3583 4892 3794 4956 consi-

2256 5007 2342 5073 lio
2389 5006 2593 5073 fuisse
2649 5005 3050 5091 Baptismum
3109 5025 3317 5092 usque
3373 5005 3451 5071 ad
3523 5017 3793 5072 mortem

2258 5121 2513 5190 Domini
2552 5142 2782 5188 omnes
2840 5120 3276 5199 conveniunt;
3320 5141 3612 5208 congrue
3685 5141 3798 5188 au-

2256 5251 2385 5305 tem
2426 5236 2651 5304 debuit
2689 5236 2973 5323 primum
3016 5236 3290 5323 proponi
3358 5257 3473 5322 per
3534 5236 3797 5304 modum

2255 5353 2536 5435 consilii,
2602 5353 2752 5441 quia
2804 5373 2931 5417 non
3000 5351 3224 5419 debuit
3291 5352 3795 5440 praecipitanter,

2256 5471 2368 5537 sed
2429 5482 2678 5537 mature
2753 5468 2969 5536 induci
3013 5469 3118 5535 lex
3195 5490 3388 5549 nova,
3469 5490 3617 5556 quae
3675 5480 3795 5549 est,

2260 5587 2760 5675 perfectissima.
2831 5586 3150 5667 Secund0,
3215 5587 3368 5674 quia
3433 5607 3646 5673 neque
3694 5585 3799 5653 lex
3861 5605 3864 5608 ’

3897 1544 4044 1594 Nulla

3812 2843 4112 2909 Baptismus

3912 2915 4031 2956 ante

3827 2969 4116 3033 promulga-

3821 4624 4118 4690 Baptismus

3822 4688 3916 4737 aub
3936 4686 4147 4739 consilio

3902 4752 4057 4799 datus

3849 4826 4008 4876 usque
4051 4811 4120 4861 ad

3870 4877 4086 4923 mortem

3877 4935 4092 4988 Christi.
