4287 6313
1540 398 1739 462 Dls'r.
1776 400 1819 460 Ι.
1869 396 2238 473 QUAESTlo
2273 397 2373 457 lv.
3543 388 3654 450 139

435 563 522 632 de
554 565 798 652 spiritu
843 575 905 630 et
946 565 1197 630 littera.
1240 562 1426 630 Unde
1472 561 1705 628 merito
1736 558 1980 627 Concil.

442 680 735 748 Trident.
768 702 924 747 sear.
971 681 1034 747 4.
1069 677 1371 746 definivit
1409 676 1752 764 utriusque
1788 686 1985 742 testa-

443 798 647 864 menti
685 816 885 863 unum
920 817 1067 864 esse
1096 808 1454 863 auctorem.

111 938 392 999 Rejicitur
531 912 946 1001 Rejiciendus
987 911 1205 999 itaque
1244 909 1653 998 Tiraquellus
1685 911 1761 975 in
1811 928 1985 994 proe-

89 1003 367 1117 maffia.
442 1032 572 1114 fat.
606 1030 698 1096 ad
737 1031 1023 1096 Retract.
1065 1049 1136 1093 n.
1175 1031 1281 1094 10.
1317 1026 1427 1093 ubi
1463 1041 1658 1113 negat
1692 1044 1980 1111 praecep-

89 1128 382 1243 ’ξῖζιῖξζξ-
440 1160 504 1212 ta
545 1146 779 1234 legalia
837 1145 1014 1212 illius
1051 1143 1221 1230 legis
1281 1144 1486 1211 fuisse
1516 1142 1687 1229 juris
1741 1140 1976 1220 divini,

438 1264 599 1330 alias
638 1283 898 1349 semper
941 1260 1253 1328 durarent
1292 1271 1357 1326 et
1406 1279 1531 1324 non
1574 1271 1796 1326 essent
1839 1278 1980 1323 mu·

434 1379 862 1459 tabilia‚sieut
899 1388 963 1445 et
994 1378 1330 1444 Salmeron
1362 1377 1612 1463 disput.
1657 1380 1734 1444 61
1775 1388 1836 1441 et
1865 1380 1975 1444 62.

437 1499 511 1562 in
549 1499 734 1573 Acta,
771 1494 955 1561 docet
986 1505 1308 1581 praecepta
1339 1491 1815 1559 caeremonialia
1850 1513 1977 1558 non

432 1634 582 1679 esse
615 1614 726 1699 jus
773 1611 1099 1691 divinum,
1137 1610 1260 1676 nisi
1295 1621 1432 1676 tuto
1467 1609 1681 1687 modo,
1726 1630 1804 1676 eo
1835 1629 1978 1676 mo-

428 1729 513 1794 do
544 1749 674 1816 quo
707 1728 811 1794 lex
849 1727 977 1793 lata
1015 1727 1095 1793 ab
1144 1726 1433 1806 homine,
1484 1746 1596 1812 per
1633 1725 1981 1791 auctorita-

429 1859 590 1925 tem,
643 1858 716 1912 ut
761 1855 1014 1922 vocant,
1071 1842 1521 1929 participatam
1592 1863 1627 1908 a
1688 1845 1842 1911 Deo,
1882 1854 1981 1907 est

425 1962 674 2038 divina,
741 1971 813 2026 ut
885 1962 1000 2047 jus
1066 1961 1488 2035 Canonicum,
1534 1971 1599 2026 et
1655 1959 1983 2027 concludit

433 2078 653 2164 ipsum
706 2080 976 2162 Moysen
1029 2076 1236 2142 fuisse
1320 2075 1766 2162 legislatorem
1855 2077 1982 2143 im-

431 2194 787 2260 mediatum
818 2195 988 2281 eJus,
1033 2192 1204 2279 quod
1237 2192 1468 2259 merito
1497 2214 1728 2261 omnes
1776 2195 1982 2260 Theo-

441 2308 579 2396 logi
619 2308 957 2374 damnant.

521 2424 689 2500 Quia
728 2428 988 2510 Moyses
1048 2423 1353 2511 proponit
1402 2423 1513 2491 illa
1546 2435 1872 2511 praecepta
1912 2436 1984 2490 ut

427 2538 717 2605 revelata
746 2560 783 2605 a
824 2543 981 2622 Deo,
1031 2551 1095 2604 et
1141 2538 1498 2625 obligantia
1538 2560 1620 2605 ex
1649 2538 1982 2605 voluntate

424 2655 567 2733 Dei,
614 2666 678 2721 et
736 2654 802 2721 in
854 2673 1134 2740 persona
1193 2654 1305 2720 Dei
1347 2653 1498 2731 lata,
1557 2667 1627 2720 ut
1672 2666 1845 2741 patet
1902 2676 1983 2721 ex

427 2772 870 2838 Pentateucho
902 2771 1167 2858 passim,
1211 2771 1461 2838 Exodi.
1498 2773 1606 2837 28.
1642 2784 1705 2838 et
1745 2772 1977 2838 Matth.

424 2892 493 2955 7.
559 2898 622 2955 et
695 2894 800 2954 15.
853 2888 945 2953 ad
984 2888 1177 2955 Hebr.
1223 2891 1295 2954 9.
1350 2889 1420 2958 1.
1489 2889 1581 2954 ad
1654 2889 1968 2954 Corinth.

435 3009 548 3074 10.
591 3006 683 3071 ad
719 3006 938 3071 Galat.
976 3010 1041 3074 4.
1107 3027 1418 3093 expresse
1466 3005 1786 3073 tribuitur
1822 3010 1977 3073 Deo.

427 3121 679 3189 Deinde
712 3121 929 3188 nullus
961 3121 1027 3187 in
1087 3121 1198 3189 illa
1236 3123 1382 3210 lege
1424 3133 1678 3209 poterat
1716 3122 1983 3209 dispen-

428 3259 605 3318 sare,
660 3250 732 3303 ut
779 3251 956 3325 patet
995 3260 1173 3324 saepe
1230 3260 1313 3306 ex
1367 3240 1591 3306 eadem
1651 3239 1983 3327 Scriptura

429 3366 501 3420 et
537 3376 620 3420 ex
652 3355 1034 3443 Evangelio,
1079 3356 1189 3423 ubi
1231 3355 1545 3422 Pharisaei
1599 3368 1902 3423 notantur
1949 3376 1985 3422 a

428 3472 696 3538 Christo
744 3472 824 3538 de
881 3473 1408 3558 transgressione
1439 3473 1605 3559 legis
1644 3495 1658 3549 ς
1714 3471 1837 3538 hoc
1885 3485 1983 3540 ta-

335 3645 350 3654 .
435 3610 587 3655 rnen
622 3590 857 3656 falsum
889 3605 1089 3669 esset,
1138 3589 1193 3655 si
1226 3593 1485 3676 Moyses
1519 3601 1690 3655 esset
1721 3590 1984 3678 legisla-

432 3720 540 3772 tor
595 3707 765 3793 ejus,
822 3704 1313 3774 Advertendum
1382 3717 1599 3773 tamen
1645 3711 1982 3774 Doctorem

434 3818 571 3884 illic
624 3819 685 3883 in
745 3839 993 3905 genere
1033 3819 1238 3906 loqui,
1301 3820 1470 3905 quod
1532 3821 1750 3888 nullus
1819 3821 1986 3887 alius

437 3937 640 4002 fuerit
678 3935 1015 4022 legislator
1048 3935 1222 4001 illius
1254 3923 1446 4022 legis,
1494 3927 1607 4003 sed
1640 3951 1710 4002 ut
1744 3929 1981 4024 praecO,

437 4064 514 4117 ut
598 4050 1112 4139 comprehendat
1180 4072 1310 4118 non
1389 4052 1598 4119 solum
1692 4056 1988 4140 Moysen,

433 4171 550 4238 sed
641 4182 705 4236 et
799 4171 1111 4258 AngeIOS,
1223 4191 1502 4258 quorum
1620 4171 1986 4238 ministerio

431 4288 581 4353 data
615 4299 715 4353 est
754 4287 883 4365 lex,
928 4287 1021 4354 ad
1053 4286 1271 4353 Galat.
1331 4291 1396 4355 3.
1433 4299 1493 4353 et
1531 4289 1674 4354 Act.
1731 4292 1795 4354 7.
1831 4307 1986 4374 qua-

430 4422 719 4489 cumque
757 4401 1012 4467 ratione
1069 4401 1499 4490 intelligatur,
1577 4403 1720 4469 sive
1775 4402 1987 4491 quoad

429 4531 661 4597 totam,
717 4518 864 4584 sive
914 4517 1126 4605 quoad
1175 4529 1424 4604 partem
1465 4518 1986 4585 caeremonialem

428 4647 494 4703 et
521 4634 938 4722 judicialem.
998 4634 1091 4699 Ad
1168 4635 1292 4702 alia
1357 4650 1744 4724 argumenta
1814 4648 1985 4723 patet

426 4773 507 4819 ex
547 4753 795 4820 littera.

2515 697 2980 798 QUAES'TIO
3081 715 3212 787 IV.

2102 914 2339 981 Utrum
2406 915 2493 981 sit
2546 915 2864 1002 possibile
2910 914 3187 1000 aliquod
3243 914 3641 980 Sacramen-

2185 1042 2320 1096 tum
2351 1042 2945 1117 quantamcumque
2976 1030 3348 1116 perfectam
3402 1028 3641 1094 habere

2182 1148 2642 1213 causalitatem
2692 1148 2980 1212 activam
3039 1157 3335 1232 respectu
3399 1146 3640 1233 qratioe

2182 1262 2658 1348 conferendae?

2088 1447 2279 1506 Alens.
2319 1447 2373 1503 4.
2403 1465 2458 1517 p.
2486 1464 2538 1515 q.
2572 1449 2627 1504 5.
2662 1464 2739 1503 m.
2773 1447 2825 1504 3.
2859 1464 2918 1504 a.
2947 1450 2996 1505 4.
3024 1454 3073 1503 et
3101 1464 3150 1515 q.
3184 1448 3240 1504 8.
3273 1463 3355 1504 m.
3398 1449 3450 1504 3.
3495 1464 3551 1504 a.
3583 1449 3636 1505 5.

2166 1521 2227 1574 D.
2259 1522 2467 1575 Bonav.
2500 1521 2590 1573 hic
2624 1520 2674 1575 1.
2700 1536 2760 1588 p.
2795 1536 2851 1573 a.
2890 1521 2939 1574 1.
2972 1536 3026 1587 q.
3068 1522 3120 1575 4.
3165 1518 3424 1574 Richard.
3475 1537 3531 1575 a.
3583 1524 3637 1576 4.
3710 1572 3715 1579 .

2159 1608 2214 1657 q.
2246 1593 2301 1645 2.
2330 1594 2394 1648 D.
2437 1589 2630 1645 Thom.
2663 1607 2717 1658 q.
2744 1592 2794 1646 1.
2817 1596 2864 1645 et
2896 1592 2946 1645 4.
2969 1597 3015 1644 et
3038 1591 3089 1647 3.
3108 1606 3161 1658 p.
3186 1608 3240 1659 q.
3272 1593 3359 1647 62.
3382 1606 3437 1646 a.
3459 1594 3512 1646 2.
3533 1593 3641 1646 Du-

2161 1660 2317 1717 rand.
2342 1663 2431 1717 hic
2462 1680 2513 1730 q.
2547 1664 2598 1717 4.
2625 1663 2680 1717 5.
2714 1662 2878 1717 Gabr.
2912 1679 2963 1730 q.
3002 1664 3049 1717 1.
3082 1663 3297 1717 Aureol.
3325 1679 3377 1730 q.
3415 1664 3465 1717 1.
3491 1679 3546 1717 a.
3581 1663 3636 1719 3.

2160 1734 2322 1788 Sotus
2378 1751 2428 1802 q.
2462 1734 2517 1789 3.
2548 1749 2609 1787 a.
2669 1734 2718 1788 1.
2768 1736 2966 1789 Suarez
3010 1733 3065 1788 3.
3104 1749 3163 1800 p.
3203 1740 3332 1789 tom.
3383 1735 3436 1789 3.
3475 1736 3532 1789 cl.
3580 1737 3637 1789 7.

2164 1809 2402 1876 vasquez
2429 1806 2480 1860 3.
2494 1822 2557 1874 p.
2582 1806 2638 1860 d.
2673 1806 2795 1861 131.
2820 1806 2942 1858 vide
2973 1805 3118 1860 Scot.
3141 1807 3191 1860 4.
3217 1806 3455 1872 Metaph.
3477 1821 3525 1873 q.
3550 1804 3637 1861 11.

2183 1956 2402 2038 Quod
2454 1954 2594 2039 Sic,
2647 1954 3150 2046 Augustinus
3196 1978 3395 2043 super
3440 1957 3633 2022 loan.

2091 2331 2207 2374 cor
2235 2310 2513 2376 abluat?
2554 2306 2957 2398 Loquitur
2986 2306 3077 2378 de
3122 2325 3332 2398 aqua
3372 2305 3642 2397 Bapti-

2095 2423 2360 2508 smali,
2424 2443 2620 2516 ergo
2702 2423 2842 2496 illa
2911 2443 3056 2501 cor
3124 2422 3424 2505 abluit3
3497 2442 3644 2495 cor

2093 2542 2390 2621 autem,
2430 2539 2503 2611 id
2542 2543 2689 2622 est,
2742 2540 3038 2623 anIma,
3090 2559 3249 2611 non
3283 2537 3644 2611 abluitur

2093 2657 2250 2727 nisi
2312 2676 2457 2748 per
2506 2657 2888 2748 gratiam,
2945 2656 3070 2728 vel
3124 2655 3416 2748 gratiae
3464 2675 3646 2727 cau-

2094 2791 2304 2852 sam;
2339 2790 2566 2862 ergo,
2603 2773 2753 2844 etc.

2187 2891 2417 2968 Item,
2473 2887 2873 2979 Magister
2926 2887 3153 2978 ponit
3212 2885 3291 2957 in
3360 2885 3643 2959 littera
3671 2908 3891 2973 Argum.
3928 2906 3982 2956 2.

2097 3007 2502 3080 rationem
2556 3004 3087 3086 sacramenti,
3138 3004 3341 3096 quod
3381 3007 3506 3077 est
3548 3003 3646 3075 si-

2096 3143 2342 3215 gnum
2388 3121 2702 3214 gratiae,
2751 3121 2867 3195 ita
2918 3122 3003 3193 ut
3045 3120 3219 3214 ejus
3276 3119 3648 3195 similitu-

2094 3242 2360 3314 dinem
2407 3242 2670 3332 gerat,
2735 3244 2815 3313 et
2874 3259 3121 3311 causa
3179 3238 3506 3321 existat,
3569 3242 3650 3312 et

2097 3378 2246 3451 per
2288 3358 2440 3431 hoc
2493 3357 2862 3449 assignat
2902 3354 3447 3428 differentiam
3510 3358 3651 3429 Sa-

2096 3478 2713 3550 cramentorum
2773 3494 3002 3546 novae
3056 3473 3259 3564 legis
3312 3478 3392 3548 et
3438 3475 3653 3546 vete-

2100 3593 2243 3675 ris,
2283 3593 2469 3685 quia
2506 3592 2647 3665 illa
2677 3592 2983 3665 veteris
3052 3595 3286 3672 erant
3332 3594 3651 3666 tantum

2100 3705 2337 3797 signa
2370 3706 2706 3797 gratiae3
2756 3705 2916 3779 ista
2956 3725 3184 3777 novae
3234 3705 3438 3797 legis
3490 3725 3653 3776 non

2100 3829 2289 3898 sunt
2323 3824 2586 3896 solum
2623 3823 2881 3915 signa,
2928 3822 3060 3895 sed
3102 3841 3403 3903 causae3
3450 3839 3650 3912 ergo

2099 3959 2276 4012 esse
2345 3958 2678 4012 causam
2751 3937 3044 4029 gratiae
3115 3943 3238 4012 est
3298 3937 3651 4011 conditio

2099 4055 2595 4148 completiva
2667 4053 2746 4125 in
2823 4053 3286 4128 definitione
3364 4058 3654 4128 Sacra-

2103 4171 2353 4244 menti
2388 4170 2756 4263 perfecti.

2191 4284 2422 4365 Item,
2469 4283 2550 4354 in
2610 4282 2954 4374 quadam
3016 4281 3389 4354 oratione
3445 4281 3649 4373 petit
3676 4306 3890 4371 Argum.
3945 4305 3996 4356 3.

2102 4399 2470 4472 Ecclesia
2526 4424 2540 4468 ε
2585 4402 2952 4483 Persiciant
3009 4402 3083 4466 in
3143 4399 3331 4465 nobis
3370 4399 3650 4464 Domine

2101 4529 2213 4585 tua
2252 4520 2689 4584 Sacramenta
2736 4538 2881 4603 quoe
2925 4517 3289 4585 continent.
3329 4515 3449 4584 EX
3498 4511 3649 4585 hoc

2100 4630 2487 4722 arguitur
2534 4628 2972 4721 dupliciter
3025 4652 3039 4695 :
3098 4627 3401 4709 Primo,
3467 4627 3655 4719 quia

2099 4745 2413 4840 petitur
2464 4745 2764 4836 gratia,
2811 4748 2891 4817 et
2941 4762 3102 4815 non
3145 4743 3457 4836 petitur
3521 4744 3657 4816 irn-

2102 4861 2527 4956 possibile;
2563 4879 2764 4951 ergo
2799 4864 2924 4934 est
2959 4859 3345 4952 possibile
3378 4864 3659 4935 Sacra-

2101 4982 2372 5053 menta
2423 4975 2748 5051 efficere
2809 4976 3194 5069 gratiam.
3269 4978 3656 5058 Secundo,

2099 5096 2291 5188 quia
2356 5093 2730 5167 innuitur
2798 5096 3333 5167 Sacramenta
3409 5094 3659 5167 conti-

2099 5231 2294 5284 nere
2367 5209 2575 5303 quod
2661 5208 2995 5302 petitur,
3080 5210 3396 5285 scilicet
3473 5230 3659 5302 gra-

2101 5328 2345 5409 tiam;
2419 5346 2581 5398 non
2640 5330 2912 5401 autem
2982 5326 3399 5402 continent
3470 5346 3651 5400 eam

2096 5441 2588 5524 formaliter,
2628 5446 2896 5536 patet3
2933 5462 3132 5538 ergo
3177 5442 3647 5520 virtualiter

2095 5563 2240 5643 aut
2279 5559 2750 5640 causaliter.

2090 2078 2322 2143 homil.
2365 2076 2475 2149 80.
2522 2088 2582 2143 et
2632 2078 2694 2147 1.
2759 2098 2822 2163 q.
2887 2077 2950 2146 1.
3006 2071 3364 2146 Detrahe
3410 2098 3424 2141 :
3484 2076 3642 2150 Quae
3668 2018 3978 2146 ἕῖἔιίιῗιῖιῗῖ

2092 2203 2185 2259 est
2224 2194 2440 2260 virtus
2487 2194 2619 2260 ista
2652 2177 2867 2280 aquae,
2906 2204 2978 2259 ut
3008 2213 3247 2278 corpus
3287 2203 3541 2281 tanqat‚
3579 2203 3639 2257 et
3672 2144 3984 2271 Vaoeqyazin
