4287 6313
1655 403 1853 466 Dls'ln
1884 405 1989 468 Vl.
2035 405 2401 481 QUAESTIO
2460 409 2535 471 V.

504 570 900 658 recipientis,
963 571 1267 659 quamvis
1315 568 1482 637 adsit
1548 569 1614 634 in
1689 569 1883 636 dante
1931 573 2044 637 Ba-

506 689 840 773 ptismum,
885 688 1174 774 recipere
1211 708 1367 754 vere
1404 690 1921 754 Sacramentum.

171 783 469 927 gssss‘icffiff
623 804 1099 889 Respondetur,
1154 804 1689 890 chrysostomum
1745 823 1872 868 non
1932 824 2041 870 ex·

184 925 477 992 Chrysosto-
504 917 766 985 cludere
820 918 1247 985 intentionem
1297 919 1656 1005 legitimam
1724 918 2040 984 offerendi

254 1003 387 1041 ”⁰⁰⁸⁰
505 1056 736 1102 manus
794 1049 857 1103 et
922 1034 1121 1103 verba
1176 1035 1255 1102 ad
1313 1035 1617 1102 effectum
1686 1034 2038 1121 praestandi

500 1152 839 1238 Baptismi,
875 1153 1028 1240 quia
1061 1152 1338 1219 intendit
1369 1165 1586 1218 actum
1625 1151 1863 1218 debere
1893 1171 2041 1217 esse

497 1269 855 1336 humanum
892 1268 957 1334 in
991 1268 1219 1335 ordine
1247 1269 1326 1334 ad
1358 1270 1848 1335 Sacramentum
1888 1288 2037 1334 con-

494 1383 845 1452 ficiendum
915 1395 979 1451 et
1043 1386 1373 1461 oblatum:
1449 1405 1658 1472 neque
1701 1405 1816 1471 per
1856 1385 2036 1450 mali·

495 1501 650 1567 tiam
727 1502 1005 1567 intendit
1093 1501 1413 1568 desectum
1492 1501 1875 1568 intentionis
1929 1499 2037 1566 de·

498 1618 677 1699 bitae,
748 1618 860 1684 sed
919 1620 1135 1685 solum
1184 1618 1549 1703 probitatis,
1621 1629 1685 1684 et
1752 1638 2031 1697 morum,

497 1756 646 1822 quae
694 1754 823 1799 non
865 1747 1051 1800 nocet
1091 1735 1431 1820 baptizat0‚
1474 1734 1556 1800 de
1594 1755 1723 1820 qua
1770 1755 1851 1800 ex
1892 1755 2036 1820 pro-

498 1850 710 1935 posito
751 1849 882 1915 illic
919 1848 1205 1917 disserit.
1242 1848 1557 1915 Similiter
1594 1860 1769 1934 patet
1799 1848 1879 1914 ad
1909 1854 2035 1914 Au-

492 1967 859 2052 gustinum,
896 1965 1026 2053 'qui
1082 1986 1211 2031 non
1265 1965 1550 2052 loquitur
1589 1965 1669 2032 de
1720 1965 2035 2033 simulati·

490 2103 615 2149 one
644 2082 1028 2150 excludente
1081 2083 1318 2148 seriam
1367 2083 1791 2148 intentionem
1841 2083 2034 2148 dandi

490 2199 918 2278 Sacramenti,
965 2200 1268 2285 quamvis
1319 2199 1406 2265 ibi
1439 2220 1568 2265 non
1612 2198 1869 2286 integre
1916 2219 2033 2265 ex-

491 2316 685 2401 plicat
722 2315 801 2382 de
845 2337 971 2403 qua
1020 2316 1433 2382 simulatione
1473 2330 1646 2403 agat;
1713 2316 1825 2383 sed
1874 2338 2037 2403 prae·

491 2432 663 2497 sumi
695 2433 885 2498 debet
922 2433 1002 2498 de
1033 2432 1154 2498 hac
1190 2452 1411 2520 agere.
1457 2436 1534 2499 Et
1584 2435 1747 2499 forte
1804 2431 2036 2499 alludit

489 2547 569 2614 ad
601 2549 1006 2636 Baptismum
1066 2549 1290 2616 datum
1348 2551 1428 2616 ab
1488 2551 1867 2630 AthanasiO,
1923 2560 2036 2617 aut

489 2666 685 2732 etiam
755 2665 1243 2732 datum·Mimo
1308 2687 1562 2746 coram;
1607 2666 2029 2748 Diocletiano,

493 2778 718 2866 quide
776 2790 1043 2864 repente
1094 2798 1457 2845 conversus
1514 2791 1612 2845 est
1668 2794 1729 2844 et
1787 2778 2035 2864 profes·

493 2915 607 2961 sus
642 2893 835 2961 fidem
895 2895 1354 2977 Christianam,
1389 2910 1454 2961 et
1493 2895 1701 2960 factus
1738 2902 1837 2961 est
1870 2898 2032 2962 Mar-

492 3024 623 3098 tyr,
662 3014 727 3078 in
770 3013 1013 3099 quibus
1044 3019 1339 3100 ex'parte
1369 3026 1500 3080 tam
1533 3012 2032 3098 suscipientium

492 3150 686 3218 quam
762 3129 1175 3197 offerentium
1250 3141 1506 3199 servata
1594 3141 1695 3196 est
1763 3130 2034 3197 intentio

492 3247 664 3314 serio
717 3247 978 3334 agendi,
1032 3248 1204 3334 quod
1271 3247 1594 3313 faciebant
1652 3248 2027 3315 Christiani.

493 3363 948 3449 Respondetur
979 3363 1170 3429 etiam
1223 3364 1535 3445 secund0‚
1591 3364 2029 3446 Augustinum

490 3479 654 3546 nihil
689 3481 753 3545 in
794 3501 870 3545 eo
898 3500 1051 3547 casu
1083 3479 1576 3559 determinasse,
1615 3483 1728 3548 sed
1762 3501 2032 3567 suspen·

490 3596 667 3664 disse
712 3598 1131 3678 sententiam,
1186 3597 1391 3665 donec
1437 3597 1518 3665 ab
1566 3598 1877 3680 Ecclesia,
1923 3614 2035 3664 aut

489 3711 634 3781 aliis
665 3714 907 3801 aliquid
952 3713 1517 3794 determinaretur,
1580 3713 1751 3801 quod
1809 3724 2033 3800 postea

496 3833 736 3897 factum
777 3844 899 3898 est.

272 3959 332 4009 19
583 3936 865 4025 Objicies
923 3938 1116 4004 tertio
1154 3937 1486 4006 Christum
1516 3937 1886 4005 instituisse
1923 3940 2035 4004 Sa·

182 4020 425 4147 οξῗσᾎῖ,
496 4066 849 4131 eramenta,
898 4052 1091 4118 modo
1152 4074 1280 4140 quo
1319 4053 1817 4120 convenientius
1866 4066 2026 4130 erat,

494 4169 609 4238 sed
641 4170 850 4256 magis
889 4170 1289 4236 conveniens
1320 4182 1458 4236 erat
1486 4190 1558 4236 ea
1600 4191 1728 4235 non
1785 4169 2030 4256 depen-

492 4287 647 4354 dere
723 4289 803 4355 ab
851 4287 1213 4353 intentione
1273 4285 1598 4365 ministri3
1669 4307 1828 4373 ergo
1886 4299 2017 4353 etc.

490 4404 702 4471 Minor
733 4404 1065 4491 probatur,
1119 4402 1270 4490 quia
1313 4423 1521 4491 neque
1556 4403 1681 4470 alia
1719 4404 1909 4488 signa
1948 4422 2030 4468 ex

490 4522 875 4591 auctoritate
951 4520 1210 4608 publica
1280 4520 1577 4586 instituta
1660 4519 2029 4606 dependent

489 4641 571 4707 ab
638 4640 997 4707 intentione
1072 4639 1395 4707 utentium
1453 4659 1469 4715 ;
1548 4637 1784 4704 deinde
1871 4657 2027 4704 con-

491 4766 757 4834 tractus,
878 4754 1349 4820 transactiones
1449 4767 1513 4818 et
1621 4751 2022 4838 hujusmodi,

491 4891 620 4936 non
698 4870 1067 4958 dependent
1134 4872 1214 4937 ab
1297 4869 1657 4937 intentione
1718 4868 2022 4949 ministri,

491 4987 673 5053 verbi
714 4985 947 5074 gratia,
1021 4985 1483 5072 procuratoriS‚
1548 4984 1661 5052 sed
1729 5004 1765 5051 a
1834 4985 2019 5071 lege3

489 5125 648 5191 ergo
712 5103 1013 5170 similiter
1061 5123 1191 5168 non
1246 5102 1370 5169 fuit
1427 5122 1791 5188 congruum
1831 5102 2025 5167 talem

486 5220 985 5306 dependentiam
1082 5220 1147 5284 in
1229 5218 1563 5306 proposito
1620 5218 2013 5284 admiscere.

486 5335 964 5423 Consequentia
1003 5348 1199 5423 patet,
1253 5335 1406 5423 quia
1462 5334 1556 5401 sic
1604 5335 2029 5400 redderentur

489 5454 673 5519 multi
716 5453 1007 5540 perplexi
1048 5455 1125 5520 de
1165 5453 1388 5520 valore
1454 5429 2027 5538 sacramenti-per-

488 5575 682 5658 cepti,
756 5571 937 5638 verbi
993 5570 1232 5659 gratia,
1284 5570 1452 5638 inter
1509 5569 1876 5650 haereticOS,
1913 5558 2024 5658 qui

189 1769 433 1821 Similiter

198 1834 443 1898 Augusti-

248 1911 368 1951 nus.

3589 419 3710 481 575

2160 588 2454 636 errorem
2505 570 2739 637 docent
2801 585 3025 639 contra
3091 574 3434 644 veritatem
3487 581 3709 647 Sacra-

2160 683 2393 748 menti.
2468 684 2713 751 Deinde
2800 687 2921 753 hac
2998 690 3272 771 ratione,
3344 704 3412 758 ut
3464 694 3707 779 passim

2158 796 2381 862 Patres
2449 809 2512 861 et
2577 799 2863 866 Concilia
2934 802 3225 883 tradunt,
3316 825 3444 872 non
3505 806 3715 874 voluit

2157 910 2457 979 Christus
2535 934 2656 980 sua
2743 917 3160 985 Sacramenta
3255 920 3625 1009 dependere
3669 945 3705 991 a

2156 1026 2497 1111 probitate,
2543 1043 2653 1096 aut
2713 1031 2841 1098 fide
2890 1033 3219 1115 ministri;
3273 1058 3435 1127 ergo
3498 1040 3709 1127 magis

2157 1145 2218 1210 id
2248 1146 2552 1231 congruit
2599 1166 2680 1214 ne
2717 1148 3160 1235 dependerent
3208 1152 3403 1219 etiam
3445 1155 3525 1221 ab
3564 1158 3707 1244 ejus

2154 1261 2546 1328 intentione.

2242 1378 2690 1464 Respondetur
2722 1381 3020 1467 negando
3058 1383 3401 1453 minorem.
3447 1387 3543 1454 Ad
3590 1409 3699 1455 cu·
3743 1416 4044 1480 Responsio.

2146 1495 2259 1580 jus
2296 1497 2738 1581 probationem
2772 1500 3167 1585 repondetur
3199 1525 3390 1571 usum
3423 1505 3696 1573 aliorum
3746 1478 4025 1593 {ffffimgffi

2153 1608 2493 1696 signorum
2535 1612 2899 1700 dependere
2937 1618 3018 1682 ab
3059 1620 3441 1687 auctoritate
3479 1622 3694 1707 publi·
3761 1605 3944 1729 uffi'g,
3969 1670 4022 1717 e,

2153 1746 2227 1792 ca
2286 1740 2563 1809 tantum,
2630 1731 2824 1819 idque
2871 1747 3311 1820 congruenter
3374 1737 3454 1804 ad
3497 1738 3693 1806 finem
3761 1744 4032 1843 aen-gnen-

2154 1842 2330 1927 pacis
2370 1859 2435 1909 et
2489 1848 2974 1915 communionis
3016 1851 3295 1936 publicae
3325 1856 3693 1935 servandae,
3797 1831 3972 1971 gsfflossd

2153 1959 2232 2024 ad
2274 1981 2469 2046 quam
2512 1982 2581 2028 se
2624 1965 2865 2031 babent
2897 1967 3323 2049 particulares
3365 1990 3688 2056 personae,

2152 2087 2460 2161 tanquam
2517 2079 2832 2166 subjectae
2879 2079 3165 2168 legibus,
3211 2104 3340 2149 non
3390 2098 3699 2173 tanquam

2153 2190 2435 2258 ministri
2494 2213 2745 2272 eorum,
2783 2217 2818 2262 a
2875 2197 3117 2283 quibus
3174 2199 3498 2287 dependet
3548 2201 3704 2269 finis

2151 2307 2395 2392 politici
2444 2308 2948 2393 administratio,
3004 2335 3133 2380 non
3179 2315 3265 2382 ita
3296 2316 3363 2383 in
3403 2319 3696 2404 proposi-

2149 2435 2239 2502 t0,
2277 2424 2427 2510 quia
2478 2428 2891 2494 Sacramenta
2931 2450 3008 2496 ex
3055 2430 3436 2500 definitione
3473 2435 3696 2501 Eccle-

2151 2538 2272 2606 siae
2338 2540 2710 2628 dependent
2792 2547 2871 2612 ab
2951 2546 3313 2616 intentione
3381 2552 3696 2632 ministri,
3761 2573 3770 2586 ·

2150 2652 2346 2741 idque
2393 2672 2858 2745 congruenter,
2897 2662 3050 2749 quia
3085 2664 3380 2731 instituta
3439 2681 3594 2733 sunt
3634 2667 3701 2735 in

2148 2774 2396 2840 cultum
2464 2777 2829 2863 religionis,
2901 2781 3011 2867 qui
3076 2781 3351 2850 debetur
3410 2788 3564 2865 Dec,
3634 2800 3698 2853 et

2149 2896 2531 2980 consignata
2599 2907 2754 2961 sunt
2819 2897 3148 2978 Ecclesiae‚
3225 2913 3295 2967 ut
3345 2921 3460 2987 per
3501 2902 3694 2969 mini-

2149 3020 2320 3075 stros
2362 3009 2655 3095 publicos
2720 3026 3206 3095 exercerentur,
3282 3036 3519 3103 nempe
3582 3021 3696 3085 Sa-

2149 3124 2468 3204 cerdoteS,
2512 3124 2617 3192 vel
2683 3126 2868 3208 alica,
2926 3140 2995 3194 ut
3053 3129 3119 3196 in
3180 3132 3536 3218 Baptismo,
3607 3155 3689 3202 ex

2149 3261 2375 3306 eorum
2461 3240 2742 3322 delectu,
2832 3258 2895 3309 et
2943 3266 3235 3332 congruo
3320 3248 3451 3316 fine
3491 3251 3691 3338 hujus

2149 3357 2578 3422 Sacramenti.
2631 3358 2833 3424 Debet
2890 3380 3046 3446 ergo
3077 3361 3145 3426 in
3197 3362 3516 3432 ministris
3555 3377 3702 3433 tan-

2149 3491 2344 3558 quam
2403 3472 2472 3538 in
2511 3476 2729 3542 causis
2760 3477 3235 3561 subordinatis,
3301 3482 3554 3549 servari
3601 3484 3698 3549 in·

2146 3587 2349 3654 tentio
2415 3589 2674 3674 publica
2738 3591 2907 3680 legis
2965 3606 3029 3660 et
3086 3596 3430 3683 principis,
3500 3601 3697 3686 cujus

2146 3716 2299 3768 sunt
2347 3703 2656 3786 ministri,
2708 3706 2878 3773 sicut
2934 3708 3002 3773 in
3044 3709 3362 3779 ministris
3409 3713 3694 3799 Justitiae

2146 3817 2339 3885 debet
2392 3821 2641 3887 servari
2702 3822 2975 3890 intentio
3032 3824 3201 3912 legis
3235 3840 3553 3915 quantum
3616 3830 3693 3897 ad

2146 3945 2359 4000 actum
2391 3936 2458 3999 in
2499 3956 2613 4016 se;
2658 3936 2848 4005 debet
2884 3939 3081 4007 etiam
3122 3943 3371 4009 servari
3426 3944 3699 4013 intentio

2147 4049 2453 4118 Ecclesiae
2524 4065 2831 4139 tanquam
2893 4055 2959 4121 in
3027 4056 3691 4139 administratoribuS,

2145 4179 2210 4231 et
2258 4166 2568 4252 quamdiu
2626 4168 2768 4234 haec
2829 4183 3154 4253 servatur,
3215 4174 3433 4242 valide
3499 4177 3699 4243 confi-

2141 4281 2311 4348 citur
2381 4285 2900 4366 Sacramentum,
2991 4307 3121 4354 non
3180 4290 3486 4358 obstante
3539 4313 3699 4381 qua-

2140 4418 2425 4485 cumque
2483 4398 2847 4466 intentione
2895 4404 3270 4487 particulari
3322 4407 3526 4495 hujus
3585 4421 3699 4477 aut

2141 4514 2343 4595 illius,
2381 4514 2771 4601 inquantum
2803 4529 2904 4583 est
2934 4538 3211 4604 persona
3243 4522 3688 4608 particularis‘,

2142 4630 2335 4697 modo
2374 4631 2483 4697 illa
2541 4652 2671 4698 non
2710 4632 3005 4701 destruat
3065 4635 3495 4707 intentionem
3543 4643 3689 4710 uni·

2139 4747 2491 4816 versalem.

2231 4865 2327 4930 Ex
2387 4884 2517 4951 quo
2583 4876 2758 4952 patet
2843 4867 2921 4934 ad
2986 4870 3339 4937 secundam
3397 4874 3688 4959 probati-
3837 4916 3920 4968 20.

2143 4997 2361 5058 onem,
2394 4978 2547 5066 quia
2588 4992 2799 5068 neque
2829 4980 2934 5049 lex
2981 4984 3172 5070 cujus
3202 4986 3446 5054 virtute
3483 4989 3688 5056 stabi-
3728 4978 4037 5093 ilgffissrffitg}

2139 5092 2296 5159 litur
2323 5106 2719 5177 contractuS,
2766 5117 2979 5184 neque
3017 5098 3211 5165 etiam
3243 5102 3685 5173 mandatarius
3714 5108 4032 5216 camaram,

2140 5207 2371 5275 volunt
2420 5210 2789 5297 dependere
2830 5226 3234 5282 contractum
3284 5236 3321 5283 a
3355 5218 3678 5302 ministro,
3729 5226 4021 5280 Ministrum

2192 5323 2204 5336 .
2253 5324 2265 5336 .
2339 5324 2351 5336 .
2975 5328 2988 5340 .
3739 5291 4035 5342 Sacramen-

2142 5343 2269 5389 nisi
2336 5345 2402 5389 ιη
2447 5338 2625 5392 certo
2692 5326 2908 5408 mod0‚
2972 5349 3039 5393 1n
3099 5350 3229 5416 quo
3298 5335 3686 5402 Procurator
3835 5351 3899 5408 ti.

2139 5451 2277 5538 agit
2326 5452 2533 5518 vicem
2578 5455 2987 5537 mandatarii,
3047 5471 3110 5524 et
3166 5462 3526 5529 secundum
3586 5463 3684 5529 in-

2136 5570 2566 5640 structionem
2605 5572 2846 5656 datam,
2906 5588 2969 5642 et
3025 5576 3123 5644 sic
3168 5578 3362 5646 etiam
3428 5593 3686 5650 contra-
