4287 6313
162 540 434 614 eracliana

292 621 322 652 n

1586 387 1786 451 DlST.
1836 389 1908 448 V.
1958 386 2318 462 QUAESTlo
2379 390 2425 449 1.

489 544 761 636 aliqua
864 551 1050 649 sunt

3574 387 3692 449 505

1184 551 1300 625 ita
1389 548 1911 642 simpliciter·
1965 546 2055 618 de
2174 549 2258 619 ut
2328 546 2420 620 de
2479 548 2713 621 unico
2775 549 3224 641 Baptismo,
3296 552 3377 621 et
3417 548 3708 619 contra

136 666 206 719 tri
244 621 459 739 ¹³¹<=⁵⁸t¹nt
493 662 963 738 substantia
1032 667 1235 751 fidei,
1304 668 1508 760 quod
1567 687 1843 739 omnes
1907 664 2056 736 eti·
2170 664 2678 737 Donatistas.
2722 665 2941 737 Unde
2977 666 3044 736 si
3088 664 3547 756 Cyprianus
3593 661 3709 735 ita

137 731 191 780 di
231 745 349 781 eren
358 736 424 781 tia
436 770 449 784 .

182 5203 410 5272 Cyprian
422 5240 435 5256 .

262 5284 365 5318 non

187 5331 418 5382 docuisse

231 5400 408 5444 contra

194 5460 238 5508 fi.
249 5459 347 5504 lem
373 5455 435 5504 de

168 5522 320 5593 Bapt.
372 5518 473 5567 hae·

158 5586 467 5636 raucorum.

498 799 628 850 am
721 782 1134 875 simplices
1222 788 1405 877 post
1498 786 1816 874 tempus
1908 780 2052 852 ali-

504 902 984 990 quantulum
1041 924 1234 975 usus
1289 902 1628 974 rationis
1673 905 2053 975 tenentur

496 1014 655 1092 ista
710 1017 1092 1110 explicite
1156 1019 1512 1100 credere,
1592 1019 1805 1091 sicut
1862 1020 2047 1089 sunt

489 1133 825 1207 articuli
875 1136 965 1208 de
1010 1136 1598 1218 Incarnatione,
1674 1139 1760 1207 ut
1828 1134 2058 1209 Chri-

482 1256 656 1325 stus
689 1253 811 1324 est
847 1256 1085 1325 natus
1128 1257 1208 1327 et
1275 1256 1674 1333 mortuus,
1746 1253 1837 1325 de
1898 1273 2053 1344 quo

486 1371 673 1443 sunt
725 1368 1288 1443 solemnitates
1334 1368 1727 1462 speciales
1774 1368 1843 1440 in
1917 1373 2057 1442 Ec-

486 1485 759 1569 clesia,
865 1491 946 1561 et
1047 1509 1245 1581 quos
1348 1490 1610 1579 potest
1707 1489 2051 1580 populus

485 1603 942 1695 concipere,
1016 1604 1203 1696 quia
1283 1609 1469 1678 sunt
1550 1604 1641 1676 de
1722 1605 2051 1682 Christo

484 1719 835 1792 homine.
891 1721 1071 1795 Alia
1125 1726 1313 1795 sunt
1356 1725 1741 1816 explicite
1799 1729 2054 1819 requi-

485 1837 645 1909 sita
682 1835 773 1909 de
812 1837 1268 1911 substantia
1312 1841 1516 1924 fidei,
1557 1844 2054 1917 observanda

487 1975 534 2026 a
571 1953 1021 2045 maioribus
1068 1957 1472 2042 Ecclesiae,
1518 1960 2051 2051 utpote,quod

486 2071 700 2144 Deus
741 2074 865 2144 est
899 2070 1167 2145 trinus
1212 2075 1289 2144 et
1371 2073 1832 2167 hujusmodi
1879 2096 2049 2169 per-

484 2186 829 2260 tinentia
872 2192 951 2260 et
993 2188 1458 2278 spiritualia
1521 2195 1601 2265 et
1663 2192 2049 2281 imagina-

484 2302 702 2394 bilia:
748 2307 827 2375 et
885 2300 1025 2374 illa
1049 2302 1462 2379 distinctio
1509 2310 1776 2398 potest
1818 2306 2046 2380 habe-

491 2418 560 2490 Pi
594 2418 692 2489 ab
727 2418 1189 2509 Augustino
1226 2424 1333 2493 14.
1373 2425 1454 2490 de
1514 2425 1699 2491 Trin.
1737 2449 1791 2492 c.
1829 2428 1890 2495 1.
1953 2430 2045 2498 A·

491 2534 601 2606 lia
661 2540 849 2610 sunt
884 2558 1057 2629 quae
1115 2559 1257 2612 nec
1320 2542 1786 2613 necessario
1860 2550 2045 2617 sunt

486 2653 867 2745 explicite
908 2656 1298 2728 credenda
1331 2658 1428 2728 ab
1476 2658 1684 2742 istis,
1752 2679 1894 2731 nec
1947 2660 2044 2731 ab

488 2770 875 2864 illis‚quia
933 2792 1094 2846 non
1126 2773 1379 2848 adhuc
1446 2775 1778 2847 illorum
1837 2777 2042 2848 veri-

2173 780 2450 862 sensit,
2499 780 2808 854 scilicet
2850 781 3056 875 apud
3093 780 3519 854 haereticos
3553 799 3714 851 non

2171 917 2347 969 esse
2479 898 3019 990 Baptismum,
3131 899 3336 990 quod
3439 899 3715 970 tamen

2173 1019 2600 1107 promptus
2634 1019 2850 1088 esset
2893 1014 3196 1088 sentire
3243 1015 3517 1087 animo
3558 1014 3712 1087 cir·

2168 1153 2263 1205 ca
2312 1132 2488 1217 hoc,
2544 1134 2750 1225 quod
2818 1134 3171 1207 Ecclesia
3220 1133 3709 1207 determina-

2167 1251 2311 1332 vit,
2383 1251 2464 1322 in
2532 1250 2756 1322 nullo
2825 1253 3169 1333 erravit,
3260 1251 3420 1324 nisi
3494 1250 3710 1324 forte

2163 1367 2598 1439 venialiter
2672 1367 3096 1460 peccand0,
3218 1367 3405 1460 quia
3467 1366 3709 1439 nimis

2167 1485 2518 1557 asseruit
2554 1484 2771 1568 illud,
2819 1486 2914 1557 ad
2966 1485 3170 1579 quod
3230 1505 3374 1558 nec
3434 1489 3705 1557 aucto-

2170 1602 2529 1684 ritatem,
2591 1622 2734 1674 nec
2816 1602 3219 1675 rationem
3282 1606 3706 1692 cogentem

2168 1716 2472 1789 habuit.
2554 1717 2799 1792 Ratio
2870 1716 3082 1789 enim
3145 1736 3290 1788 sua
3349 1735 3507 1787 non
3577 1734 3705 1786 va-

2167 1835 2303 1919 let,
2357 1834 2669 1908 scilicet
2732 1834 2937 1927 quod
2995 1832 3174 1925 quis
3229 1853 3389 1905 non
3438 1831 3701 1913 habet,

2166 1973 2325 2024 non
2358 1957 2627 2043 potest
2661 1950 3078 2043 dare,quia
3106 1950 3524 2043 baptizans
3548 1969 3706 2021 non

2166 2070 2298 2142 dat
2344 2070 2725 2160 gratiam,
2777 2068 2909 2140 sed
2944 2069 3584 2147 Sacramentum,
3630 2072 3709 2139 et

2168 2185 2360 2258 illud
2390 2184 2628 2258 habet
2682 2185 2759 2256 in
2811 2185 3141 2265 virtute,
3219 2182 3404 2276 quia
3464 2181 3703 2257 habet

2168 2302 2571 2384 ordinem;
2625 2307 2705 2377 et
2741 2303 2888 2375 hoc
2926 2302 3158 2374 modo
3199 2301 3414 2375 forte
3448 2299 3708 2371 innuit

2160 2419 2664 2510 Augustinus
2720 2439 2902 2491 eum
2950 2437 3324 2510 peccasse
3374 2415 3710 2488 veniali-

2158 2541 2311 2619 ter,
2410 2557 2593 2609 cum
2698 2535 2962 2610 subdit
3032 2533 3112 2605 in
3207 2532 3704 2606 auctoritate

2161 2653 2740 2745 praeallegata:
2828 2656 2999 2719 Dum
3065 2674 3193 2732 eos,
3250 2648 3537 2741 inquit,
3582 2653 3691 2719 de-

2157 2782 2526 2852 testaretur,
2563 2772 2623 2836 si
2653 2770 2814 2857 quid
2841 2769 3270 2856 pnrqandum
3305 2778 3469 2845 erac,
3532 2788 3691 2854 pas-

488 2891 615 2961 tas
669 2894 792 2963 est
840 2890 1281 2963 *declarata
1343 2896 1423 2965 et
1497 2892 2043 2967 determinata
2151 2889 2359 2954 sionis
2411 2889 2590 2973 falce
2646 2888 3008 2953 tolleretur.
3093 2885 3193 2956 Et
3252 2882 3401 2955 hoo
3454 2881 3683 2954 modo
3738 2899 3938 2951 Videin
3970 2902 4014 2955 1.

390 3079 412 3092 „
487 3026 632 3098 per
653 3006 1127 3087 Ecclesiam,
1156 3006 1608 3098 cujusmodi
1632 3014 1818 3083 sunt
1846 3012 2039 3084 mul·

489 3124 1181 3199 taeconclusiones
1210 3125 2033 3204 necessarioinclusae
2152 3121 2339 3215 quia
2407 3119 2563 3195 etsi
2621 3118 3135 3194 sententiam
3248 3139 3993 3206 erroneamsoaohim.

490 3242 572 3315 in
604 3240 977 3316 articulis
1014 3241 1348 3314 creditis
1378 3267 1393 3323 ;
1443 3243 1575 3315 sed
1598 3250 2030 3340 antequam

491 3357 677 3426 sunt
737 3372 879 3443 per
951 3351 1403 3428 Ecclesiam
1454 3357 1888 3432 declaratae
1956 3365 2036 3435 et

490 3469 939 3562 explicatae,
1057 3490 1217 3542 non
1336 3481 1660 3568 oportet
1768 3497 2037 3571 quem-

490 3600 834 3680 cumque
901 3608 1039 3661 eas
1109 3591 1464 3673 credere,
1533 3600 1861 3685 oportet
1918 3597 2037 3668 ta-

492 3723 672 3777 men
728 3706 952 3779 circa
999 3727 1138 3780 eas
1200 3708 1470 3781 sobrie
1531 3710 1876 3803 opinari,
1947 3715 2034 3785 ut

492 3821 799 3895 scilicet
848 3822 1091 3896 homo
1156 3822 1260 3896 sit
1335 3828 1667 3917 paratus
1709 3850 1848 3902 eas
1929 3836 2034 3905 te-

493 3956 683 4010 nere
748 3958 898 4030 pro
963 3943 1358 4031 tempore,
1425 3962 1574 4034 pro
1632 3965 1787 4036 quo
1830 3949 2037 4021 veri·

499 4069 625 4138 tas
666 4063 917 4137 fuerit
960 4064 1402 4168 declarata.

578 4195 750 4268 Hoc
839 4198 1098 4278 modo,
1169 4197 1343 4269 dico
1453 4200 1660 4290 quod
1751 4202 2035 4293 Bapti-

495 4341 758 4394 smum
798 4343 976 4394 esse
1012 4325 1631 4397 Sacramentum
1669 4345 1898 4399 novae
1934 4329 2034 4400 le-

487 4448 612 4540 gis
660 4449 1220 4522 necessarium
1261 4451 1357 4523 ad
1419 4452 1792 4534 salutem,
1878 4460 2035 4527 sta-

481 4574 636 4648 tim
694 4580 879 4649 erat
944 4575 1035 4647 de
1067 4574 1421 4647 veritate
1462 4575 1642 4648 fidei
1696 4575 2033 4652 Christi-

489 4721 688 4781 anae,
781 4699 970 4792 quia
1048 4712 1434 4793 expresse
1486 4700 1849 4775 habitum
1910 4709 2031 4776 cst

489 4827 570 4899 in
622 4828 1132 4920 Evangeliis3
1181 4829 1312 4901 sed
1370 4828 1578 4920 quod
1632 4830 1728 4901 ab
1778 4828 2033 4903 haere-

491 4953 655 5027 tico
701 4956 1024 5046 poterat
1066 4949 1451 5034 conferri,
1488 4972 1646 5024 non
1700 4953 1814 5025 sic
1878 4961 2036 5029 sta-

491 5078 640 5150 tim
673 5099 1151 5172 expressum
1228 5077 1579 5158 fuit,imo
1657 5100 1800 5151 nec
1850 5085 2036 5153 tem-

500 5214 697 5286 pore
782 5196 1171 5289 Cypriani
1248 5194 1775 5279 declaratum,
1858 5219 2035 5292 pro-

502 5325 684 5412 pter
760 5322 967 5411 quod
1016 5321 1236 5393 circa
1298 5322 1521 5394 illam
1603 5324 2036 5400 veritatem

501 5446 925 5538 Baptismi·
995 5446 1584 5531 declarandam,

500 5570 906 5647 laboravit
928 5572 1432 5664 Augustinus
1466 5573 1800 5648 inlibris
1845 5579 2037 5660 suis,

1695 5451 2037 5525 multum
2066 5519 2067 5526 ,

2160 3006 2424 3095 potest
2499 3001 2879 3075 excusari
2968 3000 3228 3073 Abbas
3288 3000 3686 3093 doachim,

2149 3238 2376 3321 dixit,
2459 3237 2666 3311 Sicut
2734 3240 2958 3330 patet
3025 3241 3309 3308 Earn-av.
3379 3240 3460 3305 de
3523 3262 3690 3308 sum.

2160 3359 2401 3426 Trinic.
2437 3370 2498 3424 ec
2525 3359 2647 3442 fid·
2688 3355 3096 3446 Gath.quod
3122 3358 3291 3427 tres
3327 3374 3696 3446 personae

2146 3493 2307 3546 non
2349 3478 2535 3546 sunt
2577 3472 2850 3564 aliqua
2902 3491 3058 3542 una
3101 3492 3258 3554 res,
3310 3492 3484 3564 quae
3526 3493 3693 3545 non

2149 3593 2513 3683 generat,
2535 3612 2678 3664 nec
2713 3593 3180 3682 generatur,
3216 3609 3359 3662 nec
3395 3590 3688 3683 spirat,

2147 3730 2292 3783 nec
2324 3708 2715 3801 spiratur,
2765 3707 2953 3799 quia
2994 3727 3153 3778 non
3182 3707 3487 3780 dicitur
3538 3706 3690 3780 hoc

2146 3825 2681 3920 pertinaciter
2720 3823 3189 3907 defendisse,
3240 3823 3372 3896 sed
3418 3845 3694 3898 omnes

2146 3944 2403 4018 libros
2467 3965 2658 4016 suos
2739 3942 3168 4035 reliquisse
3261 3943 3691 4015 secundum

2139 4066 2531 4160 judicium
2585 4065 2970 4138 Ecclesiae
3002 4064 3555 4155 corrigendos.

2560 4344 3229 4414 COMMENTARIUS.

2237 4535 2311 4621 (l)
2383 4534 2635 4599 Veritas
2691 4535 3073 4619 quoestionis
3098 4544 3277 4619 patet
3342 4555 3425 4598 em
3464 4545 3676 4600 aucto-

2146 4652 2457 4719 ritatibus
2550 4651 2797 4729 multia
2872 4662 2970 4716 etc
3038 4651 3368 4716 Resolutio
3434 4663 3532 4716 est
3606 4650 3686 4717 de

2152 4768 2315 4846 fide;
2353 4767 2698 4834 videantur
2739 4770 2983 4846 PatreS,
3029 4767 3311 4834 Concilia
3344 4768 3536 4834 citata
3574 4788 3689 4855 per

2149 4885 2596 4954 Scholiastem.
2635 4886 2789 4950 Eam
2856 4883 3084 4969 probat
3130 4904 3165 4948 a
3225 4884 3423 4971 priori
3460 4888 3691 4951 Doctor

2148 5022 2230 5068 ex
2272 5001 2678 5068 institutione
2716 4999 2981 5078 Christi,
3042 5020 3236 5086 quam
3296 5020 3450 5066 vere
3507 5021 3693 5068 asse-

2148 5130 2298 5184 cuta
2327 5129 2426 5184 est
2456 5116 2745 5184 Ecclesia
2785 5137 2934 5183 cum
2977 5116 3348 5204 Augustino
3378 5127 3442 5182 et
3482 5117 3692 5184 Patri-

2154 5233 2275 5299 bus
2323 5234 2557 5299 citatiS.
2596 5234 2751 5322 Ejus
2785 5232 3216 5298 institutionis
3250 5232 3464 5299 varias
3521 5234 3690 5300 assi-

2150 5363 2308 5435 gnat
2373 5350 2835 5437 congruentias
2891 5368 2954 5415 et
3007 5351 3231 5418 bonaS.
3300 5350 3511 5416 Prima
3561 5363 3684 5429 est,

3778 2963 3898 3014 dist.
3926 2968 3975 3015 5.

3771 3040 3820 3089 q.
3858 3027 3904 3097 l..
3939 3027 4005 3078 de

3808 3103 3950 3154 opm.

3738 4580 4004 4693 Congiusio

3801 4705 3916 4755 fidei
3927 4744 3939 4758 .

3796 5406 3969 5456 Prima

2156 5466 2304 5550 quia
2371 5485 2732 5551 congruum
2820 5478 2939 5545 est,
3005 5477 3074 5530 ut
3131 5464 3456 5532 institutio
3514 5465 3688 5551 signi
3718 5483 4008 5537 congruen-

2156 5580 2421 5668 practici
2481 5592 2544 5647 et
2597 5580 2781 5657 certi,
2828 5600 2975 5667 quae
3016 5600 3131 5666 per
3167 5601 3237 5648 se
3277 5593 3376 5648 est
3405 5581 3691 5650 anterior

3849 5536 3937 5581 ua.
