4287 6313
249 2821 329 2874 Ad
357 2831 539 2879 argum
551 2853 563 2866 .

572 417 693 480 580

578 581 733 653 titu
779 581 1192 664 sensitivo,
1250 580 1417 652 sive
1472 578 1930 671 phantasia,
1994 581 2117 650 est

573 697 847 789 aliqua
887 697 1341 790 dispositio,
1398 697 1829 769 secundum
1879 713 2119 787 quam

576 821 870 900 movet,
952 820 1321 889 cessante
1402 819 1588 888 actu
1669 811 2119 887 voluntatis

576 931 1058 1024 imperantis
1100 933 1239 1005 eis.
1285 931 1430 1004 Vel
1490 932 1737 1004 aliter
1786 928 1880 1003 ad
1933 950 2121 1022 pro-

578 1047 961 1140 positum,
1027 1049 1231 1141 quod
1272 1048 1441 1120 sive
1490 1047 1868 1119 voluntas
1934 1052 2121 1118 actu

577 1163 992 1237 intendens
1031 1164 1355 1258 aliquid,
1406 1165 1811 1256 relinquat
1863 1164 1945 1234 in
1985 1183 2124 1255 po-

577 1281 858 1355 tentiis
911 1281 1463 1364 inferioribus
1538 1281 1706 1353 sive
1767 1299 1953 1359 non,
2004 1298 2126 1350 or-

579 1399 850 1471 dinate
920 1403 1191 1473 tamen
1268 1397 1508 1471 habet
1591 1417 1779 1469 suas
1859 1392 2125 1468 voliti-

586 1534 777 1587 ones
835 1519 1204 1607 respectu
1239 1515 1446 1598 finiS,
1492 1519 1570 1587 et
1632 1532 1915 1585 eorum
1952 1530 2127 1603 quae

585 1636 775 1705 sunt
816 1633 909 1705 ad
942 1632 1226 1714 finem;
1281 1634 1360 1703 et
1403 1651 1584 1704 cum
1636 1630 1727 1702 ad
1772 1629 2127 1721 aliquam

587 1750 937 1822 istarum
998 1748 1489 1841 pervenerit,
1544 1752 1624 1821 et
1676 1751 1948 1820 actum
1999 1766 2129 1838 po-

587 1865 861 1940 tentiae
924 1865 1349 1938 inferioris
1421 1864 2132 1956 correspondentis

587 1983 1144 2077 imperaverit,
1217 1985 1486 2075 potest
1538 1982 1672 2053 ille
1726 1967 1967 2054 actus
2019 1982 2133 2053 in-

591 2099 849 2172 ferior
937 2099 1388 2193 imperatus
1470 2119 1823 2180 manere,
1943 2098 2132 2170 licet

592 2215 967 2298 intentio,
1034 2236 1177 2289 nec
1240 2215 1531 2308 prima,
1597 2235 1740 2286 nec
1794 2215 2135 2287 secunda

598 2337 964 2414 maneat;
1011 2336 1091 2406 et
1131 2333 1314 2404 dum
1380 2337 1651 2405 manet
1706 2331 1840 2403 ille
1874 2335 2130 2414 actus,

593 2451 1014 2523 voluntate
1071 2455 1812 2543 quantumcumque
1848 2448 2138 2521 distra-

593 2572 750 2649 cta,
824 2567 1122 2639 dicitur
1194 2586 1522 2641 manere
1583 2566 1925 2640 intentio
1973 2566 2132 2638 vir-

595 2683 874 2757 tualis.

688 2801 802 2873 Ad
863 2804 1462 2892 argumentum,
1536 2801 1879 2873 concedo
1934 2799 2136 2891 quod

599 2917 887 3011 aliquis
974 2922 1204 2991 actus
1295 2917 1746 3009 requiritur
1822 2917 1914 2988 ad
1983 2915 2134 2987 hoc

597 3036 801 3128 quod
843 3035 1178 3109 effectus
1236 3035 1365 3117 sit,
1414 3040 1492 3108 et
1536 3035 1671 3106 ille
1713 3036 1944 3106 actus
2006 3053 2137 3126 po-

596 3155 758 3226 test
814 3152 967 3226 dici
1040 3174 1195 3245 quo
1257 3152 1738 3246 producitur
1804 3150 2139 3224 effectus

589 3274 851 3343 extra.
928 3271 1072 3344 Sed
1130 3270 1199 3342 si
1268 3289 1587 3362 quaeras
1648 3267 1999 3360 aliquem
2061 3288 2136 3339 a·

593 3391 838 3470 ctum,
888 3389 1322 3461 secundum
1359 3408 1590 3480 quem
1640 3386 1726 3459 fit
1765 3385 2135 3478 operatio

593 3504 1042 3578 immanens
1076 3505 1376 3596 agenti,
1412 3505 1662 3577 talem
1703 3523 1865 3574 non
1908 3521 2138 3594 opor-

595 3623 712 3693 tet
769 3620 962 3693 dare
1004 3626 1194 3693 tunc
1277 3623 1759 3702 manentem,
1826 3617 2136 3711 quando

596 3736 928 3811 effectus
998 3737 1368 3811 exterior
1460 3736 1812 3818 elicitur,
1929 3733 2140 3807 sicut

600 3851 1121 3928 manifestum
1173 3857 1322 3937 est,
1397 3854 1601 3945 quod
1670 3853 1904 3925 multi
1956 3851 2140 3926 effe-

590 3973 770 4043 ctus
811 3974 996 4043 actu
1061 3972 1527 4051 causantur,
1577 3969 1890 4061 quando
1925 3973 2143 4042 actu-

591 4086 744 4159 alis
790 4086 1044 4159 motio
1114 4107 1380 4159 causae
1440 4086 1757 4177 agentis
1822 4105 1966 4178 per
2024 4084 2142 4157 in-

594 4202 1033 4284 tellectum,
1079 4223 1125 4275 a
1176 4223 1330 4295 qua
1366 4204 1950 4295 producuntur,
1981 4221 2142 4272 non

599 4323 893 4393 manet.
956 4322 1057 4394 Et
1121 4325 1396 4412 posset
1445 4319 1634 4411 poni
1683 4319 2143 4411 exemplum

598 4437 681 4510 in
730 4437 1271 4520 naturalibus,
1318 4436 1505 4528 quia
1550 4436 1918 4529 projecto
1953 4434 2146 4526 lapi-

594 4555 685 4628 de
748 4556 828 4626 in
896 4574 1128 4647 aqua,
1203 4555 1518 4647 primus
1600 4553 1959 4627 circulus
2018 4556 2141 4625 est

597 4692 846 4746 causa
889 4672 1213 4746 secundi
1266 4670 1580 4753 circuli,
1628 4676 1708 4746 et
1780 4672 1894 4745 sic
1934 4670 2145 4743 dein-

597 4810 811 4884 ceps,
900 4811 1061 4863 non
1135 4795 1408 4891 ttamen
1498 4808 1820 4882 semper
1874 4792 2146 4862 manet

603 4908 918 5001 primus
955 4908 1333 5001 quamdiu
1388 4907 1708 4989 caeteri;
1749 4907 1862 4980 ita
1896 4907 2145 4980 etiam

602 5025 1181 5099 universaliter
1267 5025 1347 5097 in
1428 5031 1649 5100 motu
1740 5026 2148 5119 projecto-—

602 5162 810 5225 rum,
895 5143 1122 5237 prius
1212 5148 1477 5217 cessat
1551 5164 1742 5237 pars
1842 5142 2146 5216 motori

604 5259 1141 5352 propinquior
1184 5281 1421 5353 quam
1477 5262 1816 5332 remota.

1752 420 1895 481 [ΑΒ.
1943 419 2045 481 lv.
2091 418 2685 484 SENTENTIARUM

2680 717 3336 782 COMMENTARIUS.

2324 908 2418 996 (b)
2515 911 3010 996 Discinyuitur.
3068 914 3526 990 commu-niter,
3646 925 3770 980 etc.
3880 923 3985 994 ‚2-

2237 1024 2642 1092 Habilualem
2730 1027 3161 1094 intentionem
3236 1028 3454 1115 plures
3541 1040 3774 1095 exten·
3802 985 4120 1101 Τῖἐῗὲῖἓοῗεῑ

2237 1140 2400 1206 dunt
2428 1141 2505 1207 ad
2547 1164 2714 1221 eam,
2752 1165 2945 1230 quam
2981 1145 3259 1212 mediam
3295 1159 3486 1212 vocat
3518 1150 3772 1226 Doctor‚

2239 1279 2353 1324 seu
2393 1260 2756 1341 virtualem,
2805 1277 2875 1329 ut
2933 1285 3073 1329 eam
3114 1263 3478 1350 distinguat
3515 1264 3595 1330 ab
3659 1264 3783 1330 hoc

2241 1376 2409 1464 quod
2469 1390 2568 1443 est
2626 1379 2691 1443 in
2753 1379 2980 1446 habitu
3022 1392 3086 1446 et
3151 1380 3626 1448 consuetudine
3667 1400 3781 1447 seu

2241 1492 2657 1560 inclinatione
2725 1506 2977 1562 tantum
3043 1508 3227 1563 actus
3279 1497 3471 1583 primi
3536 1496 3782 1584 aliquid

2240 1621 2490 1676 tantum
2559 1611 2749 1690 velle,
2823 1625 2885 1678 et
2944 1634 3072 1680 non
3137 1625 3310 1681 actu.
3367 1619 3439 1681 ln
3512 1615 3783 1702 quaesti-

2242 1745 2364 1792 one
2458 1727 2633 1792 nulla
2700 1739 2800 1794 est
2874 1731 3344 1810 controversia,
3427 1744 3491 1798 et
3566 1745 3785 1800 textus

2243 1853 2341 1906 est
2416 1842 2673 1929 planus,
2756 1855 2951 1930 atque
3018 1846 3311 1912 doctrina
3382 1860 3638 1934 recepta
3707 1850 3786 1914 ab

2244 1957 2573 2042 omnibuS,
2627 1957 2776 2024 licet
2843 1960 3103 2046 quidam
3188 1961 3442 2029 varient
3523 1962 3783 2029 modum

2244 2069 2573 2157 loquendi.
2667 2076 3048 2156 Habitualis,
3145 2092 3212 2143 ut
3287 2100 3430 2144 eam
3508 2079 4104 2166 explicatnabiiualis

2245 2190 2500 2266 Doctor,
2547 2209 2673 2252 non
2717 2189 2980 2273 sufficit,
3020 2193 3170 2278 quia
3225 2214 3351 2258 non
3403 2206 3500 2260 est
3540 2195 3786 2281 princi-
3811 2171 4137 2268 consffiludi-

2245 2304 2424 2388 pium
2460 2306 2766 2390 operandi
2795 2330 2810 2384 ;
2856 2308 3126 2376 actualis
3158 2324 3255 2377 est
3285 2312 3779 2405 perfectissima.
3810 2297 4138 2396 etissgfffiafi,

2247 2420 2498 2488 Sufficit
2554 2435 2772 2491 autem
2859 2426 3183 2507 virtualiS,
3268 2450 3416 2515 quae
3480 2441 3581 2497 est
3647 2422 4143 2522 5¹¹³·n0n⁰23il³¹0;t.

2247 2558 2374 2626 qua
2441 2537 2678 2605 dicitur
2744 2542 3015 2608 actualis
3065 2544 3454 2611 antecedens
3524 2566 3787 2613 manere
3843 2533 4082 2646 v'isrlffiffi

2248 2651 2313 2716 in
2356 2672 2475 2719 suo
2514 2653 2773 2732 effectu,
2820 2668 2888 2721 ut
2930 2657 3186 2742 quando
3236 2659 3385 2745 quis
3436 2659 3789 2728 distractus

2251 2788 2461 2855 neque
2499 2783 2645 2837 actu
2678 2772 2919 2858 cogitat
2960 2772 3182 2854 finem,
3230 2796 3442 2865 neque
3471 2789 3615 2844 aetu
3652 2778 3796 2845 vult

2249 2885 2473 2965 finem,
2528 2899 2742 2954 tamen
2783 2901 2928 2956 actu
2989 2904 3248 2959 exercet
3305 2914 3469 2981 opus
3535 2894 3796 2962 ordina·

2248 3015 2387 3068 tum
2441 3003 2518 3069 ad
2582 3002 2800 3085 finem,
2849 3020 2920 3073 ut
2979 3008 3144 3074 bene
3219 3013 3453 3076 Doctor
3517 3011 3798 3098 explicat

2252 3119 2314 3185 in
2366 3118 2594 3187 littera.
2648 3121 3002 3210 Hic'plura
3068 3124 3194 3192 dici
3248 3140 3516 3214 possent
3558 3128 3636 3194 de
3679 3149 3796 3195 na-

2249 3247 2396 3302 tura
2456 3228 2862 3320 intentionis,
2921 3241 3033 3307 sed
3098 3243 3309 3330 magis
3390 3256 3637 3330 spectat
3693 3247 3800 3312 hic

2248 3363 2559 3420 tractatus
2608 3356 2699 3421 ad
2768 3359 3061 3443 primam
3141 3360 3465 3433 secundm.
3561 3371 3621 3426 et
3704 3361 3794 3426 ad

2245 3470 2605 3536 secundum
2641 3476 3144 3554 sententiarum,
3195 3475 3339 3541 ideo
3370 3476 3790 3563 supersede0‚

2251 3587 2402 3672 quia
2455 3589 2558 3654 hic
2614 3600 2864 3656 tantum
2913 3591 3132 3678 agitur
3199 3592 3278 3660 de
3341 3595 3505 3681 ipsa,
3569 3607 3638 3660 ut
3697 3616 3795 3662 re-

2252 3703 2533 3788 quiritur
2589 3706 2665 3770 ad
2736 3708 3250 3789 Sacramentum,
3290 3722 3352 3776 et
3403 3710 3784 3779 incidenter.

2338 3820 2700 3898 Richardus
2750 3821 2937 3888 docet
2998 3824 3287 3904 modum,
3327 3847 3456 3912 quo
3522 3827 3795 3895 intentio
3948 3854 4006 3907 3.

2252 3936 2520 4003 actualis
2561 3936 2751 4003 durat
2798 3938 2862 4002 in
2913 3960 3033 4005 suo
3063 3940 3321 4022 effectu,
3362 3963 3597 4029 nempe
3629 3966 3791 4032 qua-
3848 3916 4131 4031 ffi-{ffanr‘sff

2251 4067 2443 4118 tenus
2513 4054 2816 4120 voluntas
2886 4055 3204 4141 imprimit
3279 4060 3593 4146 appetitui
3679 4082 3794 4127 seu
3857 4044 4123 4109 rejicitur.

2255 4170 2562 4256 potentiae
2603 4173 2868 4238 motivae
2911 4172 3196 4262 aliquam
3233 4175 3634 4262 qualitatem,
3683 4199 3797 4265 per

2254 4307 2448 4374 quam
2525 4302 2826 4354 movetur
2898 4291 2977 4357 ad
3051 4291 3485 4361 ministerium
3576 4298 3796 4363 Sacra-

2258 4403 2481 4482 menti‚
2558 4425 2684 4490 qua
2778 4405 3087 4492 qualitate
3187 4422 3506 4492 cessante,
3589 4425 3800 4481 cessat

2256 4520 2450 4585 etiam
2537 4533 2751 4588 motus
2819 4521 2885 4587 in
2954 4525 3240 4609 potentia
3317 4528 3605 4608 motiva;
3687 4530 3799 4596 sed

2255 4635 2422 4703 hanc
2508 4638 2738 4705 merito
2854 4640 3063 4727 rejicit
3175 4645 3428 4725 Doctor,
3543 4646 3802 4713 videtur

2256 4753 2427 4819 enim
2490 4754 2687 4841 petita
2732 4757 3073 4843 responsio
3112 4779 3193 4824 ex
3251 4773 3428 4827 motu
3480 4762 3793 4849 projecto·

2259 4889 2428 4936 rum.
2474 4870 2839 4956 Respondet
2869 4893 3027 4960 ergo
3066 4873 3206 4961 ipse
3243 4876 3498 4944 duobus
3557 4880 3791 4961 modiS,
3843 4942 3855 4952 .
3948 4890 4030 4939 Ex

2342 4981 2354 4994 ·
2803 4986 2814 4998 .
3150 4990 3161 5002 .
3480 4994 3493 5005 .
3533 4993 3545 5006 .
3840 4949 4147 5002 mtentioue

2260 5002 2470 5067 primo
2546 4984 2716 5071 quod
2800 5008 2863 5052 in
2951 5002 3237 5075 appetitu
3319 5006 3660 5071 sensium,
3734 5009 3797 5062 et
3895 5014 4101 5065 actuali

2259 5099 2600 5184 phantasia
2638 5105 2726 5170 sit
2762 5107 2977 5194 aliqua
3019 5107 3380 5195 dispositio,
3436 5112 3793 5181 secundum
3866 5076 4112 5142 Setwinu-

3913 5147 4076 5191 actus

2259 5237 2451 5303 quam
2497 5233 2716 5288 movet
2747 5235 3043 5291 cessante
3084 5238 3230 5293 actu
3271 5229 3629 5297 voluntatis
3671 5230 3795 5296 im·
3819 5199 4174 5316 ζηῑζῗξξξέᾗῑ

2258 5336 2546 5419 perantis
2593 5338 2711 5406 eiS.
2750 5342 2898 5406 Haec
2937 5341 3279 5428 dispositio
3330 5365 3455 5412 non
3500 5360 3597 5413 est
3646 5346 3792 5427 alia,
3822 5304 4150 5444 qugffigducgt

2258 5471 2451 5537 quam
2536 5464 2719 5521 actus
2809 5456 3095 5543 ipsarum
3187 5462 3650 5548 potentiarum,
3719 5463 3797 5531 ad
3851 5453 4180 5569 ffi‘t'gffiss}
4263 5494 4264 5499 ¹

2258 5589 2447 5654 quem
2492 5570 2899 5655 applicantur
2956 5596 3036 5641 ex
3097 5576 3370 5664 imperio
3410 5580 3790 5659 voluntatiS,
3927 5579 4084 5631 *³0⁰0
