4287 6313
542 403 621 463 54
1732 398 1876 460 LIB.
1911 398 2012 459 iv.
2042 397 2637 461 SEN'I'ENTIARUM

234 625 244 636 ,
401 624 413 637 ,
633 561 918 625 Medium
959 564 1184 623 autem
1226 566 1326 623 est
1373 575 1646 622 causare
1693 564 1993 620 naturam
2038 560 2104 618 in

231 626 484 739 ¹322&
555 680 772 758 aliquo
849 677 1187 742 individuo
1248 694 1370 773 per
1443 677 1869 748 creationem,
1946 675 2104 737 nihil

554 793 1053 873 praesuppositO,
1107 794 1397 873 alioquin
1442 797 1850 871 repugnaret
1889 793 2099 853 Deum

554 926 753 988 posse
813 925 1038 971 creare
1099 926 1275 971 nunc
1351 908 1764 970 individuum
1821 907 2099 987 alicujus

554 1027 802 1106 speciei
847 1029 1341 1104 praeexistentiS,
1394 1032 1463 1088 ut
1512 1028 1683 1104 ignis
1726 1026 1829 1088 vel
1883 1025 2099 1087 homi-

554 1142 679 1217 niS,
731 1141 910 1221 quod
957 1143 1333 1221 Theologus
1380 1159 1514 1205 non
1570 1141 1887 1210 admittit:
1939 1156 2097 1219 ergo

224 1295 515 1349 Produoeoe
554 1264 607 1324 si
668 1258 961 1323 secunda
1041 1259 1479 1338 intelligentia
1553 1260 1644 1319 sic
1703 1256 2101 1337 produceret

207 1357 524 1411 naturamin
559 1379 821 1441 tertiam
863 1380 938 1437 ut
990 1372 1129 1437 vuit
1195 1374 1551 1446 Avicenna,
1612 1389 1747 1434 non
1802 1373 2103 1451 sequitur

318 1422 414 1471 hoc

232 1483 493 1535 individuo
556 1494 737 1575 quod
777 1510 849 1555 se
899 1495 1114 1572 ipsum
1160 1490 1582 1570 produceret,
1628 1490 1926 1569 quamvis
1968 1505 2104 1550 non

257 1551 476 1599 tantum.
556 1615 788 1693 ageret
844 1611 1061 1687 aliquo
1150 1609 1676 1686 praesuppositO,
1752 1603 1902 1683 quia
1970 1621 2105 1666 non

555 1730 855 1806 sequitur
925 1724 1104 1804 quod
1200 1723 1600 1802 produceret
1668 1728 1970 1784 naturam
2038 1721 2106 1781 in

562 1840 868 1904 omnibus
925 1837 1406 1912 universaliter,
1466 1853 1504 1897 a
1550 1837 1791 1915 quihus
1848 1835 2106 1914 partici-

561 1959 699 2037 pari
771 1962 1020 2036 posset,
1082 1960 1193 2017 aut
1249 1956 1701 2032 participetur,
1746 1954 1915 2015 sicut
1974 1969 2110 2015 non

559 2083 881 2158 sequitur,
916 2082 969 2141 si
999 2083 1177 2142 Deus
1229 2084 1485 2141 crearet
1532 2094 1709 2141 nunc
1755 2079 2108 2160 Angelum,

563 2198 742 2277 quod
770 2198 895 2261 hac
926 2197 1258 2259 creatione
1310 2200 1569 2258 crearet
1613 2198 1902 2276 Angelos
1945 2214 2112 2275 prae-

268 2274 494 2408 crlgaffigq
564 2316 926 2379 existentes
956 2322 1069 2377 aut
1096 2314 1469 2394 possibiles,
1516 2314 1753 2392 quibus
1796 2314 1899 2374 hic
1932 2314 2112 2376 esset

214 2406 534 2513 uffingatffinm
568 2435 794 2497 similis
839 2436 904 2496 in
963 2431 1247 2495 essendo
1278 2479 1295 2507 ,
1348 2436 1414 2493 et
1457 2435 1567 2509 qui
1613 2430 2109 2509 participatione

246 2524 494 2639 gss’anffbff
566 2569 696 2614 esse
732 2549 1174 2613 immaterialis
1225 2552 1292 2610 et
1343 2548 1540 2609 creati
1617 2552 1798 2619 sunt;
1848 2563 1931 2608 ex
1976 2562 2106 2625 quo

561 2670 862 2747 sequitur
904 2666 1143 2728 malam
1207 2680 1356 2726 esse
1413 2662 1880 2726 deductionem
1937 2663 2107 2724 illam

559 2788 902 2866 utriusque
955 2781 1481 2846 contradictoriae
1531 2784 1898 2859 praemissae,
1957 2783 2110 2861 quia

556 2902 852 2966 secunda
898 2917 1034 2962 non
1078 2899 1397 2979 sequitur,
1436 2899 1586 2977 quia
1616 2900 1668 2960 si
1702 2898 2106 2978 participatio

554 3020 958 3099 intelligatur
1011 3017 1079 3079 in
1122 3032 1230 3090 e0,
1288 3015 1470 3095 quod
1524 3014 1811 3094 Angelus
1856 3014 2101 3095 produ·

557 3152 715 3201 cens
758 3136 1016 3199 ratione
1056 3132 1334 3212 alicujus
1377 3131 1833 3210 praesuppositi
1877 3129 1963 3194 ad
2007 3134 2108 3194 sui

554 3250 1127 3331 productionema
1172 3250 1310 3308 Deo
1364 3245 1463 3326 (ut
1519 3245 1812 3308 secunda
1874 3247 2106 3310 intelli-

557 3367 783 3448 gentia
832 3381 914 3426 ex
961 3353 1184 3426 mente
1231 3362 1585 3424 Avicennae
1646 3361 2030 3440 producitur
2070 3378 2102 3422 a

560 3482 722 3562 Deo)
788 3481 1213 3560 participaret
1294 3484 1595 3540 naturam
1672 3478 1961 3553 essendi,
2036 3483 2109 3540 ut

558 3600 954 3678 applicatam
1012 3595 1122 3657 tali
1172 3595 1678 3674 praesupposito,
1738 3595 1832 3656 sic
1883 3599 2102 3674 Ange-

558 3717 661 3779 lus
719 3712 1097 3792 producens
1179 3726 1307 3772 non
1380 3717 1556 3772 esset
1624 3711 2104 3789 participatum,

559 3833 730 3894 sicut
779 3845 999 3908 neque
1047 3826 1347 3890 secunda
1398 3827 1833 3906 intelligentia
1878 3835 1978 3890 est
2017 3829 2108 3889 sic

558 3948 941 4029 participata
971 3994 988 4022 ,
1066 3944 1216 4024 quia
1303 3949 1604 4019 creatur;
1665 3945 1806 4006 talis
1883 3951 2108 4007 autem

557 4065 968 4145 participatio
1015 4080 1097 4125 ex
1149 4059 1357 4124 forma
1415 4064 1484 4124 et
1538 4062 1812 4124 materia
1859 4062 2103 4125 discur-

557 4197 669 4245 sus
709 4179 907 4244 infert
945 4179 1409 4260 impotentiam
1468 4178 1756 4241 creandi.

637 4301 702 4362 Si
772 4298 1175 4379 intelligatur
1254 4300 1478 4358 autem
1545 4295 1958 4375 participatio
2027 4312 2106 4358 eo

559 4417 784 4492 mod0‚
816 4431 946 4495 quo
979 4415 1190 4477 omnis
1221 4412 1501 4475 effectus
1556 4416 1658 4474 est
1698 4412 2106 4491 participatio

558 4551 690 4597 suae
745 4546 988 4604 causae,
1032 4530 1139 4593 vel
1197 4534 1505 4592 creatura
1566 4527 1917 4601 Creatoris,
1980 4545 2112 4589 non

559 4649 713 4713 facit
769 4648 854 4710 ad
908 4646 1344 4725 propositum,
1416 4647 1568 4724 quia
1623 4645 1760 4708 haec
1833 4644 2111 4723 perinde

568 4769 815 4837 manet,
862 4765 998 4826 sive
1045 4765 1309 4825 creetur
1361 4760 1713 4835 secundus,
1783 4761 1922 4823 sive
1980 4778 2115 4824 non

569 4880 975 4962 producatur
1015 4896 1097 4941 ex
1168 4879 1384 4958 aliquo
1454 4879 1925 4957 praesupposito
1996 4896 2118 4959 per

570 5001 874 5080 primum.
939 4998 1004 5059 Si
1061 4996 1352 5075 denique
1407 4995 1810 5074 intelligatur
1853 4996 2113 5073 partic-i-

572 5122 747 5200 patio
776 5116 1068 5179 formalis
1100 5132 1178 5177 eo
1225 5114 1423 5177 modo
1475 5131 1603 5193 quo
1653 5119 1888 5177 natura
1936 5132 2114 5176 com-

574 5234 792 5298 munis
851 5231 1118 5294 essendi
1168 5231 1592 5311 participatur
1646 5230 1729 5292 ab
1786 5230 2119 5304 omnibuS,

576 5367 711 5414 non
773 5350 1070 5429 sequitur
1121 5346 1228 5409 illa
1289 5346 1787 5425 consequentia,
1835 5346 1987 5424 quia
2037 5345 2122 5408 ad

576 5468 745 5530 hanc
803 5464 1370 5544 participationem
1425 5463 1660 5527 modus
1713 5462 2124 5542 producendi

581 5580 944 5648 nihilfecit.
989 5578 1177 5643 Adde
1210 5579 1390 5662 quod
1436 5583 1579 5658 ipse
1624 5581 1799 5642 Deus
1841 5581 1936 5643 sic
1982 5596 2128 5659 par·

2221 559 2439 635 ticipat
2497 574 2645 620 esse
2718 577 3066 624 commune
3121 563 3186 624 in
3230 563 3482 623 ratione
3523 560 3760 638 praedi-

2215 676 2361 749 cati,
2409 675 2588 755 quod
2638 694 2772 739 non
2831 678 3110 758 derogat
3165 679 3383 740 virtuti
3455 682 3758 744 creativae

2214 789 2400 869 ejus;
2461 793 2636 854 bene
2710 809 2871 875 ergo
2926 791 3124 856 infert
3195 792 3422 856 Scotus
3481 812 3613 857 non
3679 813 3757 858 ex

2209 908 2488 984 sequela
2530 911 2726 971 unius
2784 909 3270 973 contradictorii
3327 928 3461 975 non
3519 929 3759 990 seque-

2209 1021 2341 1084 lam
2390 1025 2657 1087 alterius
2700 1028 2766 1088 in
2818 1027 3094 1088 materia
3146 1028 3639 1105 praesupposita.

2292 1139 2595 1203 Secundo
2630 1147 2826 1223 urget
2869 1145 3109 1205 Doctor
3141 1164 3157 1204 z
3216 1161 3369 1215 esse,
3404 1143 3583 1222 quod
3615 1161 3759 1222 par·
3905 1182 3986 1233 54.

2214 1254 2539 1334 ticipatur,
2589 1264 2691 1319 est
2737 1264 2923 1320 actus
2973 1259 3270 1323 diversus
3319 1261 3401 1322 ab
3446 1250 3786 1334 essentia,
3835 1242 4077 1357 εζῗξοᾱ*

2214 1381 2413 1454 atque
2451 1378 2591 1453 ipsa
2622 1379 2972 1454 posterior,
3004 1379 3109 1440 vel
3150 1378 3323 1440 idem
3355 1378 3480 1457 ipsi
3531 1391 3755 1440 essen-
3835 1367 4077 1483 lgm-¹2⁸

2217 1492 2339 1567 tiae,
2377 1495 2689 1569 tanquam
2748 1492 2991 1568 primus
3064 1499 3250 1556 actus
3305 1496 3424 1556 rei.
3477 1494 3761 1556 Primum
3791 1494 4112 1607 ssssffonffiio'

2216 1625 2350 1670 non
2383 1607 2545 1670 tollit
2576 1608 2999 1681 creationem,
3032 1610 3184 1688 quia
3223 1619 3763 1690 praesupponeret
4082 1595 4094 1608 ’

2221 1741 2372 1799 esse,
2423 1729 2489 1786 et
2517 1725 2890 1788 secundum
2918 1726 3043 1787 hoc
3086 1741 3221 1788 non
3267 1731 3628 1802 crearetur,
3675 1734 3762 1790 ta-

2221 1858 2375 1904 men
2431 1845 2658 1920 posset
2713 1842 2922 1903 creari
2970 1841 3339 1905 secundum
3384 1820 3763 1921 essentiam,

2223 1974 2374 2037 quae
2418 1975 2549 2021 non
2596 1960 3143 2036 praesupponitur.
3204 1959 3582 2022 Secundum
3610 1976 3764 2024 vero

2222 2077 2438 2137 minus
2483 2075 2739 2151 probat,
2773 2076 2923 2153 quia
2953 2090 3158 2136 unum
3188 2075 3596 2138 individuum
3627 2093 3766 2155 par-

2224 2192 2498 2271 ticipans
2526 2196 2828 2254 naturam
2883 2192 3131 2271 speciei
3171 2198 3391 2271 potest
3436 2211 3584 2257 esse
3643 2202 3766 2259 ter-

2220 2310 2437 2370 minus
2494 2312 2703 2388 primo
2749 2309 3201 2388 productionis
3242 2312 3610 2376 secundum
3656 2332 3766 2377 na-

2221 2429 2433 2486 turam
2476 2425 2542 2485 in
2569 2422 2757 2500 ipso;
2791 2422 2854 2484 in
2888 2425 3012 2486 alio
3056 2442 3212 2488 vero
3264 2427 3499 2489 eadem
3550 2433 3767 2507 potest

2221 2554 2371 2600 esse
2421 2540 2812 2618 principium
2842 2540 3281 2618 producendi.
3328 2544 3393 2605 Si
3424 2548 3648 2607 autem
3675 2543 3764 2605 ibi

2220 2660 2766 2735 praesupponatur
2834 2657 3104 2735 aliquid,
3162 2663 3236 2720 ut
3292 2661 3588 2737 materia,
3633 2678 3767 2723 non

2221 2777 2326 2834 est
2380 2775 2650 2849 propter
2706 2779 3004 2834 naturam
3057 2774 3229 2835 illam
3288 2776 3766 2855 participatam,

2218 2887 2340 2950 sed
2386 2889 2538 2967 quia
2586 2887 2790 2951 forma
2834 2888 3178 2966 producta,
3252 2907 3396 2970 quae
3460 2898 3560 2954 est
3618 2909 3768 2969 pars

2220 3011 2468 3066 naturae
2515 3005 2931 3083 participatae,
2968 3012 3070 3068 est
3122 3006 3332 3069 forma
3387 3010 3764 3085 materialiS,

2222 3124 2349 3184 etc.

2297 3237 2581 3298 Primum
2654 3237 3020 3300 membrum
3103 3243 3414 3320 supponit
3496 3242 3762 3306 modurn
3797 3258 4109 3332 Declaratur

2219 3352 2719 3432 philosophandi
2751 3353 2834 3416 de
2880 3359 3165 3418 essentia
3198 3361 3264 3418 et
3309 3359 3656 3421 existentia
3701 3362 3767 3422 in
3817 3336 4114 3434 ssgssssffm

2218 3470 2434 3534 schola
2476 3473 2550 3533 D.
2598 3473 2884 3550 Thomae,
2920 3491 3048 3552 quo
3084 3477 3401 3537 asseritur
3433 3477 3605 3539 inter
3631 3478 3765 3540 haec
3797 3448 4121 3512 argumenti.

2220 3587 2541 3649 distinctio
2600 3589 2819 3663 realis,
2864 3587 3033 3653 adeo
3090 3596 3163 3653 ut
3205 3597 3440 3655 natura
3484 3594 3769 3655 humana

2219 3710 2550 3782 assumpta
2594 3720 2630 3765 a
2661 3705 2902 3780 Verbo,
2962 3706 3218 3769 dicatur
3286 3710 3570 3771 existere
3629 3711 3764 3772 exi-

2217 3823 2459 3883 stentia
2504 3821 2721 3892 Verbi,
2765 3827 2832 3883 et
2874 3838 3004 3884 non
3051 3826 3327 3903 propria,
3387 3826 3555 3890 sicut
3607 3826 3764 3889 sub-

2217 3936 2385 3999 sistit
2439 3937 2863 3999 subsistentia
2929 3939 3145 4014 Verbi,
3201 3942 3382 4019 quod
3455 3943 3771 4021 supponit
3827 3936 4104 3989 Sententia

3799 4002 3860 4050 l).
3901 4000 4129 4050 Thomas

2219 4054 2525 4117 eamdem
2584 4059 2885 4117 naturam
2941 4057 3007 4118 in
3050 4074 3182 4119 esse
3233 4065 3477 4124 naturai
3533 4061 3767 4141 singu·
3795 4064 3857 4112 de
3893 4061 4129 4175 offenda

2217 4174 2369 4236 laris
2412 4173 2690 4252 produci
2746 4192 2899 4239 vera
2945 4179 3404 4256 generatione,
3468 4183 3767 4260 quamvis
3799 4187 4108 4243 existentia.

2221 4290 2590 4364 existentia,
2639 4308 2768 4370 qua
2818 4293 3073 4366 existat,
3138 4312 3272 4358 non
3342 4298 3771 4377 producatur,

2222 4407 2344 4469 sed
2399 4407 2731 4471 mediante
2787 4410 3034 4473 unione
3094 4418 3620 4478 communicetur
3664 4433 3772 4478 na·

2225 4529 2382 4587 turae
2409 4529 2797 4589 extrinsece.
2835 4524 3008 4588 idem
3041 4528 3280 4591 modus
3311 4530 3773 4611 philosophan-

2225 4641 2291 4703 di
2359 4641 2841 4705 accommodari
2887 4649 3100 4722 potest
3140 4648 3418 4727 Ange10,
3459 4653 3535 4710 ut
3591 4651 3771 4714 dica-

2225 4765 2329 4822 tur
2398 4758 2601 4818 creari
2637 4755 3009 4820 secundum
3067 4766 3368 4822 naturam
3424 4764 3774 4845 singularis

2227 4879 2338 4937 aut
2381 4889 2553 4961 eam,
2600 4890 2744 4953 quae
2796 4879 2896 4937 est
2966 4877 3143 4955 prior
3191 4879 3556 4956 existentia,
3638 4891 3773 4946 tan-

2233 5008 2428 5070 quam
2472 4991 2841 5069 subjectum
2881 4995 3062 5057 reale
3095 4996 3266 5076 ejuS,
3300 5001 3599 5076 quamvis
3642 5016 3773 5062 esse

2232 5108 2618 5186 advenienS,
2679 5114 3399 5191 autpraesuppositum,
3446 5132 3579 5178 non
3638 5135 3773 5182 cre·

2235 5231 2402 5287 etur.

2313 5345 2792 5424 Argumentum
2850 5362 3008 5427 ergo
3040 5347 3163 5411 hac
3208 5349 3273 5410 in
3302 5354 3516 5426 parte,
3565 5357 3667 5415 est
3697 5369 3779 5413 ex

2236 5462 2568 5540 principiis
2641 5460 2936 5524 adversae
2985 5465 3248 5540 scholae,
3307 5484 3502 5546 quam
3560 5472 3775 5548 impu-

2237 5584 2422 5661 gnat,
2503 5578 2589 5643 ad
2664 5579 2846 5660 quod
2926 5580 3116 5644 aliter
3212 5601 3345 5647 non
3415 5587 3781 5665 respondet
