<?xml version="1.0" encoding="UTF-8"?>
<!DOCTYPE html PUBLIC "-//W3C//DTD XHTML 1.0 Transitional//EN"
    "http://www.w3.org/TR/xhtml1/DTD/xhtml1-transitional.dtd">
<html xmlns="http://www.w3.org/1999/xhtml" xml:lang="en" lang="en">
 <head>
  <title>
</title>
<meta http-equiv="Content-Type" content="text/html;charset=utf-8" />
  <meta name='ocr-system' content='tesseract 3.04.00' />
  <meta name='ocr-capabilities' content='ocr_page ocr_carea ocr_par ocr_line ocrx_word'/>
</head>
<body>
  <div class='ocr_page' id='page_1' title='image "./joannisdunsscot01waddgoog_0079.png"; bbox 0 0 4287 6313; ppageno 0'>
   <div class='ocr_carea' id='block_1_1' title="bbox 1642 431 3654 511">
    <p class='ocr_par' dir='ltr' id='par_1_1' title="bbox 1642 431 3654 511">
     <span class='ocr_line' id='line_1_1' title="bbox 1642 431 3654 511; baseline -0.001 -13"><span class='ocrx_word' id='word_1_1' title='bbox 1642 435 1845 498; x_wconf 89' lang='lat' dir='ltr'><strong>DlST.</strong></span> <span class='ocrx_word' id='word_1_2' title='bbox 1894 432 1941 496; x_wconf 88' lang='lat'><strong>1.</strong></span> <span class='ocrx_word' id='word_1_3' title='bbox 1973 431 2337 511; x_wconf 86' lang='lat' dir='ltr'>QUAESTIO</span> <span class='ocrx_word' id='word_1_4' title='bbox 2366 433 2414 497; x_wconf 88' lang='lat'><strong>1.</strong></span> <span class='ocrx_word' id='word_1_5' title='bbox 3575 431 3654 495; x_wconf 78' lang='lat'><strong>65</strong></span> 
     </span>
    </p>
   </div>
   <div class='ocr_carea' id='block_1_2' title="bbox 136 598 2004 5570">
    <p class='ocr_par' dir='ltr' id='par_1_2' title="bbox 445 598 1990 905">
     <span class='ocr_line' id='line_1_2' title="bbox 445 598 1990 690; baseline -0.001 -20"><span class='ocrx_word' id='word_1_6' title='bbox 445 600 815 671; x_wconf 81' lang='lat' dir='ltr'><strong>asserentes</strong></span> <span class='ocrx_word' id='word_1_7' title='bbox 890 625 1037 672; x_wconf 85' lang='lat' dir='ltr'><strong>esse</strong></span> <span class='ocrx_word' id='word_1_8' title='bbox 1084 598 1338 690; x_wconf 79' lang='lat' dir='ltr'><strong>&#39;corpus</strong></span> <span class='ocrx_word' id='word_1_9' title='bbox 1405 600 1685 689; x_wconf 86' lang='lat' dir='ltr'><strong>simplex</strong></span> <span class='ocrx_word' id='word_1_10' title='bbox 1755 623 1990 689; x_wconf 78' lang='lat' dir='ltr'><strong>expers</strong></span> 
     </span>
     <span class='ocr_line' id='line_1_3' title="bbox 446 718 1987 806; baseline -0.001 -20"><span class='ocrx_word' id='word_1_11' title='bbox 446 720 763 798; x_wconf 83' lang='lat' dir='ltr'><strong>materiae,</strong></span> <span class='ocrx_word' id='word_1_12' title='bbox 821 732 885 788; x_wconf 85' lang='lat' dir='ltr'><strong>et</strong></span> <span class='ocrx_word' id='word_1_13' title='bbox 942 720 1253 806; x_wconf 82' lang='lat' dir='ltr'><strong>potentiae</strong></span> <span class='ocrx_word' id='word_1_14' title='bbox 1313 718 1598 806; x_wconf 81' lang='lat' dir='ltr'><strong>passivae</strong></span> <span class='ocrx_word' id='word_1_15' title='bbox 1625 738 1701 785; x_wconf 92' lang='lat' dir='ltr'><strong>ac</strong></span> <span class='ocrx_word' id='word_1_16' title='bbox 1729 737 1987 805; x_wconf 90' lang='lat' dir='ltr'><strong>compo·</strong></span> 
     </span>
     <span class='ocr_line' id='line_1_4' title="bbox 450 830 1247 905; baseline 0.003 -2"><span class='ocrx_word' id='word_1_17' title='bbox 450 836 739 905; x_wconf 74' lang='lat' dir='ltr'><strong>sitioniS.</strong></span> <span class='ocrx_word' id='word_1_18' title='bbox 1246 830 1247 833; x_wconf 50' lang='lat'>&#39;</span> 
     </span>
    </p>

    <p class='ocr_par' dir='ltr' id='par_1_3' title="bbox 440 953 1998 3248">
     <span class='ocr_line' id='line_1_5' title="bbox 532 953 1993 1041; baseline 0 -22"><span class='ocrx_word' id='word_1_19' title='bbox 532 956 665 1020; x_wconf 85' lang='lat' dir='ltr'><strong>Hoc</strong></span> <span class='ocrx_word' id='word_1_20' title='bbox 730 954 902 1031; x_wconf 89' lang='lat' dir='ltr'><strong>dat0,</strong></span> <span class='ocrx_word' id='word_1_21' title='bbox 969 967 1145 1020; x_wconf 88' lang='lat' dir='ltr'><strong>esset</strong></span> <span class='ocrx_word' id='word_1_22' title='bbox 1212 953 1423 1041; x_wconf 89' lang='lat' dir='ltr'><strong>magis</strong></span> <span class='ocrx_word' id='word_1_23' title='bbox 1489 954 1889 1020; x_wconf 87' lang='lat' dir='ltr'><strong>abstractum</strong></span> <span class='ocrx_word' id='word_1_24' title='bbox 1958 974 1993 1019; x_wconf 90' lang='lat' dir='ltr'><strong>a</strong></span> 
     </span>
     <span class='ocr_line' id='line_1_6' title="bbox 445 1068 1994 1157; baseline 0.002 -24"><span class='ocrx_word' id='word_1_25' title='bbox 445 1068 713 1135; x_wconf 87' lang='lat' dir='ltr'><strong>materia</strong></span> <span class='ocrx_word' id='word_1_26' title='bbox 755 1090 950 1157; x_wconf 94' lang='lat' dir='ltr'><strong>quam</strong></span> <span class='ocrx_word' id='word_1_27' title='bbox 992 1069 1206 1136; x_wconf 89' lang='lat' dir='ltr'><strong>anima</strong></span> <span class='ocrx_word' id='word_1_28' title='bbox 1250 1069 1609 1148; x_wconf 89' lang='lat' dir='ltr'><strong>rationalis,</strong></span> <span class='ocrx_word' id='word_1_29' title='bbox 1655 1090 1804 1157; x_wconf 86' lang='lat' dir='ltr'><strong>quae</strong></span> <span class='ocrx_word' id='word_1_30' title='bbox 1846 1071 1994 1137; x_wconf 88' lang='lat' dir='ltr'><strong>licet</strong></span> 
     </span>
     <span class='ocr_line' id='line_1_7' title="bbox 445 1184 1992 1272; baseline 0.001 -23"><span class='ocrx_word' id='word_1_31' title='bbox 445 1204 574 1249; x_wconf 89' lang='lat' dir='ltr'><strong>non</strong></span> <span class='ocrx_word' id='word_1_32' title='bbox 610 1185 844 1251; x_wconf 88' lang='lat' dir='ltr'><strong>habeat</strong></span> <span class='ocrx_word' id='word_1_33' title='bbox 880 1184 1215 1251; x_wconf 79' lang='lat' dir='ltr'>materiam</span> <span class='ocrx_word' id='word_1_34' title='bbox 1247 1207 1333 1250; x_wconf 72' lang='lat' dir='ltr'><strong>em</strong></span> <span class='ocrx_word' id='word_1_35' title='bbox 1362 1207 1513 1272; x_wconf 81' lang='lat' dir='ltr'><strong>qua,</strong></span> <span class='ocrx_word' id='word_1_36' title='bbox 1551 1185 1746 1252; x_wconf 89' lang='lat' dir='ltr'><strong>habet</strong></span> <span class='ocrx_word' id='word_1_37' title='bbox 1774 1197 1992 1251; x_wconf 90' lang='lat' dir='ltr'><strong>tamen</strong></span> 
     </span>
     <span class='ocr_line' id='line_1_8' title="bbox 446 1300 1995 1387; baseline 0.001 -22"><span class='ocrx_word' id='word_1_38' title='bbox 446 1300 783 1366; x_wconf 77' lang='lat' dir='ltr'><strong>materiam</strong></span> <span class='ocrx_word' id='word_1_39' title='bbox 824 1300 898 1366; x_wconf 81' lang='lat' dir='ltr'><strong>in</strong></span> <span class='ocrx_word' id='word_1_40' title='bbox 935 1321 1086 1386; x_wconf 79' lang='lat' dir='ltr'><strong>qua,</strong></span> <span class='ocrx_word' id='word_1_41' title='bbox 1124 1320 1237 1366; x_wconf 91' lang='lat' dir='ltr'><strong>seu</strong></span> <span class='ocrx_word' id='word_1_42' title='bbox 1281 1302 1651 1387; x_wconf 91' lang='lat' dir='ltr'><strong>subjectum</strong></span> <span class='ocrx_word' id='word_1_43' title='bbox 1684 1300 1995 1367; x_wconf 83' lang='lat' dir='ltr'><strong>informa-</strong></span> 
     </span>
     <span class='ocr_line' id='line_1_9' title="bbox 442 1417 1998 1504; baseline 0 -21"><span class='ocrx_word' id='word_1_44' title='bbox 442 1417 666 1494; x_wconf 82' lang='lat' dir='ltr'><strong>tioniS,</strong></span> <span class='ocrx_word' id='word_1_45' title='bbox 710 1417 790 1483; x_wconf 90' lang='lat' dir='ltr'><strong>ad</strong></span> <span class='ocrx_word' id='word_1_46' title='bbox 822 1418 994 1504; x_wconf 92' lang='lat' dir='ltr'><strong>quod</strong></span> <span class='ocrx_word' id='word_1_47' title='bbox 1043 1417 1202 1483; x_wconf 90' lang='lat' dir='ltr'><strong>dicit</strong></span> <span class='ocrx_word' id='word_1_48' title='bbox 1239 1418 1623 1504; x_wconf 90' lang='lat' dir='ltr'><strong>appetitum,</strong></span> <span class='ocrx_word' id='word_1_49' title='bbox 1670 1434 1732 1485; x_wconf 89' lang='lat' dir='ltr'><strong>et</strong></span> <span class='ocrx_word' id='word_1_50' title='bbox 1764 1438 1998 1485; x_wconf 93' lang='lat' dir='ltr'><strong>secun-</strong></span> 
     </span>
     <span class='ocr_line' id='line_1_10' title="bbox 440 1533 1997 1620; baseline -0.001 -21"><span class='ocrx_word' id='word_1_51' title='bbox 440 1533 599 1599; x_wconf 92' lang='lat' dir='ltr'><strong>dum</strong></span> <span class='ocrx_word' id='word_1_52' title='bbox 658 1552 851 1619; x_wconf 89' lang='lat' dir='ltr'><strong>quem</strong></span> <span class='ocrx_word' id='word_1_53' title='bbox 909 1533 1269 1620; x_wconf 88' lang='lat' dir='ltr'><strong>appetitum</strong></span> <span class='ocrx_word' id='word_1_54' title='bbox 1326 1545 1499 1600; x_wconf 90' lang='lat' dir='ltr'><strong>esset</strong></span> <span class='ocrx_word' id='word_1_55' title='bbox 1558 1534 1997 1620; x_wconf 78' lang='lat' dir='ltr'><strong>imperfectior</strong></span> 
     </span>
     <span class='ocr_line' id='line_1_11' title="bbox 444 1648 1993 1736; baseline 0.001 -23"><span class='ocrx_word' id='word_1_56' title='bbox 444 1648 648 1727; x_wconf 79' lang='lat' dir='ltr'><strong>coeln,</strong></span> <span class='ocrx_word' id='word_1_57' title='bbox 695 1649 805 1715; x_wconf 91' lang='lat' dir='ltr'><strong>ille</strong></span> <span class='ocrx_word' id='word_1_58' title='bbox 843 1667 1079 1735; x_wconf 82' lang='lat' dir='ltr'><strong>nempe</strong></span> <span class='ocrx_word' id='word_1_59' title='bbox 1119 1649 1447 1736; x_wconf 87' lang='lat' dir='ltr'><strong>appetitus</strong></span> <span class='ocrx_word' id='word_1_60' title='bbox 1487 1661 1663 1715; x_wconf 85' lang='lat' dir='ltr'><strong>esset</strong></span> <span class='ocrx_word' id='word_1_61' title='bbox 1694 1650 1993 1736; x_wconf 85' lang='lat' dir='ltr'><strong>quaedam</strong></span> 
     </span>
     <span class='ocr_line' id='line_1_12' title="bbox 444 1763 1997 1852; baseline 0.001 -23"><span class='ocrx_word' id='word_1_62' title='bbox 444 1763 687 1829; x_wconf 81' lang='lat' dir='ltr'><strong>animae</strong></span> <span class='ocrx_word' id='word_1_63' title='bbox 744 1764 1209 1851; x_wconf 81' lang='lat' dir='ltr'><strong>potentialitaS,</strong></span> <span class='ocrx_word' id='word_1_64' title='bbox 1271 1764 1467 1831; x_wconf 88' lang='lat' dir='ltr'><strong>etiam</strong></span> <span class='ocrx_word' id='word_1_65' title='bbox 1518 1765 1803 1851; x_wconf 89' lang='lat' dir='ltr'><strong>passiva,</strong></span> <span class='ocrx_word' id='word_1_66' title='bbox 1847 1786 1997 1852; x_wconf 86' lang='lat' dir='ltr'><strong>quae</strong></span> 
     </span>
     <span class='ocr_line' id='line_1_13' title="bbox 448 1880 1996 1969; baseline 0.002 -23"><span class='ocrx_word' id='word_1_67' title='bbox 448 1902 567 1967; x_wconf 88' lang='lat' dir='ltr'><strong>per</strong></span> <span class='ocrx_word' id='word_1_68' title='bbox 603 1900 810 1967; x_wconf 89' lang='lat' dir='ltr'><strong>agens</strong></span> <span class='ocrx_word' id='word_1_69' title='bbox 848 1880 1291 1950; x_wconf 81' lang='lat' dir='ltr'><strong>extrinsecum</strong></span> <span class='ocrx_word' id='word_1_70' title='bbox 1324 1894 1576 1949; x_wconf 91' lang='lat' dir='ltr'><strong>tantum</strong></span> <span class='ocrx_word' id='word_1_71' title='bbox 1621 1883 1841 1950; x_wconf 87' lang='lat' dir='ltr'><strong>reduci</strong></span> <span class='ocrx_word' id='word_1_72' title='bbox 1884 1905 1996 1969; x_wconf 91' lang='lat' dir='ltr'><strong>po-</strong></span> 
     </span>
     <span class='ocr_line' id='line_1_14' title="bbox 442 1996 1996 2086; baseline 0.001 -23"><span class='ocrx_word' id='word_1_73' title='bbox 442 2008 569 2064; x_wconf 87' lang='lat' dir='ltr'><strong>test</strong></span> <span class='ocrx_word' id='word_1_74' title='bbox 603 1997 684 2063; x_wconf 90' lang='lat' dir='ltr'><strong>ad</strong></span> <span class='ocrx_word' id='word_1_75' title='bbox 723 2010 965 2065; x_wconf 90' lang='lat' dir='ltr'><strong>actum.</strong></span> <span class='ocrx_word' id='word_1_76' title='bbox 992 1999 1085 2065; x_wconf 81' lang='lat' dir='ltr'><strong>Ad</strong></span> <span class='ocrx_word' id='word_1_77' title='bbox 1119 1999 1420 2086; x_wconf 89' lang='lat' dir='ltr'><strong>quintum</strong></span> <span class='ocrx_word' id='word_1_78' title='bbox 1454 1996 1610 2065; x_wconf 89' lang='lat' dir='ltr'><strong>licet</strong></span> <span class='ocrx_word' id='word_1_79' title='bbox 1645 2000 1996 2065; x_wconf 83' lang='lat' dir='ltr'><strong>intellectio</strong></span> 
     </span>
     <span class='ocr_line' id='line_1_15' title="bbox 446 2114 1998 2201; baseline 0.001 -21"><span class='ocrx_word' id='word_1_80' title='bbox 446 2116 535 2180; x_wconf 88' lang='lat' dir='ltr'><strong>sit</strong></span> <span class='ocrx_word' id='word_1_81' title='bbox 573 2114 785 2201; x_wconf 89' lang='lat' dir='ltr'><strong>magis</strong></span> <span class='ocrx_word' id='word_1_82' title='bbox 822 2115 1145 2182; x_wconf 89' lang='lat' dir='ltr'><strong>abstracta</strong></span> <span class='ocrx_word' id='word_1_83' title='bbox 1182 2136 1219 2182; x_wconf 91' lang='lat' dir='ltr'><strong>a</strong></span> <span class='ocrx_word' id='word_1_84' title='bbox 1259 2117 1530 2182; x_wconf 91' lang='lat' dir='ltr'><strong>materia</strong></span> <span class='ocrx_word' id='word_1_85' title='bbox 1577 2116 1897 2196; x_wconf 86' lang='lat' dir='ltr'><strong>sensibili,</strong></span> <span class='ocrx_word' id='word_1_86' title='bbox 1934 2128 1998 2181; x_wconf 90' lang='lat' dir='ltr'><strong>et</strong></span> 
     </span>
     <span class='ocr_line' id='line_1_16' title="bbox 440 2230 1996 2318; baseline -0.001 -21"><span class='ocrx_word' id='word_1_87' title='bbox 440 2243 686 2318; x_wconf 88' lang='lat' dir='ltr'><strong>quanta</strong></span> <span class='ocrx_word' id='word_1_88' title='bbox 726 2230 944 2318; x_wconf 91' lang='lat' dir='ltr'><strong>(quod</strong></span> <span class='ocrx_word' id='word_1_89' title='bbox 1004 2251 1215 2317; x_wconf 88' lang='lat' dir='ltr'><strong>genus</strong></span> <span class='ocrx_word' id='word_1_90' title='bbox 1273 2231 1730 2298; x_wconf 80' lang='lat' dir='ltr'><strong>abstractionis</strong></span> <span class='ocrx_word' id='word_1_91' title='bbox 1786 2231 1996 2297; x_wconf 90' lang='lat' dir='ltr'><strong>consi-</strong></span> 
     </span>
     <span class='ocr_line' id='line_1_17' title="bbox 444 2346 1997 2434; baseline 0 -22"><span class='ocrx_word' id='word_1_92' title='bbox 444 2347 632 2412; x_wconf 80' lang='lat' dir='ltr'><strong>derat</strong></span> <span class='ocrx_word' id='word_1_93' title='bbox 689 2347 1128 2432; x_wconf 88' lang='lat' dir='ltr'><strong>Philosophus</strong></span> <span class='ocrx_word' id='word_1_94' title='bbox 1184 2348 1260 2413; x_wconf 76' lang='lat' dir='ltr'><strong>in</strong></span> <span class='ocrx_word' id='word_1_95' title='bbox 1298 2346 1369 2415; x_wconf 72' lang='lat'><strong>4.</strong></span> <span class='ocrx_word' id='word_1_96' title='bbox 1427 2358 1488 2413; x_wconf 80' lang='lat' dir='ltr'><strong>ec</strong></span> <span class='ocrx_word' id='word_1_97' title='bbox 1546 2350 1610 2414; x_wconf 90' lang='grc'><strong>6.</strong></span> <span class='ocrx_word' id='word_1_98' title='bbox 1656 2347 1997 2434; x_wconf 80' lang='lat' dir='ltr'><strong>Metapk.)</strong></span> 
     </span>
     <span class='ocr_line' id='line_1_18' title="bbox 446 2462 1996 2550; baseline -0.001 -21"><span class='ocrx_word' id='word_1_99' title='bbox 446 2484 641 2550; x_wconf 87' lang='lat' dir='ltr'><strong>quam</strong></span> <span class='ocrx_word' id='word_1_100' title='bbox 697 2463 905 2529; x_wconf 87' lang='lat' dir='ltr'><strong>forma</strong></span> <span class='ocrx_word' id='word_1_101' title='bbox 958 2462 1336 2543; x_wconf 89' lang='lat' dir='ltr'><strong>materialis,</strong></span> <span class='ocrx_word' id='word_1_102' title='bbox 1396 2464 1590 2530; x_wconf 87' lang='lat' dir='ltr'><strong>etiam</strong></span> <span class='ocrx_word' id='word_1_103' title='bbox 1641 2463 1996 2529; x_wconf 89' lang='lat' dir='ltr'><strong>substanti-</strong></span> 
     </span>
     <span class='ocr_line' id='line_1_19' title="bbox 442 2579 1997 2663; baseline 0.001 -19"><span class='ocrx_word' id='word_1_104' title='bbox 442 2580 592 2663; x_wconf 83' lang='lat' dir='ltr'><strong>alis,</strong></span> <span class='ocrx_word' id='word_1_105' title='bbox 641 2600 771 2644; x_wconf 92' lang='lat' dir='ltr'><strong>non</strong></span> <span class='ocrx_word' id='word_1_106' title='bbox 830 2590 1004 2644; x_wconf 88' lang='lat' dir='ltr'><strong>esset</strong></span> <span class='ocrx_word' id='word_1_107' title='bbox 1043 2591 1257 2645; x_wconf 91' lang='lat' dir='ltr'><strong>tamen</strong></span> <span class='ocrx_word' id='word_1_108' title='bbox 1317 2579 1677 2646; x_wconf 85' lang='lat' dir='ltr'><strong>absolutior</strong></span> <span class='ocrx_word' id='word_1_109' title='bbox 1715 2601 1750 2644; x_wconf 90' lang='lat' dir='ltr'><strong>a</strong></span> <span class='ocrx_word' id='word_1_110' title='bbox 1792 2592 1997 2645; x_wconf 88' lang='lat' dir='ltr'><strong>mate-</strong></span> 
     </span>
     <span class='ocr_line' id='line_1_20' title="bbox 445 2694 1997 2781; baseline 0.001 -21"><span class='ocrx_word' id='word_1_111' title='bbox 445 2695 568 2770; x_wconf 85' lang='lat' dir='ltr'><strong>ria,</strong></span> <span class='ocrx_word' id='word_1_112' title='bbox 625 2707 696 2761; x_wconf 90' lang='lat' dir='ltr'><strong>ut</strong></span> <span class='ocrx_word' id='word_1_113' title='bbox 742 2694 1027 2762; x_wconf 83' lang='lat' dir='ltr'><strong>sumitur</strong></span> <span class='ocrx_word' id='word_1_114' title='bbox 1082 2715 1199 2780; x_wconf 94' lang='lat' dir='ltr'><strong>pro</strong></span> <span class='ocrx_word' id='word_1_115' title='bbox 1260 2695 1730 2781; x_wconf 88' lang='lat' dir='ltr'><strong>potentialitate</strong></span> <span class='ocrx_word' id='word_1_116' title='bbox 1789 2707 1851 2761; x_wconf 91' lang='lat' dir='ltr'><strong>et</strong></span> <span class='ocrx_word' id='word_1_117' title='bbox 1888 2694 1997 2761; x_wconf 92' lang='lat' dir='ltr'><strong>de-</strong></span> 
     </span>
     <span class='ocr_line' id='line_1_21' title="bbox 446 2812 1998 2902; baseline 0.001 -25"><span class='ocrx_word' id='word_1_118' title='bbox 446 2812 795 2897; x_wconf 87' lang='lat' dir='ltr'><strong>pendentia</strong></span> <span class='ocrx_word' id='word_1_119' title='bbox 860 2812 939 2879; x_wconf 87' lang='lat' dir='ltr'><strong>ad</strong></span> <span class='ocrx_word' id='word_1_120' title='bbox 1007 2812 1402 2899; x_wconf 88' lang='lat' dir='ltr'><strong>subjectum,</strong></span> <span class='ocrx_word' id='word_1_121' title='bbox 1461 2834 1656 2902; x_wconf 92' lang='lat' dir='ltr'><strong>quam</strong></span> <span class='ocrx_word' id='word_1_122' title='bbox 1710 2812 1998 2879; x_wconf 83' lang='lat' dir='ltr'><strong>excludit</strong></span> 
     </span>
     <span class='ocr_line' id='line_1_22' title="bbox 444 2928 1998 3017; baseline 0.001 -23"><span class='ocrx_word' id='word_1_123' title='bbox 444 2928 713 3007; x_wconf 88' lang='lat' dir='ltr'><strong>creatio,</strong></span> <span class='ocrx_word' id='word_1_124' title='bbox 750 2929 903 3016; x_wconf 90' lang='lat' dir='ltr'><strong>quia</strong></span> <span class='ocrx_word' id='word_1_125' title='bbox 944 2930 1156 3013; x_wconf 77' lang='lat' dir='ltr'><strong>magis</strong></span> <span class='ocrx_word' id='word_1_126' title='bbox 1186 2929 1510 3016; x_wconf 89' lang='lat' dir='ltr'><strong>dependet</strong></span> <span class='ocrx_word' id='word_1_127' title='bbox 1541 2929 1998 3017; x_wconf 87' lang='lat' dir='ltr'><strong>quodcumque</strong></span> 
     </span>
     <span class='ocr_line' id='line_1_23' title="bbox 444 3042 1996 3131; baseline 0.001 -24"><span class='ocrx_word' id='word_1_128' title='bbox 444 3042 749 3109; x_wconf 85' lang='lat' dir='ltr'><strong>accidens</strong></span> <span class='ocrx_word' id='word_1_129' title='bbox 800 3042 879 3109; x_wconf 89' lang='lat' dir='ltr'><strong>ad</strong></span> <span class='ocrx_word' id='word_1_130' title='bbox 921 3044 1317 3131; x_wconf 84' lang='lat' dir='ltr'><strong>subjectum,</strong></span> <span class='ocrx_word' id='word_1_131' title='bbox 1355 3065 1548 3131; x_wconf 92' lang='lat' dir='ltr'><strong>quam</strong></span> <span class='ocrx_word' id='word_1_132' title='bbox 1592 3045 1795 3111; x_wconf 89' lang='lat' dir='ltr'><strong>forma</strong></span> <span class='ocrx_word' id='word_1_133' title='bbox 1837 3045 1996 3111; x_wconf 92' lang='lat' dir='ltr'><strong>sub-</strong></span> 
     </span>
     <span class='ocr_line' id='line_1_24' title="bbox 444 3158 1997 3248; baseline 0 -23"><span class='ocrx_word' id='word_1_134' title='bbox 444 3159 794 3240; x_wconf 80' lang='lat' dir='ltr'><strong>stantialiS,</strong></span> <span class='ocrx_word' id='word_1_135' title='bbox 861 3158 1006 3226; x_wconf 90' lang='lat' dir='ltr'><strong>ideo</strong></span> <span class='ocrx_word' id='word_1_136' title='bbox 1046 3159 1264 3226; x_wconf 87' lang='lat' dir='ltr'><strong>futiles</strong></span> <span class='ocrx_word' id='word_1_137' title='bbox 1322 3172 1476 3226; x_wconf 91' lang='lat' dir='ltr'><strong>sunt</strong></span> <span class='ocrx_word' id='word_1_138' title='bbox 1526 3161 1669 3227; x_wconf 75' lang='lat' dir='ltr'><strong>istae</strong></span> <span class='ocrx_word' id='word_1_139' title='bbox 1726 3161 1997 3248; x_wconf 88' lang='lat' dir='ltr'><strong>objecti-</strong></span> 
     </span>
    </p>

    <p class='ocr_par' dir='ltr' id='par_1_4' title="bbox 136 3276 1996 3713">
     <span class='ocr_line' id='line_1_25' title="bbox 138 3276 1996 3371; baseline 0.002 -33"><span class='ocrx_word' id='word_1_140' title='bbox 138 3306 420 3371; x_wconf 66' lang='lat' dir='ltr'><strong>Imperfectio</strong></span> <span class='ocrx_word' id='word_1_141' title='bbox 440 3295 630 3343; x_wconf 85' lang='lat' dir='ltr'><strong>ones.</strong></span> <span class='ocrx_word' id='word_1_142' title='bbox 667 3277 918 3352; x_wconf 88' lang='lat' dir='ltr'><strong>Quanto</strong></span> <span class='ocrx_word' id='word_1_143' title='bbox 949 3276 1125 3342; x_wconf 87' lang='lat' dir='ltr'><strong>enim</strong></span> <span class='ocrx_word' id='word_1_144' title='bbox 1170 3276 1379 3364; x_wconf 86' lang='lat' dir='ltr'><strong>magis</strong></span> <span class='ocrx_word' id='word_1_145' title='bbox 1413 3298 1612 3343; x_wconf 91' lang='lat' dir='ltr'><strong>unum</strong></span> <span class='ocrx_word' id='word_1_146' title='bbox 1644 3277 1888 3343; x_wconf 85' lang='lat' dir='ltr'><strong>recedit</strong></span> <span class='ocrx_word' id='word_1_147' title='bbox 1916 3276 1996 3342; x_wconf 89' lang='lat' dir='ltr'><strong>ab</strong></span> 
     </span>
     <span class='ocr_line' id='line_1_26' title="bbox 136 3374 1994 3496; baseline 0.001 -39"><span class='ocrx_word' id='word_1_148' title='bbox 136 3374 415 3496; x_wconf 38' lang='grc' dir='ltr'><strong>*ἓξὲξ*</strong></span> <span class='ocrx_word' id='word_1_149' title='bbox 441 3406 745 3458; x_wconf 77' lang='lat' dir='ltr'><strong>extremo</strong></span> <span class='ocrx_word' id='word_1_150' title='bbox 773 3392 1332 3470; x_wconf 86' lang='lat' dir='ltr'><strong>contradictionis,</strong></span> <span class='ocrx_word' id='word_1_151' title='bbox 1370 3394 1540 3480; x_wconf 91' lang='lat' dir='ltr'><strong>quod</strong></span> <span class='ocrx_word' id='word_1_152' title='bbox 1576 3393 1848 3460; x_wconf 88' lang='lat' dir='ltr'><strong>includit</strong></span> <span class='ocrx_word' id='word_1_153' title='bbox 1878 3394 1994 3458; x_wconf 90' lang='lat' dir='ltr'><strong>im·</strong></span> 
     </span>
     <span class='ocr_line' id='line_1_27' title="bbox 164 3498 1990 3613; baseline 0.001 -40"><span class='ocrx_word' id='word_1_154' title='bbox 164 3498 375 3613; x_wconf 54' lang='lat' dir='ltr'><strong>sixi&#39;ni&#39;ffl</strong></span> <span class='ocrx_word' id='word_1_155' title='bbox 442 3508 943 3594; x_wconf 79' lang='lat' dir='ltr'><strong>perfectionem,</strong></span> <span class='ocrx_word' id='word_1_156' title='bbox 998 3520 1250 3573; x_wconf 90' lang='lat' dir='ltr'><strong>tantum</strong></span> <span class='ocrx_word' id='word_1_157' title='bbox 1293 3510 1542 3576; x_wconf 89' lang='lat' dir='ltr'><strong>accedit</strong></span> <span class='ocrx_word' id='word_1_158' title='bbox 1570 3509 1649 3576; x_wconf 88' lang='lat' dir='ltr'><strong>ad</strong></span> <span class='ocrx_word' id='word_1_159' title='bbox 1688 3509 1990 3590; x_wconf 86' lang='lat' dir='ltr'><strong>alterum,</strong></span> 
     </span>
     <span class='ocr_line' id='line_1_28' title="bbox 439 3623 1996 3713; baseline 0.002 -24"><span class='ocrx_word' id='word_1_160' title='bbox 439 3623 619 3711; x_wconf 89' lang='lat' dir='ltr'><strong>quod</strong></span> <span class='ocrx_word' id='word_1_161' title='bbox 670 3635 768 3690; x_wconf 88' lang='lat' dir='ltr'><strong>est</strong></span> <span class='ocrx_word' id='word_1_162' title='bbox 808 3623 1262 3711; x_wconf 77' lang='lat' dir='ltr'><strong>perfectioni83</strong></span> <span class='ocrx_word' id='word_1_163' title='bbox 1318 3626 1625 3710; x_wconf 87' lang='lat' dir='ltr'><strong>potentia,</strong></span> <span class='ocrx_word' id='word_1_164' title='bbox 1682 3637 1750 3692; x_wconf 91' lang='lat' dir='ltr'><strong>ut</strong></span> <span class='ocrx_word' id='word_1_165' title='bbox 1797 3647 1996 3713; x_wconf 87' lang='lat' dir='ltr'><strong>oppo-</strong></span> 
     </span>
    </p>

    <p class='ocr_par' dir='ltr' id='par_1_5' title="bbox 437 3741 1995 3828">
     <span class='ocr_line' id='line_1_29' title="bbox 437 3741 1995 3828; baseline 0.002 -22"><span class='ocrx_word' id='word_1_166' title='bbox 437 3741 621 3807; x_wconf 88' lang='lat' dir='ltr'><strong>nitur</strong></span> <span class='ocrx_word' id='word_1_167' title='bbox 654 3743 852 3821; x_wconf 88' lang='lat' dir='ltr'><strong>actui,</strong></span> <span class='ocrx_word' id='word_1_168' title='bbox 886 3752 1196 3807; x_wconf 86' lang='lat' dir='ltr'><strong>connotat</strong></span> <span class='ocrx_word' id='word_1_169' title='bbox 1226 3743 1660 3827; x_wconf 87' lang='lat' dir='ltr'><strong>privationem</strong></span> <span class='ocrx_word' id='word_1_170' title='bbox 1697 3743 1995 3828; x_wconf 80' lang='lat' dir='ltr'><strong>perfecti-</strong></span> 
     </span>
    </p>

    <p class='ocr_par' dir='ltr' id='par_1_6' title="bbox 433 3858 1996 4060">
     <span class='ocr_line' id='line_1_30' title="bbox 436 3858 1996 3946; baseline 0.003 -26"><span class='ocrx_word' id='word_1_171' title='bbox 436 3858 612 3935; x_wconf 78' lang='lat' dir='ltr'><strong>oni8‚</strong></span> <span class='ocrx_word' id='word_1_172' title='bbox 665 3871 847 3924; x_wconf 89' lang='lat' dir='ltr'><strong>actus</strong></span> <span class='ocrx_word' id='word_1_173' title='bbox 896 3880 932 3924; x_wconf 92' lang='lat' dir='ltr'><strong>e</strong></span> <span class='ocrx_word' id='word_1_174' title='bbox 994 3870 1219 3924; x_wconf 90' lang='lat' dir='ltr'><strong>contra</strong></span> <span class='ocrx_word' id='word_1_175' title='bbox 1276 3859 1764 3943; x_wconf 85' lang='lat' dir='ltr'><strong>perfectionem,</strong></span> <span class='ocrx_word' id='word_1_176' title='bbox 1838 3880 1996 3946; x_wconf 90' lang='lat' dir='ltr'><strong>ergo</strong></span> 
     </span>
     <span class='ocr_line' id='line_1_31' title="bbox 433 3971 1995 4060; baseline 0.003 -23"><span class='ocrx_word' id='word_1_177' title='bbox 433 3983 687 4059; x_wconf 88' lang='lat' dir='ltr'><strong>quanto</strong></span> <span class='ocrx_word' id='word_1_178' title='bbox 729 3973 943 4060; x_wconf 86' lang='lat' dir='ltr'><strong>magis</strong></span> <span class='ocrx_word' id='word_1_179' title='bbox 973 3971 1218 4058; x_wconf 90' lang='lat' dir='ltr'><strong>aliquid</strong></span> <span class='ocrx_word' id='word_1_180' title='bbox 1275 3984 1374 4039; x_wconf 90' lang='lat' dir='ltr'><strong>est</strong></span> <span class='ocrx_word' id='word_1_181' title='bbox 1404 3973 1767 4040; x_wconf 89' lang='lat' dir='ltr'><strong>absolutius</strong></span> <span class='ocrx_word' id='word_1_182' title='bbox 1808 3994 1844 4041; x_wconf 92' lang='lat' dir='ltr'><strong>a</strong></span> <span class='ocrx_word' id='word_1_183' title='bbox 1878 3995 1995 4060; x_wconf 92' lang='lat' dir='ltr'><strong>po-</strong></span> 
     </span>
    </p>

    <p class='ocr_par' dir='ltr' id='par_1_7' title="bbox 435 4086 1990 4173">
     <span class='ocr_line' id='line_1_32' title="bbox 435 4086 1990 4173; baseline 0.002 -22"><span class='ocrx_word' id='word_1_184' title='bbox 435 4087 639 4152; x_wconf 83' lang='lat' dir='ltr'><strong>tentia</strong></span> <span class='ocrx_word' id='word_1_185' title='bbox 675 4100 739 4152; x_wconf 89' lang='lat' dir='ltr'><strong>et</strong></span> <span class='ocrx_word' id='word_1_186' title='bbox 775 4086 1236 4173; x_wconf 88' lang='lat' dir='ltr'><strong>dependentia,</strong></span> <span class='ocrx_word' id='word_1_187' title='bbox 1273 4096 1451 4153; x_wconf 90' lang='lat' dir='ltr'><strong>tanto</strong></span> <span class='ocrx_word' id='word_1_188' title='bbox 1482 4097 1579 4152; x_wconf 88' lang='lat' dir='ltr'><strong>est</strong></span> <span class='ocrx_word' id='word_1_189' title='bbox 1611 4087 1990 4172; x_wconf 88' lang='lat' dir='ltr'><strong>perfectius.</strong></span> 
     </span>
    </p>

    <p class='ocr_par' dir='ltr' id='par_1_8' title="bbox 428 4204 1997 4641">
     <span class='ocr_line' id='line_1_33' title="bbox 428 4204 1995 4291; baseline 0 -19"><span class='ocrx_word' id='word_1_190' title='bbox 428 4205 599 4272; x_wconf 83' lang='lat' dir='ltr'><strong>Hinc</strong></span> <span class='ocrx_word' id='word_1_191' title='bbox 639 4205 1020 4291; x_wconf 86' lang='lat' dir='ltr'><strong>Philosophi</strong></span> <span class='ocrx_word' id='word_1_192' title='bbox 1064 4204 1142 4271; x_wconf 92' lang='lat' dir='ltr'><strong>ad</strong></span> <span class='ocrx_word' id='word_1_193' title='bbox 1180 4205 1644 4272; x_wconf 90' lang='lat' dir='ltr'><strong>removendam</strong></span> <span class='ocrx_word' id='word_1_194' title='bbox 1690 4205 1995 4291; x_wconf 87' lang='lat' dir='ltr'><strong>imperfe-</strong></span> 
     </span>
     <span class='ocr_line' id='line_1_34' title="bbox 430 4321 1992 4408; baseline -0.001 -20"><span class='ocrx_word' id='word_1_195' title='bbox 430 4322 721 4388; x_wconf 88' lang='lat' dir='ltr'><strong>ctionem</strong></span> <span class='ocrx_word' id='word_1_196' title='bbox 755 4321 950 4388; x_wconf 88' lang='lat' dir='ltr'><strong>talem</strong></span> <span class='ocrx_word' id='word_1_197' title='bbox 994 4335 1237 4408; x_wconf 89' lang='lat' dir='ltr'><strong>negant</strong></span> <span class='ocrx_word' id='word_1_198' title='bbox 1274 4322 1341 4387; x_wconf 93' lang='lat' dir='ltr'><strong>in</strong></span> <span class='ocrx_word' id='word_1_199' title='bbox 1385 4321 1805 4408; x_wconf 85' lang='lat' dir='ltr'><strong>sempiternis</strong></span> <span class='ocrx_word' id='word_1_200' title='bbox 1856 4322 1992 4389; x_wconf 92' lang='lat' dir='ltr'><strong>dari</strong></span> 
     </span>
     <span class='ocr_line' id='line_1_35' title="bbox 434 4436 1989 4524; baseline 0.002 -23"><span class='ocrx_word' id='word_1_201' title='bbox 434 4436 811 4515; x_wconf 86' lang='lat' dir='ltr'><strong>materiam,</strong></span> <span class='ocrx_word' id='word_1_202' title='bbox 839 4436 989 4524; x_wconf 89' lang='lat' dir='ltr'><strong>quia</strong></span> <span class='ocrx_word' id='word_1_203' title='bbox 1021 4448 1252 4523; x_wconf 87' lang='lat' dir='ltr'><strong>putant</strong></span> <span class='ocrx_word' id='word_1_204' title='bbox 1281 4436 1387 4502; x_wconf 89' lang='lat' dir='ltr'><strong>illa</strong></span> <span class='ocrx_word' id='word_1_205' title='bbox 1420 4457 1568 4503; x_wconf 90' lang='lat' dir='ltr'><strong>esse</strong></span> <span class='ocrx_word' id='word_1_206' title='bbox 1598 4438 1989 4505; x_wconf 88' lang='lat' dir='ltr'><strong>necessaria.</strong></span> 
     </span>
     <span class='ocr_line' id='line_1_36' title="bbox 438 4551 1997 4641; baseline 0.001 -22"><span class='ocrx_word' id='word_1_207' title='bbox 438 4551 861 4640; x_wconf 83' lang='lat' dir='ltr'><strong>Augustinus</strong></span> <span class='ocrx_word' id='word_1_208' title='bbox 889 4552 1126 4618; x_wconf 82' lang='lat' dir='ltr'><strong>asserit</strong></span> <span class='ocrx_word' id='word_1_209' title='bbox 1158 4552 1492 4619; x_wconf 87' lang='lat' dir='ltr'><strong>materiam</strong></span> <span class='ocrx_word' id='word_1_210' title='bbox 1528 4553 1803 4641; x_wconf 89' lang='lat' dir='ltr'><strong>primam</strong></span> <span class='ocrx_word' id='word_1_211' title='bbox 1829 4554 1997 4620; x_wconf 89' lang='lat' dir='ltr'><strong>inter</strong></span> 
     </span>
    </p>

    <p class='ocr_par' dir='ltr' id='par_1_9' title="bbox 436 4669 1996 4756">
     <span class='ocr_line' id='line_1_37' title="bbox 436 4669 1996 4756; baseline 0.001 -21"><span class='ocrx_word' id='word_1_212' title='bbox 436 4669 698 4756; x_wconf 84' lang='lat' dir='ltr'><strong>reliqua</strong></span> <span class='ocrx_word' id='word_1_213' title='bbox 735 4669 954 4735; x_wconf 89' lang='lat' dir='ltr'><strong>omnia</strong></span> <span class='ocrx_word' id='word_1_214' title='bbox 984 4689 1129 4736; x_wconf 90' lang='lat' dir='ltr'><strong>esse</strong></span> <span class='ocrx_word' id='word_1_215' title='bbox 1178 4690 1378 4755; x_wconf 89' lang='lat' dir='ltr'><strong>prope</strong></span> <span class='ocrx_word' id='word_1_216' title='bbox 1428 4669 1617 4751; x_wconf 89' lang='lat' dir='ltr'><strong>nihil,</strong></span> <span class='ocrx_word' id='word_1_217' title='bbox 1672 4670 1996 4756; x_wconf 81' lang='lat' dir='ltr'><strong>Angelum</strong></span> 
     </span>
    </p>

    <p class='ocr_par' dir='ltr' id='par_1_10' title="bbox 437 4787 1993 4873">
     <span class='ocr_line' id='line_1_38' title="bbox 437 4787 1993 4873; baseline 0.001 -21"><span class='ocrx_word' id='word_1_218' title='bbox 437 4809 604 4853; x_wconf 82' lang='lat' dir='ltr'><strong>vero</strong></span> <span class='ocrx_word' id='word_1_219' title='bbox 636 4808 839 4873; x_wconf 87' lang='lat' dir='ltr'><strong>prope</strong></span> <span class='ocrx_word' id='word_1_220' title='bbox 869 4790 1101 4865; x_wconf 88' lang='lat' dir='ltr'><strong>Deum;</strong></span> <span class='ocrx_word' id='word_1_221' title='bbox 1139 4787 1295 4853; x_wconf 92' lang='lat' dir='ltr'><strong>illud</strong></span> <span class='ocrx_word' id='word_1_222' title='bbox 1322 4798 1586 4873; x_wconf 90' lang='lat' dir='ltr'><strong>propter</strong></span> <span class='ocrx_word' id='word_1_223' title='bbox 1617 4788 1993 4873; x_wconf 89' lang='lat' dir='ltr'><strong>potentiam,</strong></span> 
     </span>
    </p>

    <p class='ocr_par' dir='ltr' id='par_1_11' title="bbox 439 4902 1995 4989">
     <span class='ocr_line' id='line_1_39' title="bbox 439 4902 1995 4989; baseline 0 -20"><span class='ocrx_word' id='word_1_224' title='bbox 439 4905 571 4969; x_wconf 90' lang='lat' dir='ltr'><strong>hoc</strong></span> <span class='ocrx_word' id='word_1_225' title='bbox 615 4922 778 4969; x_wconf 89' lang='lat' dir='ltr'><strong>vero</strong></span> <span class='ocrx_word' id='word_1_226' title='bbox 830 4915 1095 4989; x_wconf 90' lang='lat' dir='ltr'><strong>propter</strong></span> <span class='ocrx_word' id='word_1_227' title='bbox 1137 4902 1600 4988; x_wconf 87' lang='lat' dir='ltr'><strong>perfectionem</strong></span> <span class='ocrx_word' id='word_1_228' title='bbox 1646 4914 1711 4969; x_wconf 93' lang='lat' dir='ltr'><strong>et</strong></span> <span class='ocrx_word' id='word_1_229' title='bbox 1755 4915 1995 4969; x_wconf 89' lang='lat' dir='ltr'><strong>actum.</strong></span> 
     </span>
    </p>

    <p class='ocr_par' dir='ltr' id='par_1_12' title="bbox 142 5017 2004 5570">
     <span class='ocr_line' id='line_1_40' title="bbox 230 5017 2001 5110; baseline 0.001 -28"><span class='ocrx_word' id='word_1_230' title='bbox 230 5035 339 5110; x_wconf 52' lang='lat' dir='ltr'><strong>Q.</strong></span> <span class='ocrx_word' id='word_1_231' title='bbox 536 5019 636 5104; x_wconf 88' lang='lat' dir='ltr'><strong>(n)</strong></span> <span class='ocrx_word' id='word_1_232' title='bbox 694 5017 828 5083; x_wconf 85' lang='lat' dir='ltr'><strong>Sed</strong></span> <span class='ocrx_word' id='word_1_233' title='bbox 893 5038 1234 5104; x_wconf 79' lang='lat' dir='ltr'><strong>nunquam</strong></span> <span class='ocrx_word' id='word_1_234' title='bbox 1290 5019 1747 5104; x_wconf 78' lang='lat' dir='ltr'><strong>imperfectius</strong></span> <span class='ocrx_word' id='word_1_235' title='bbox 1791 5029 2001 5104; x_wconf 79' lang='lat' dir='ltr'><strong>potest</strong></span> 
     </span>
     <span class='ocr_line' id='line_1_41' title="bbox 162 5095 2003 5220; baseline 0.001 -22"><span class='ocrx_word' id='word_1_236' title='bbox 162 5095 369 5212; x_wconf 49' lang='lat' dir='ltr'><strong>Issffl&#39;</strong></span> <span class='ocrx_word' id='word_1_237' title='bbox 439 5134 818 5220; x_wconf 79' lang='lat' dir='ltr'><strong>producere</strong></span> <span class='ocrx_word' id='word_1_238' title='bbox 868 5134 1232 5219; x_wconf 76' lang='lat' dir='ltr'><strong>perfectius</strong></span> <span class='ocrx_word' id='word_1_239' title='bbox 1286 5155 1373 5213; x_wconf 81' lang='lat' dir='ltr'><strong>se,</strong></span> <span class='ocrx_word' id='word_1_240' title='bbox 1421 5146 1543 5200; x_wconf 88' lang='lat' dir='ltr'><strong>etc.</strong></span> <span class='ocrx_word' id='word_1_241' title='bbox 1608 5136 1697 5199; x_wconf 91' lang='lat' dir='ltr'><strong>De</strong></span> <span class='ocrx_word' id='word_1_242' title='bbox 1732 5133 2003 5199; x_wconf 88' lang='lat' dir='ltr'><strong>veritate</strong></span> 
     </span>
     <span class='ocr_line' id='line_1_42' title="bbox 142 5233 1994 5350; baseline -0.001 -34"><span class='ocrx_word' id='word_1_243' title='bbox 142 5233 417 5350; x_wconf 49' lang='lat' dir='ltr'><strong>{²313ss</strong></span> <span class='ocrx_word' id='word_1_244' title='bbox 444 5251 648 5336; x_wconf 89' lang='lat' dir='ltr'><strong>hujus</strong></span> <span class='ocrx_word' id='word_1_245' title='bbox 700 5249 1009 5316; x_wconf 77' lang='lat' dir='ltr'><strong>maximae</strong></span> <span class='ocrx_word' id='word_1_246' title='bbox 1048 5261 1280 5336; x_wconf 89' lang='lat' dir='ltr'><strong>agetur</strong></span> <span class='ocrx_word' id='word_1_247' title='bbox 1327 5270 1407 5315; x_wconf 87' lang='lat' dir='ltr'><strong>ex</strong></span> <span class='ocrx_word' id='word_1_248' title='bbox 1449 5250 1741 5335; x_wconf 88' lang='lat' dir='ltr'><strong>professo</strong></span> <span class='ocrx_word' id='word_1_249' title='bbox 1782 5252 1994 5335; x_wconf 80' lang='lat' dir='ltr'><strong>infra,</strong></span> 
     </span>
     <span class='ocr_line' id='line_1_43' title="bbox 145 5357 2003 5460; baseline -0.001 -28"><span class='ocrx_word' id='word_1_250' title='bbox 145 5357 417 5460; x_wconf 45' lang='lat'><strong>2322}</strong></span> <span class='ocrx_word' id='word_1_251' title='bbox 446 5369 606 5433; x_wconf 76' lang='lat' dir='ltr'><strong>dise.</strong></span> <span class='ocrx_word' id='word_1_252' title='bbox 646 5371 751 5432; x_wconf 82' lang='lat'><strong>13.</strong></span> <span class='ocrx_word' id='word_1_253' title='bbox 787 5366 898 5433; x_wconf 87' lang='lat' dir='ltr'><strong>hic</strong></span> <span class='ocrx_word' id='word_1_254' title='bbox 927 5377 1144 5432; x_wconf 85' lang='lat' dir='ltr'><strong>autem</strong></span> <span class='ocrx_word' id='word_1_255' title='bbox 1187 5371 1419 5432; x_wconf 90' lang='lat' dir='ltr'><strong>Doctor</strong></span> <span class='ocrx_word' id='word_1_256' title='bbox 1451 5366 1811 5433; x_wconf 87' lang='lat' dir='ltr'><strong>incidenter</strong></span> <span class='ocrx_word' id='word_1_257' title='bbox 1842 5367 2003 5432; x_wconf 91' lang='lat' dir='ltr'><strong>indi-</strong></span> 
     </span>
     <span class='ocr_line' id='line_1_44' title="bbox 449 5481 2004 5570; baseline -0.002 -20"><span class='ocrx_word' id='word_1_258' title='bbox 449 5496 576 5564; x_wconf 86' lang='lat' dir='ltr'><strong>cat,</strong></span> <span class='ocrx_word' id='word_1_259' title='bbox 645 5503 795 5570; x_wconf 85' lang='lat' dir='ltr'><strong>quae</strong></span> <span class='ocrx_word' id='word_1_260' title='bbox 866 5481 958 5547; x_wconf 91' lang='lat' dir='ltr'><strong>ibi</strong></span> <span class='ocrx_word' id='word_1_261' title='bbox 1023 5492 1255 5549; x_wconf 89' lang='lat' dir='ltr'><strong>tractat</strong></span> <span class='ocrx_word' id='word_1_262' title='bbox 1309 5482 1544 5549; x_wconf 87' lang='lat' dir='ltr'><strong>fusius.</strong></span> <span class='ocrx_word' id='word_1_263' title='bbox 1598 5485 1799 5548; x_wconf 87' lang='lat' dir='ltr'><strong>lnstat</strong></span> <span class='ocrx_word' id='word_1_264' title='bbox 1845 5503 2004 5569; x_wconf 91' lang='lat' dir='ltr'><strong>ergo</strong></span> 
     </span>
    </p>
   </div>
   <div class='ocr_carea' id='block_1_3' title="bbox 160 5469 2002 5765">
    <p class='ocr_par' dir='ltr' id='par_1_13' title="bbox 164 5469 397 5535">
     <span class='ocr_line' id='line_1_45' title="bbox 164 5469 397 5535; baseline -0.021 -18"><span class='ocrx_word' id='word_1_265' title='bbox 164 5469 397 5535; x_wconf 59' lang='grc' dir='ltr'><strong>ἓάβωῃ-</strong></span> 
     </span>
    </p>

    <p class='ocr_par' dir='ltr' id='par_1_14' title="bbox 182 5537 370 5583">
     <span class='ocr_line' id='line_1_46' title="bbox 182 5537 370 5583; baseline 0.011 -3"><span class='ocrx_word' id='word_1_266' title='bbox 182 5537 370 5583; x_wconf 57' lang='lat' dir='ltr'><strong>andum</strong></span> 
     </span>
    </p>

    <p class='ocr_par' dir='ltr' id='par_1_15' title="bbox 160 5595 2002 5765">
     <span class='ocr_line' id='line_1_47' title="bbox 160 5595 2002 5710; baseline -0.016 -33"><span class='ocrx_word' id='word_1_267' title='bbox 160 5595 400 5710; x_wconf 44' lang='lat' dir='ltr'><strong>’hx-¹⁸⁵·</strong></span> <span class='ocrx_word' id='word_1_268' title='bbox 453 5612 678 5667; x_wconf 88' lang='lat' dir='ltr'><strong>contra</strong></span> <span class='ocrx_word' id='word_1_269' title='bbox 728 5598 911 5665; x_wconf 91' lang='lat' dir='ltr'><strong>illam</strong></span> <span class='ocrx_word' id='word_1_270' title='bbox 966 5617 1045 5664; x_wconf 84' lang='lat' dir='ltr'><strong>ex</strong></span> <span class='ocrx_word' id='word_1_271' title='bbox 1081 5597 1401 5665; x_wconf 82' lang='lat' dir='ltr'><strong>sententia</strong></span> <span class='ocrx_word' id='word_1_272' title='bbox 1448 5619 1699 5679; x_wconf 90' lang='lat' dir='ltr'><strong>eorum,</strong></span> <span class='ocrx_word' id='word_1_273' title='bbox 1752 5600 1861 5685; x_wconf 76' lang='lat' dir='ltr'><strong>qui</strong></span> <span class='ocrx_word' id='word_1_274' title='bbox 1901 5601 2002 5667; x_wconf 70' lang='lat' dir='ltr'><strong>di-</strong></span> 
     </span>
     <span class='ocr_line' id='line_1_48' title="bbox 624 5711 968 5765; baseline -0.035 0"><span class='ocrx_word' id='word_1_275' title='bbox 624 5712 777 5765; x_wconf 83' lang='lat' dir='ltr'><strong>Tom.</strong></span> <span class='ocrx_word' id='word_1_276' title='bbox 813 5711 968 5764; x_wconf 76' lang='lat' dir='ltr'><strong>XVI,</strong></span> 
     </span>
    </p>
   </div>
   <div class='ocr_carea' id='block_1_4' title="bbox 2103 596 3982 1271">
    <p class='ocr_par' dir='ltr' id='par_1_16' title="bbox 2103 596 3654 1141">
     <span class='ocr_line' id='line_1_49' title="bbox 2103 596 3654 683; baseline -0.001 -18"><span class='ocrx_word' id='word_1_277' title='bbox 2103 610 2261 666; x_wconf 90' lang='lat' dir='ltr'><strong>cunt</strong></span> <span class='ocrx_word' id='word_1_278' title='bbox 2315 599 2618 667; x_wconf 87' lang='lat' dir='ltr'><strong>accidens</strong></span> <span class='ocrx_word' id='word_1_279' title='bbox 2660 599 2726 665; x_wconf 91' lang='lat' dir='ltr'><strong>in</strong></span> <span class='ocrx_word' id='word_1_280' title='bbox 2777 599 3024 668; x_wconf 89' lang='lat' dir='ltr'><strong>virtute</strong></span> <span class='ocrx_word' id='word_1_281' title='bbox 3070 596 3458 667; x_wconf 81' lang='lat' dir='ltr'><strong>substantiae</strong></span> <span class='ocrx_word' id='word_1_282' title='bbox 3508 617 3654 683; x_wconf 88' lang='lat' dir='ltr'><strong>pro-</strong></span> 
     </span>
     <span class='ocr_line' id='line_1_50' title="bbox 2103 715 3654 805; baseline -0.001 -24"><span class='ocrx_word' id='word_1_283' title='bbox 2103 716 2344 784; x_wconf 89' lang='lat' dir='ltr'><strong>ducere</strong></span> <span class='ocrx_word' id='word_1_284' title='bbox 2400 718 2857 796; x_wconf 88' lang='lat' dir='ltr'><strong>substantiam,</strong></span> <span class='ocrx_word' id='word_1_285' title='bbox 2891 717 3043 784; x_wconf 91' lang='lat' dir='ltr'><strong>licet</strong></span> <span class='ocrx_word' id='word_1_286' title='bbox 3109 737 3239 782; x_wconf 93' lang='lat' dir='ltr'><strong>non</strong></span> <span class='ocrx_word' id='word_1_287' title='bbox 3277 715 3365 805; x_wconf 26' lang='lat' dir='ltr'><strong>&#39;‘in</strong></span> <span class='ocrx_word' id='word_1_288' title='bbox 3410 716 3654 781; x_wconf 88' lang='lat' dir='ltr'><strong>virtute</strong></span> 
     </span>
     <span class='ocr_line' id='line_1_51' title="bbox 2105 831 3650 920; baseline -0.001 -21"><span class='ocrx_word' id='word_1_289' title='bbox 2105 835 2391 920; x_wconf 84' lang='lat' dir='ltr'><strong>propria,</strong></span> <span class='ocrx_word' id='word_1_290' title='bbox 2435 832 2546 899; x_wconf 92' lang='lat' dir='ltr'><strong>sed</strong></span> <span class='ocrx_word' id='word_1_291' title='bbox 2590 845 2662 899; x_wconf 90' lang='lat' dir='ltr'><strong>ut</strong></span> <span class='ocrx_word' id='word_1_292' title='bbox 2691 834 3240 911; x_wconf 88' lang='lat' dir='ltr'><strong>instrumentum;</strong></span> <span class='ocrx_word' id='word_1_293' title='bbox 3277 831 3650 919; x_wconf 85' lang='lat' dir='ltr'><strong>exemplum</strong></span> 
     </span>
     <span class='ocr_line' id='line_1_52' title="bbox 2104 947 3653 1035; baseline -0.001 -21"><span class='ocrx_word' id='word_1_294' title='bbox 2104 947 2186 1014; x_wconf 91' lang='lat' dir='ltr'><strong>de</strong></span> <span class='ocrx_word' id='word_1_295' title='bbox 2228 948 2465 1027; x_wconf 91' lang='lat' dir='ltr'><strong>calore,</strong></span> <span class='ocrx_word' id='word_1_296' title='bbox 2510 949 2621 1035; x_wconf 92' lang='lat' dir='ltr'><strong>qui</strong></span> <span class='ocrx_word' id='word_1_297' title='bbox 2672 948 2737 1013; x_wconf 92' lang='lat' dir='ltr'><strong>in</strong></span> <span class='ocrx_word' id='word_1_298' title='bbox 2780 949 3026 1015; x_wconf 90' lang='lat' dir='ltr'><strong>virtute</strong></span> <span class='ocrx_word' id='word_1_299' title='bbox 3072 948 3313 1014; x_wconf 81' lang='lat' dir='ltr'><strong>animae</strong></span> <span class='ocrx_word' id='word_1_300' title='bbox 3354 948 3653 1034; x_wconf 89' lang='lat' dir='ltr'><strong>producit</strong></span> 
     </span>
     <span class='ocr_line' id='line_1_53' title="bbox 2105 1064 2896 1141; baseline 0.004 -12"><span class='ocrx_word' id='word_1_301' title='bbox 2105 1083 2392 1141; x_wconf 89' lang='lat' dir='ltr'><strong>carnem,</strong></span> <span class='ocrx_word' id='word_1_302' title='bbox 2430 1068 2496 1131; x_wconf 70' lang='lat'><strong>2.</strong></span> <span class='ocrx_word' id='word_1_303' title='bbox 2532 1064 2614 1129; x_wconf 87' lang='lat' dir='ltr'><strong>de</strong></span> <span class='ocrx_word' id='word_1_304' title='bbox 2643 1066 2896 1132; x_wconf 79' lang='lat' dir='ltr'><strong>anima.</strong></span> 
     </span>
    </p>

    <p class='ocr_par' dir='ltr' id='par_1_17' title="bbox 2196 1174 3982 1271">
     <span class='ocr_line' id='line_1_54' title="bbox 2196 1174 3982 1271; baseline 0.002 -27"><span class='ocrx_word' id='word_1_305' title='bbox 2196 1184 2372 1247; x_wconf 80' lang='lat' dir='ltr'><strong>lianc</strong></span> <span class='ocrx_word' id='word_1_306' title='bbox 2420 1181 2794 1248; x_wconf 89' lang='lat' dir='ltr'><strong>instantiam</strong></span> <span class='ocrx_word' id='word_1_307' title='bbox 2829 1183 3175 1271; x_wconf 89' lang='lat' dir='ltr'><strong>impugnat</strong></span> <span class='ocrx_word' id='word_1_308' title='bbox 3208 1186 3463 1261; x_wconf 88' lang='lat' dir='ltr'><strong>Doctor,</strong></span> <span class='ocrx_word' id='word_1_309' title='bbox 3499 1182 3650 1270; x_wconf 90' lang='lat' dir='ltr'><strong>quia</strong></span> <span class='ocrx_word' id='word_1_310' title='bbox 3711 1174 3982 1240; x_wconf 76' lang='lat' dir='ltr'><strong>Impugna-</strong></span> 
     </span>
    </p>
   </div>
   <div class='ocr_carea' id='block_1_5' title="bbox 2109 1243 3890 1385">
    <p class='ocr_par' dir='ltr' id='par_1_18' title="bbox 2109 1243 3890 1385">
     <span class='ocr_line' id='line_1_55' title="bbox 2109 1243 3890 1385; baseline 0.006 -24"><span class='ocrx_word' id='word_1_311' title='bbox 2109 1317 2320 1384; x_wconf 87' lang='lat' dir='ltr'><strong>neque</strong></span> <span class='ocrx_word' id='word_1_312' title='bbox 2342 1299 2664 1383; x_wconf 88' lang='lat' dir='ltr'><strong>attingere</strong></span> <span class='ocrx_word' id='word_1_313' title='bbox 2695 1308 2904 1384; x_wconf 87' lang='lat' dir='ltr'><strong>potest</strong></span> <span class='ocrx_word' id='word_1_314' title='bbox 2935 1298 3236 1367; x_wconf 84' lang='lat' dir='ltr'><strong>effectum</strong></span> <span class='ocrx_word' id='word_1_315' title='bbox 3272 1298 3652 1385; x_wconf 84' lang='lat' dir='ltr'><strong>principalis</strong></span> <span class='ocrx_word' id='word_1_316' title='bbox 3793 1243 3890 1372; x_wconf 47' lang='lat'><strong>2¹5.</strong></span> 
     </span>
    </p>
   </div>
   <div class='ocr_carea' id='block_1_6' title="bbox 2106 1366 4009 5769">
    <p class='ocr_par' dir='ltr' id='par_1_19' title="bbox 2107 1366 4006 1618">
     <span class='ocr_line' id='line_1_56' title="bbox 2107 1366 4006 1502; baseline 0.001 -21"><span class='ocrx_word' id='word_1_317' title='bbox 2107 1415 2365 1501; x_wconf 88' lang='lat' dir='ltr'><strong>agentis</strong></span> <span class='ocrx_word' id='word_1_318' title='bbox 2408 1433 2520 1500; x_wconf 90' lang='lat' dir='ltr'><strong>per</strong></span> <span class='ocrx_word' id='word_1_319' title='bbox 2552 1415 2973 1496; x_wconf 87' lang='lat' dir='ltr'><strong>creationem,</strong></span> <span class='ocrx_word' id='word_1_320' title='bbox 3013 1436 3221 1502; x_wconf 89' lang='lat' dir='ltr'><strong>neque</strong></span> <span class='ocrx_word' id='word_1_321' title='bbox 3251 1415 3540 1501; x_wconf 88' lang='lat' dir='ltr'><strong>disponit</strong></span> <span class='ocrx_word' id='word_1_322' title='bbox 3569 1414 3649 1483; x_wconf 87' lang='lat' dir='ltr'><strong>ad</strong></span> <span class='ocrx_word' id='word_1_323' title='bbox 3676 1366 4006 1491; x_wconf 46' lang='grc' dir='ltr'><strong>ἔζὲξεῗῗὲξπῖἑῗ</strong></span> 
     </span>
     <span class='ocr_line' id='line_1_57' title="bbox 2109 1530 3650 1618; baseline 0.001 -22"><span class='ocrx_word' id='word_1_324' title='bbox 2109 1531 2350 1617; x_wconf 88' lang='lat' dir='ltr'><strong>ipsum,</strong></span> <span class='ocrx_word' id='word_1_325' title='bbox 2395 1531 2583 1597; x_wconf 89' lang='lat' dir='ltr'><strong>aliter</strong></span> <span class='ocrx_word' id='word_1_326' title='bbox 2629 1541 2842 1597; x_wconf 89' lang='lat' dir='ltr'><strong>autem</strong></span> <span class='ocrx_word' id='word_1_327' title='bbox 2908 1530 3134 1618; x_wconf 91' lang='lat' dir='ltr'><strong>nequit</strong></span> <span class='ocrx_word' id='word_1_328' title='bbox 3199 1532 3440 1599; x_wconf 89' lang='lat' dir='ltr'><strong>habere</strong></span> <span class='ocrx_word' id='word_1_329' title='bbox 3499 1532 3650 1599; x_wconf 82' lang='lat' dir='ltr'><strong>rati-</strong></span> 
     </span>
    </p>

    <p class='ocr_par' dir='ltr' id='par_1_20' title="bbox 2106 1646 3649 1849">
     <span class='ocr_line' id='line_1_58' title="bbox 2106 1646 3646 1735; baseline 0.002 -23"><span class='ocrx_word' id='word_1_330' title='bbox 2106 1668 2298 1713; x_wconf 92' lang='lat' dir='ltr'><strong>onem</strong></span> <span class='ocrx_word' id='word_1_331' title='bbox 2349 1646 2803 1725; x_wconf 90' lang='lat' dir='ltr'><strong>instrumenti;</strong></span> <span class='ocrx_word' id='word_1_332' title='bbox 2864 1668 2991 1712; x_wconf 92' lang='lat' dir='ltr'><strong>non</strong></span> <span class='ocrx_word' id='word_1_333' title='bbox 3033 1647 3340 1732; x_wconf 90' lang='lat' dir='ltr'><strong>primum,</strong></span> <span class='ocrx_word' id='word_1_334' title='bbox 3393 1649 3546 1735; x_wconf 87' lang='lat' dir='ltr'><strong>quia</strong></span> <span class='ocrx_word' id='word_1_335' title='bbox 3593 1648 3646 1715; x_wconf 89' lang='lat' dir='ltr'><strong>si</strong></span> 
     </span>
     <span class='ocr_line' id='line_1_59' title="bbox 2109 1763 3649 1849; baseline 0.001 -21"><span class='ocrx_word' id='word_1_336' title='bbox 2109 1763 2487 1849; x_wconf 88' lang='lat' dir='ltr'><strong>principalis</strong></span> <span class='ocrx_word' id='word_1_337' title='bbox 2535 1776 2710 1830; x_wconf 87' lang='lat' dir='ltr'><strong>esset</strong></span> <span class='ocrx_word' id='word_1_338' title='bbox 2757 1784 2951 1830; x_wconf 82' lang='lat' dir='ltr'><strong>causa</strong></span> <span class='ocrx_word' id='word_1_339' title='bbox 2991 1763 3292 1844; x_wconf 90' lang='lat' dir='ltr'><strong>univoca,</strong></span> <span class='ocrx_word' id='word_1_340' title='bbox 3336 1784 3467 1830; x_wconf 91' lang='lat' dir='ltr'><strong>non</strong></span> <span class='ocrx_word' id='word_1_341' title='bbox 3507 1765 3649 1830; x_wconf 87' lang='lat' dir='ltr'><strong>exi-</strong></span> 
     </span>
    </p>

    <p class='ocr_par' dir='ltr' id='par_1_21' title="bbox 2106 1882 3648 1970">
     <span class='ocr_line' id='line_1_60' title="bbox 2106 1882 3648 1970; baseline 0.001 -23"><span class='ocrx_word' id='word_1_342' title='bbox 2106 1893 2291 1968; x_wconf 85' lang='lat' dir='ltr'><strong>geret</strong></span> <span class='ocrx_word' id='word_1_343' title='bbox 2328 1882 2574 1970; x_wconf 89' lang='lat' dir='ltr'><strong>aliquid</strong></span> <span class='ocrx_word' id='word_1_344' title='bbox 2607 1882 2890 1949; x_wconf 89' lang='lat' dir='ltr'><strong>medium</strong></span> <span class='ocrx_word' id='word_1_345' title='bbox 2920 1903 3123 1970; x_wconf 89' lang='lat' dir='ltr'><strong>agens</strong></span> <span class='ocrx_word' id='word_1_346' title='bbox 3163 1883 3335 1949; x_wconf 87' lang='lat' dir='ltr'><strong>inter</strong></span> <span class='ocrx_word' id='word_1_347' title='bbox 3373 1882 3648 1950; x_wconf 85' lang='lat' dir='ltr'><strong>formam</strong></span> 
     </span>
    </p>

    <p class='ocr_par' dir='ltr' id='par_1_22' title="bbox 2106 1998 3646 2087">
     <span class='ocr_line' id='line_1_61' title="bbox 2106 1998 3646 2087; baseline 0.003 -24"><span class='ocrx_word' id='word_1_348' title='bbox 2106 2018 2294 2064; x_wconf 88' lang='lat' dir='ltr'><strong>suam</strong></span> <span class='ocrx_word' id='word_1_349' title='bbox 2354 2012 2418 2064; x_wconf 90' lang='lat' dir='ltr'><strong>et</strong></span> <span class='ocrx_word' id='word_1_350' title='bbox 2484 1998 2860 2077; x_wconf 85' lang='lat' dir='ltr'><strong>terminum,</strong></span> <span class='ocrx_word' id='word_1_351' title='bbox 2932 2000 2987 2066; x_wconf 90' lang='lat' dir='ltr'><strong>si</strong></span> <span class='ocrx_word' id='word_1_352' title='bbox 3030 2000 3368 2087; x_wconf 80' lang='lat' dir='ltr'><strong>aequivoca</strong></span> <span class='ocrx_word' id='word_1_353' title='bbox 3426 2020 3646 2079; x_wconf 90' lang='lat' dir='ltr'><strong>causa,</strong></span> 
     </span>
    </p>

    <p class='ocr_par' dir='ltr' id='par_1_23' title="bbox 2109 2114 3656 2319">
     <span class='ocr_line' id='line_1_62' title="bbox 2110 2114 3656 2204; baseline 0.002 -26"><span class='ocrx_word' id='word_1_354' title='bbox 2110 2114 2328 2181; x_wconf 90' lang='lat' dir='ltr'><strong>minus</strong></span> <span class='ocrx_word' id='word_1_355' title='bbox 2397 2114 2715 2203; x_wconf 88' lang='lat' dir='ltr'><strong>exigeret,</strong></span> <span class='ocrx_word' id='word_1_356' title='bbox 2789 2115 2940 2204; x_wconf 91' lang='lat' dir='ltr'><strong>quia</strong></span> <span class='ocrx_word' id='word_1_357' title='bbox 2980 2116 3123 2182; x_wconf 83' lang='lat' dir='ltr'><strong>haec</strong></span> <span class='ocrx_word' id='word_1_358' title='bbox 3168 2126 3268 2182; x_wconf 88' lang='lat' dir='ltr'><strong>est</strong></span> <span class='ocrx_word' id='word_1_359' title='bbox 3307 2114 3656 2202; x_wconf 89' lang='lat' dir='ltr'><strong>perfectior</strong></span> 
     </span>
     <span class='ocr_line' id='line_1_63' title="bbox 2109 2229 3652 2319; baseline 0.001 -24"><span class='ocrx_word' id='word_1_360' title='bbox 2109 2229 2411 2296; x_wconf 91' lang='lat' dir='ltr'><strong>univoca.</strong></span> <span class='ocrx_word' id='word_1_361' title='bbox 2447 2230 2631 2295; x_wconf 85' lang='lat' dir='ltr'><strong>Ratio</strong></span> <span class='ocrx_word' id='word_1_362' title='bbox 2664 2230 3004 2316; x_wconf 86' lang='lat' dir='ltr'><strong>utriusque</strong></span> <span class='ocrx_word' id='word_1_363' title='bbox 3033 2243 3156 2311; x_wconf 90' lang='lat' dir='ltr'><strong>est,</strong></span> <span class='ocrx_word' id='word_1_364' title='bbox 3192 2232 3342 2317; x_wconf 90' lang='lat' dir='ltr'><strong>quia</strong></span> <span class='ocrx_word' id='word_1_365' title='bbox 3374 2232 3652 2319; x_wconf 90' lang='lat' dir='ltr'><strong>attinge·</strong></span> 
     </span>
    </p>

    <p class='ocr_par' dir='ltr' id='par_1_24' title="bbox 2109 2345 4003 2896">
     <span class='ocr_line' id='line_1_64' title="bbox 2109 2345 3932 2434; baseline -0.002 -24"><span class='ocrx_word' id='word_1_366' title='bbox 2109 2366 2181 2411; x_wconf 85' lang='lat' dir='ltr'><strong>re</strong></span> <span class='ocrx_word' id='word_1_367' title='bbox 2250 2345 2621 2412; x_wconf 89' lang='lat' dir='ltr'><strong>immediate</strong></span> <span class='ocrx_word' id='word_1_368' title='bbox 2673 2346 2999 2426; x_wconf 88' lang='lat' dir='ltr'><strong>effectum,</strong></span> <span class='ocrx_word' id='word_1_369' title='bbox 3045 2368 3123 2412; x_wconf 87' lang='lat' dir='ltr'><strong>ex</strong></span> <span class='ocrx_word' id='word_1_370' title='bbox 3164 2367 3292 2434; x_wconf 89' lang='lat' dir='ltr'><strong>quo</strong></span> <span class='ocrx_word' id='word_1_371' title='bbox 3329 2347 3490 2413; x_wconf 90' lang='lat' dir='ltr'><strong>nihil</strong></span> <span class='ocrx_word' id='word_1_372' title='bbox 3532 2348 3651 2413; x_wconf 90' lang='lat' dir='ltr'><strong>im·</strong></span> <span class='ocrx_word' id='word_1_373' title='bbox 3748 2359 3932 2429; x_wconf 71' lang='lat' dir='ltr'><strong>ationis</strong></span> 
     </span>
     <span class='ocr_line' id='line_1_65' title="bbox 2111 2426 3967 2549; baseline 0.003 -22"><span class='ocrx_word' id='word_1_374' title='bbox 2111 2462 2531 2547; x_wconf 87' lang='lat' dir='ltr'><strong>perfectionis</strong></span> <span class='ocrx_word' id='word_1_375' title='bbox 2580 2462 2643 2527; x_wconf 93' lang='lat' dir='ltr'><strong>in</strong></span> <span class='ocrx_word' id='word_1_376' title='bbox 2679 2483 2938 2529; x_wconf 85' lang='lat' dir='ltr'><strong>causam</strong></span> <span class='ocrx_word' id='word_1_377' title='bbox 2983 2462 3320 2540; x_wconf 85' lang='lat' dir='ltr'><strong>redundat,</strong></span> <span class='ocrx_word' id='word_1_378' title='bbox 3367 2474 3465 2529; x_wconf 91' lang='lat' dir='ltr'><strong>est</strong></span> <span class='ocrx_word' id='word_1_379' title='bbox 3505 2483 3654 2549; x_wconf 89' lang='lat' dir='ltr'><strong>per-</strong></span> <span class='ocrx_word' id='word_1_380' title='bbox 3712 2426 3967 2532; x_wconf 50' lang='grc' dir='ltr'><strong>αὲέζὲῗῧὶῗ</strong></span> 
     </span>
     <span class='ocr_line' id='line_1_66' title="bbox 2111 2546 4003 2671; baseline 0.002 -32"><span class='ocrx_word' id='word_1_381' title='bbox 2111 2576 2435 2655; x_wconf 88' lang='lat' dir='ltr'><strong>fectionis,</strong></span> <span class='ocrx_word' id='word_1_382' title='bbox 2500 2577 2653 2663; x_wconf 90' lang='lat' dir='ltr'><strong>quia</strong></span> <span class='ocrx_word' id='word_1_383' title='bbox 2718 2576 2990 2642; x_wconf 86' lang='lat' dir='ltr'><strong>minoris</strong></span> <span class='ocrx_word' id='word_1_384' title='bbox 3054 2577 3529 2663; x_wconf 83' lang='lat' dir='ltr'><strong>dependentiae,</strong></span> <span class='ocrx_word' id='word_1_385' title='bbox 3592 2590 3653 2644; x_wconf 90' lang='lat' dir='ltr'><strong>et</strong></span> <span class='ocrx_word' id='word_1_386' title='bbox 3683 2546 4003 2671; x_wconf 51' lang='lat' dir='ltr'><strong>fflnssfflffissj</strong></span> 
     </span>
     <span class='ocr_line' id='line_1_67' title="bbox 2109 2678 3978 2797; baseline 0.001 -40"><span class='ocrx_word' id='word_1_387' title='bbox 2109 2705 2586 2778; x_wconf 89' lang='lat' dir='ltr'><strong>consequenter</strong></span> <span class='ocrx_word' id='word_1_388' title='bbox 2614 2692 2835 2778; x_wconf 90' lang='lat' dir='ltr'><strong>arguit</strong></span> <span class='ocrx_word' id='word_1_389' title='bbox 2867 2694 3177 2781; x_wconf 90' lang='lat' dir='ltr'><strong>majorem</strong></span> <span class='ocrx_word' id='word_1_390' title='bbox 3209 2694 3645 2760; x_wconf 77' lang='lat' dir='ltr'><strong>actualitatem</strong></span> <span class='ocrx_word' id='word_1_391' title='bbox 3683 2678 3978 2797; x_wconf 54' lang='lat' dir='ltr'><strong>quonigdot</strong></span> 
     </span>
     <span class='ocr_line' id='line_1_68' title="bbox 2109 2808 3650 2896; baseline 0.002 -23"><span class='ocrx_word' id='word_1_392' title='bbox 2109 2828 2192 2873; x_wconf 86' lang='lat' dir='ltr'><strong>ex</strong></span> <span class='ocrx_word' id='word_1_393' title='bbox 2242 2808 2604 2875; x_wconf 90' lang='lat' dir='ltr'><strong>remotione</strong></span> <span class='ocrx_word' id='word_1_394' title='bbox 2671 2809 2892 2887; x_wconf 89' lang='lat' dir='ltr'><strong>medii,</strong></span> <span class='ocrx_word' id='word_1_395' title='bbox 2938 2830 2972 2875; x_wconf 92' lang='lat' dir='ltr'><strong>a</strong></span> <span class='ocrx_word' id='word_1_396' title='bbox 3022 2831 3150 2896; x_wconf 91' lang='lat' dir='ltr'><strong>quo</strong></span> <span class='ocrx_word' id='word_1_397' title='bbox 3217 2810 3650 2896; x_wconf 88' lang='lat' dir='ltr'><strong>dependeret;</strong></span> 
     </span>
    </p>

    <p class='ocr_par' dir='ltr' id='par_1_25' title="bbox 2107 2924 3657 3224">
     <span class='ocr_line' id='line_1_69' title="bbox 2111 2924 3657 3011; baseline 0.001 -22"><span class='ocrx_word' id='word_1_398' title='bbox 2111 2924 2398 3011; x_wconf 89' lang='lat' dir='ltr'><strong>potentia</strong></span> <span class='ocrx_word' id='word_1_399' title='bbox 2427 2925 2711 2991; x_wconf 90' lang='lat' dir='ltr'><strong>creativa</strong></span> <span class='ocrx_word' id='word_1_400' title='bbox 2743 2937 2958 2991; x_wconf 89' lang='lat' dir='ltr'><strong>autem</strong></span> <span class='ocrx_word' id='word_1_401' title='bbox 2991 2936 3090 2990; x_wconf 89' lang='lat' dir='ltr'><strong>est</strong></span> <span class='ocrx_word' id='word_1_402' title='bbox 3118 2926 3559 2992; x_wconf 88' lang='lat' dir='ltr'><strong>actualissima</strong></span> <span class='ocrx_word' id='word_1_403' title='bbox 3591 2938 3657 2992; x_wconf 88' lang='lat' dir='ltr'><strong>et</strong></span> 
     </span>
     <span class='ocr_line' id='line_1_70' title="bbox 2110 3040 3655 3128; baseline 0.003 -23"><span class='ocrx_word' id='word_1_404' title='bbox 2110 3040 2607 3126; x_wconf 90' lang='lat' dir='ltr'><strong>perfectissima,</strong></span> <span class='ocrx_word' id='word_1_405' title='bbox 2661 3062 2819 3127; x_wconf 89' lang='lat' dir='ltr'><strong>ergo</strong></span> <span class='ocrx_word' id='word_1_406' title='bbox 2870 3052 3081 3128; x_wconf 89' lang='lat' dir='ltr'><strong>potest</strong></span> <span class='ocrx_word' id='word_1_407' title='bbox 3120 3042 3445 3128; x_wconf 82' lang='lat' dir='ltr'><strong>attingere</strong></span> <span class='ocrx_word' id='word_1_408' title='bbox 3499 3042 3655 3110; x_wconf 85' lang='lat' dir='ltr'><strong>effe-</strong></span> 
     </span>
     <span class='ocr_line' id='line_1_71' title="bbox 2107 3158 2731 3224; baseline -0.002 0"><span class='ocrx_word' id='word_1_409' title='bbox 2107 3169 2285 3224; x_wconf 91' lang='lat' dir='ltr'><strong>ctum</strong></span> <span class='ocrx_word' id='word_1_410' title='bbox 2328 3158 2731 3224; x_wconf 85' lang='lat' dir='ltr'><strong>immediate.</strong></span> 
     </span>
    </p>

    <p class='ocr_par' dir='ltr' id='par_1_26' title="bbox 2106 3274 3660 4526">
     <span class='ocr_line' id='line_1_72' title="bbox 2198 3274 3657 3362; baseline 0.002 -25"><span class='ocrx_word' id='word_1_411' title='bbox 2198 3274 2568 3340; x_wconf 91' lang='lat' dir='ltr'><strong>Secundum</strong></span> <span class='ocrx_word' id='word_1_412' title='bbox 2601 3274 2853 3360; x_wconf 87' lang='lat' dir='ltr'><strong>probat,</strong></span> <span class='ocrx_word' id='word_1_413' title='bbox 2890 3274 3043 3362; x_wconf 90' lang='lat' dir='ltr'><strong>quia</strong></span> <span class='ocrx_word' id='word_1_414' title='bbox 3075 3274 3399 3353; x_wconf 81' lang='lat' dir='ltr'><strong>accidenS,</strong></span> <span class='ocrx_word' id='word_1_415' title='bbox 3431 3283 3500 3342; x_wconf 90' lang='lat' dir='ltr'><strong>ut</strong></span> <span class='ocrx_word' id='word_1_416' title='bbox 3528 3275 3657 3340; x_wconf 86' lang='lat' dir='ltr'><strong>dis-</strong></span> 
     </span>
     <span class='ocr_line' id='line_1_73' title="bbox 2107 3392 3658 3480; baseline 0.003 -25"><span class='ocrx_word' id='word_1_417' title='bbox 2107 3392 2291 3474; x_wconf 88' lang='lat' dir='ltr'><strong>ponit</strong></span> <span class='ocrx_word' id='word_1_418' title='bbox 2331 3392 2580 3478; x_wconf 82' lang='lat' dir='ltr'><strong>praevie</strong></span> <span class='ocrx_word' id='word_1_419' title='bbox 2625 3392 2704 3458; x_wconf 89' lang='lat' dir='ltr'><strong>ad</strong></span> <span class='ocrx_word' id='word_1_420' title='bbox 2744 3392 3071 3473; x_wconf 80' lang='lat' dir='ltr'><strong>effectum,</strong></span> <span class='ocrx_word' id='word_1_421' title='bbox 3118 3393 3464 3480; x_wconf 85' lang='lat' dir='ltr'><strong>praeexigit</strong></span> <span class='ocrx_word' id='word_1_422' title='bbox 3521 3414 3658 3460; x_wconf 91' lang='lat' dir='ltr'><strong>ma-</strong></span> 
     </span>
     <span class='ocr_line' id='line_1_74' title="bbox 2109 3509 3655 3597; baseline 0 -21"><span class='ocrx_word' id='word_1_423' title='bbox 2109 3509 2366 3589; x_wconf 88' lang='lat' dir='ltr'><strong>teriam,</strong></span> <span class='ocrx_word' id='word_1_424' title='bbox 2410 3530 2560 3597; x_wconf 81' lang='lat' dir='ltr'><strong>quae</strong></span> <span class='ocrx_word' id='word_1_425' title='bbox 2602 3510 2710 3577; x_wconf 88' lang='lat' dir='ltr'><strong>hic</strong></span> <span class='ocrx_word' id='word_1_426' title='bbox 2742 3509 3140 3576; x_wconf 91' lang='lat' dir='ltr'><strong>intervenire</strong></span> <span class='ocrx_word' id='word_1_427' title='bbox 3173 3511 3399 3597; x_wconf 87' lang='lat' dir='ltr'><strong>nequit</strong></span> <span class='ocrx_word' id='word_1_428' title='bbox 3429 3511 3495 3576; x_wconf 92' lang='lat' dir='ltr'><strong>in</strong></span> <span class='ocrx_word' id='word_1_429' title='bbox 3525 3523 3655 3577; x_wconf 90' lang='lat' dir='ltr'><strong>ter-</strong></span> 
     </span>
     <span class='ocr_line' id='line_1_75' title="bbox 2107 3625 3657 3694; baseline 0.001 -3"><span class='ocrx_word' id='word_1_430' title='bbox 2107 3626 2285 3692; x_wconf 89' lang='lat' dir='ltr'><strong>mino</strong></span> <span class='ocrx_word' id='word_1_431' title='bbox 2324 3637 2389 3691; x_wconf 90' lang='lat' dir='ltr'><strong>et</strong></span> <span class='ocrx_word' id='word_1_432' title='bbox 2426 3627 2678 3692; x_wconf 90' lang='lat' dir='ltr'><strong>actione</strong></span> <span class='ocrx_word' id='word_1_433' title='bbox 2709 3626 3077 3692; x_wconf 85' lang='lat' dir='ltr'><strong>creationiS.</strong></span> <span class='ocrx_word' id='word_1_434' title='bbox 3132 3628 3206 3691; x_wconf 90' lang='lat' dir='ltr'><strong>ln</strong></span> <span class='ocrx_word' id='word_1_435' title='bbox 3254 3625 3657 3694; x_wconf 82' lang='lat' dir='ltr'><strong>confirmati-</strong></span> 
     </span>
     <span class='ocr_line' id='line_1_76' title="bbox 2107 3743 3660 3832; baseline 0.001 -22"><span class='ocrx_word' id='word_1_436' title='bbox 2107 3764 2298 3810; x_wconf 90' lang='lat' dir='ltr'><strong>onem</strong></span> <span class='ocrx_word' id='word_1_437' title='bbox 2335 3744 2534 3832; x_wconf 90' lang='lat' dir='ltr'><strong>hujus</strong></span> <span class='ocrx_word' id='word_1_438' title='bbox 2568 3743 2855 3822; x_wconf 89' lang='lat' dir='ltr'><strong>adducit,</strong></span> <span class='ocrx_word' id='word_1_439' title='bbox 2911 3744 3081 3831; x_wconf 92' lang='lat' dir='ltr'><strong>quod</strong></span> <span class='ocrx_word' id='word_1_440' title='bbox 3148 3745 3449 3811; x_wconf 89' lang='lat' dir='ltr'><strong>accidens</strong></span> <span class='ocrx_word' id='word_1_441' title='bbox 3491 3766 3660 3812; x_wconf 92' lang='lat' dir='ltr'><strong>nun-</strong></span> 
     </span>
     <span class='ocr_line' id='line_1_77' title="bbox 2108 3860 3654 3947; baseline 0 -21"><span class='ocrx_word' id='word_1_442' title='bbox 2108 3881 2304 3947; x_wconf 89' lang='lat' dir='ltr'><strong>quam</strong></span> <span class='ocrx_word' id='word_1_443' title='bbox 2363 3861 2646 3946; x_wconf 90' lang='lat' dir='ltr'><strong>attingat</strong></span> <span class='ocrx_word' id='word_1_444' title='bbox 2702 3860 3195 3946; x_wconf 89' lang='lat' dir='ltr'><strong>productionem</strong></span> <span class='ocrx_word' id='word_1_445' title='bbox 3265 3862 3654 3927; x_wconf 69' lang='lat' dir='ltr'><strong>substantiae</strong></span> 
     </span>
     <span class='ocr_line' id='line_1_78' title="bbox 2108 3975 3651 4064; baseline 0.001 -23"><span class='ocrx_word' id='word_1_446' title='bbox 2108 3976 2482 4056; x_wconf 88' lang='lat' dir='ltr'><strong>intrinsece,</strong></span> <span class='ocrx_word' id='word_1_447' title='bbox 2518 3975 2628 4041; x_wconf 89' lang='lat' dir='ltr'><strong>sed</strong></span> <span class='ocrx_word' id='word_1_448' title='bbox 2662 3976 2945 4063; x_wconf 88' lang='lat' dir='ltr'><strong>aliquam</strong></span> <span class='ocrx_word' id='word_1_449' title='bbox 2978 3978 3122 4064; x_wconf 90' lang='lat' dir='ltr'><strong>ejus</strong></span> <span class='ocrx_word' id='word_1_450' title='bbox 3156 3976 3651 4062; x_wconf 85' lang='lat' dir='ltr'><strong>dispositionem</strong></span> 
     </span>
     <span class='ocr_line' id='line_1_79' title="bbox 2109 4092 3654 4181; baseline 0.002 -24"><span class='ocrx_word' id='word_1_451' title='bbox 2109 4092 2424 4178; x_wconf 87' lang='lat' dir='ltr'><strong>praeviam</strong></span> <span class='ocrx_word' id='word_1_452' title='bbox 2479 4103 2542 4157; x_wconf 90' lang='lat' dir='ltr'><strong>et</strong></span> <span class='ocrx_word' id='word_1_453' title='bbox 2599 4092 3084 4170; x_wconf 85' lang='lat' dir='ltr'><strong>accidentalem,</strong></span> <span class='ocrx_word' id='word_1_454' title='bbox 3150 4092 3309 4160; x_wconf 90' lang='lat' dir='ltr'><strong>alias</strong></span> <span class='ocrx_word' id='word_1_455' title='bbox 3375 4092 3654 4181; x_wconf 88' lang='lat' dir='ltr'><strong>qualitas</strong></span> 
     </span>
     <span class='ocr_line' id='line_1_80' title="bbox 2107 4207 3659 4295; baseline 0 -20"><span class='ocrx_word' id='word_1_456' title='bbox 2107 4224 2284 4275; x_wconf 84' lang='lat' dir='ltr'><strong>esset</strong></span> <span class='ocrx_word' id='word_1_457' title='bbox 2353 4208 2747 4295; x_wconf 91' lang='lat' dir='ltr'><strong>principium</strong></span> <span class='ocrx_word' id='word_1_458' title='bbox 2808 4207 3179 4275; x_wconf 88' lang='lat' dir='ltr'><strong>immediate</strong></span> <span class='ocrx_word' id='word_1_459' title='bbox 3238 4209 3527 4278; x_wconf 91' lang='lat' dir='ltr'><strong>activum</strong></span> <span class='ocrx_word' id='word_1_460' title='bbox 3593 4210 3659 4275; x_wconf 91' lang='lat' dir='ltr'><strong>in</strong></span> 
     </span>
     <span class='ocr_line' id='line_1_81' title="bbox 2111 4323 3653 4409; baseline 0 -19"><span class='ocrx_word' id='word_1_461' title='bbox 2111 4325 2449 4390; x_wconf 89' lang='lat' dir='ltr'><strong>materiam</strong></span> <span class='ocrx_word' id='word_1_462' title='bbox 2485 4323 2787 4409; x_wconf 90' lang='lat' dir='ltr'><strong>primam,</strong></span> <span class='ocrx_word' id='word_1_463' title='bbox 2825 4324 2995 4409; x_wconf 90' lang='lat' dir='ltr'><strong>quod</strong></span> <span class='ocrx_word' id='word_1_464' title='bbox 3027 4335 3125 4390; x_wconf 90' lang='lat' dir='ltr'><strong>est</strong></span> <span class='ocrx_word' id='word_1_465' title='bbox 3157 4324 3653 4405; x_wconf 80' lang='lat' dir='ltr'><strong>inconvenienS,</strong></span> 
     </span>
     <span class='ocr_line' id='line_1_82' title="bbox 2106 4439 3561 4526; baseline -0.002 -18"><span class='ocrx_word' id='word_1_466' title='bbox 2106 4460 2255 4507; x_wconf 90' lang='lat' dir='ltr'><strong>cum</strong></span> <span class='ocrx_word' id='word_1_467' title='bbox 2288 4451 2568 4526; x_wconf 86' lang='lat' dir='ltr'><strong>nequeat</strong></span> <span class='ocrx_word' id='word_1_468' title='bbox 2607 4439 2833 4525; x_wconf 90' lang='lat' dir='ltr'><strong>recipi,</strong></span> <span class='ocrx_word' id='word_1_469' title='bbox 2891 4439 3017 4504; x_wconf 92' lang='lat' dir='ltr'><strong>nisi</strong></span> <span class='ocrx_word' id='word_1_470' title='bbox 3070 4439 3134 4504; x_wconf 91' lang='lat' dir='ltr'><strong>in</strong></span> <span class='ocrx_word' id='word_1_471' title='bbox 3174 4439 3561 4525; x_wconf 89' lang='lat' dir='ltr'><strong>composito.</strong></span> 
     </span>
    </p>

    <p class='ocr_par' dir='ltr' id='par_1_27' title="bbox 2109 4554 4009 5691">
     <span class='ocr_line' id='line_1_83' title="bbox 2200 4554 3657 4642; baseline 0.001 -22"><span class='ocrx_word' id='word_1_472' title='bbox 2200 4559 2353 4621; x_wconf 83' lang='lat' dir='ltr'><strong>llaec</strong></span> <span class='ocrx_word' id='word_1_473' title='bbox 2394 4554 2560 4621; x_wconf 89' lang='lat' dir='ltr'><strong>ratio</strong></span> <span class='ocrx_word' id='word_1_474' title='bbox 2600 4557 2911 4642; x_wconf 88' lang='lat' dir='ltr'><strong>supponit</strong></span> <span class='ocrx_word' id='word_1_475' title='bbox 2949 4556 3467 4621; x_wconf 88' lang='lat' dir='ltr'><strong>communiorem</strong></span> <span class='ocrx_word' id='word_1_476' title='bbox 3511 4556 3657 4642; x_wconf 91' lang='lat' dir='ltr'><strong>opi-</strong></span> 
     </span>
     <span class='ocr_line' id='line_1_84' title="bbox 2113 4670 3658 4758; baseline 0.001 -21"><span class='ocrx_word' id='word_1_477' title='bbox 2113 4674 2398 4750; x_wconf 88' lang='lat' dir='ltr'><strong>nionem,</strong></span> <span class='ocrx_word' id='word_1_478' title='bbox 2468 4693 2615 4758; x_wconf 81' lang='lat' dir='ltr'><strong>quae</strong></span> <span class='ocrx_word' id='word_1_479' title='bbox 2683 4670 2869 4737; x_wconf 91' lang='lat' dir='ltr'><strong>docet</strong></span> <span class='ocrx_word' id='word_1_480' title='bbox 2942 4671 3303 4738; x_wconf 89' lang='lat' dir='ltr'><strong>accidentia</strong></span> <span class='ocrx_word' id='word_1_481' title='bbox 3360 4672 3658 4739; x_wconf 87' lang='lat' dir='ltr'><strong>absoluta</strong></span> 
     </span>
     <span class='ocr_line' id='line_1_85' title="bbox 2112 4787 3659 4875; baseline 0 -22"><span class='ocrx_word' id='word_1_482' title='bbox 2112 4808 2240 4854; x_wconf 91' lang='lat' dir='ltr'><strong>non</strong></span> <span class='ocrx_word' id='word_1_483' title='bbox 2290 4787 2640 4875; x_wconf 87' lang='lat' dir='ltr'><strong>subjectari</strong></span> <span class='ocrx_word' id='word_1_484' title='bbox 2700 4787 2767 4852; x_wconf 90' lang='lat' dir='ltr'><strong>in</strong></span> <span class='ocrx_word' id='word_1_485' title='bbox 2827 4789 3097 4856; x_wconf 84' lang='lat' dir='ltr'><strong>materia</strong></span> <span class='ocrx_word' id='word_1_486' title='bbox 3139 4789 3368 4873; x_wconf 86' lang='lat' dir='ltr'><strong>prima,</strong></span> <span class='ocrx_word' id='word_1_487' title='bbox 3435 4788 3548 4855; x_wconf 87' lang='lat' dir='ltr'><strong>sed</strong></span> <span class='ocrx_word' id='word_1_488' title='bbox 3591 4787 3659 4853; x_wconf 92' lang='lat' dir='ltr'><strong>in</strong></span> 
     </span>
     <span class='ocr_line' id='line_1_86' title="bbox 2109 4877 3658 4988; baseline 0.001 -18"><span class='ocrx_word' id='word_1_489' title='bbox 2109 4877 2507 4988; x_wconf 77' lang='lat' dir='ltr'><strong>composit03</strong></span> <span class='ocrx_word' id='word_1_490' title='bbox 2553 4915 2617 4969; x_wconf 89' lang='lat' dir='ltr'><strong>et</strong></span> <span class='ocrx_word' id='word_1_491' title='bbox 2680 4902 2831 4968; x_wconf 88' lang='lat' dir='ltr'><strong>dato</strong></span> <span class='ocrx_word' id='word_1_492' title='bbox 2896 4903 3341 4984; x_wconf 89' lang='lat' dir='ltr'><strong>antecedente,</strong></span> <span class='ocrx_word' id='word_1_493' title='bbox 3423 4925 3658 4972; x_wconf 92' lang='lat' dir='ltr'><strong>conse-</strong></span> 
     </span>
     <span class='ocr_line' id='line_1_87' title="bbox 2112 5019 3663 5107; baseline 0.002 -22"><span class='ocrx_word' id='word_1_494' title='bbox 2112 5020 2375 5107; x_wconf 88' lang='lat' dir='ltr'><strong>quentia</strong></span> <span class='ocrx_word' id='word_1_495' title='bbox 2407 5032 2504 5085; x_wconf 92' lang='lat' dir='ltr'><strong>est</strong></span> <span class='ocrx_word' id='word_1_496' title='bbox 2545 5019 2734 5097; x_wconf 87' lang='lat' dir='ltr'><strong>bona,</strong></span> <span class='ocrx_word' id='word_1_497' title='bbox 2793 5032 3056 5106; x_wconf 89' lang='lat' dir='ltr'><strong>propter</strong></span> <span class='ocrx_word' id='word_1_498' title='bbox 3096 5020 3390 5087; x_wconf 89' lang='lat' dir='ltr'><strong>ordinem</strong></span> <span class='ocrx_word' id='word_1_499' title='bbox 3431 5043 3663 5090; x_wconf 87' lang='lat' dir='ltr'><strong>essen-</strong></span> 
     </span>
     <span class='ocr_line' id='line_1_88' title="bbox 2111 5136 3655 5222; baseline 0.002 -18"><span class='ocrx_word' id='word_1_500' title='bbox 2111 5139 2331 5204; x_wconf 88' lang='lat' dir='ltr'><strong>tialem</strong></span> <span class='ocrx_word' id='word_1_501' title='bbox 2365 5149 2428 5202; x_wconf 90' lang='lat' dir='ltr'><strong>et</strong></span> <span class='ocrx_word' id='word_1_502' title='bbox 2459 5136 2742 5201; x_wconf 90' lang='lat' dir='ltr'><strong>debitam</strong></span> <span class='ocrx_word' id='word_1_503' title='bbox 2802 5136 3132 5222; x_wconf 88' lang='lat' dir='ltr'><strong>sequelam</strong></span> <span class='ocrx_word' id='word_1_504' title='bbox 3198 5137 3366 5204; x_wconf 88' lang='lat' dir='ltr'><strong>inter</strong></span> <span class='ocrx_word' id='word_1_505' title='bbox 3414 5160 3560 5206; x_wconf 89' lang='lat' dir='ltr'><strong>esse</strong></span> <span class='ocrx_word' id='word_1_506' title='bbox 3590 5153 3655 5206; x_wconf 89' lang='lat' dir='ltr'><strong>et</strong></span> 
     </span>
     <span class='ocr_line' id='line_1_89' title="bbox 2115 5252 4009 5341; baseline 0.002 -22"><span class='ocrx_word' id='word_1_507' title='bbox 2115 5274 2311 5341; x_wconf 87' lang='lat' dir='ltr'><strong>agere</strong></span> <span class='ocrx_word' id='word_1_508' title='bbox 2351 5272 2430 5317; x_wconf 83' lang='lat' dir='ltr'><strong>ex</strong></span> <span class='ocrx_word' id='word_1_509' title='bbox 2475 5264 2655 5338; x_wconf 87' lang='lat' dir='ltr'><strong>parte</strong></span> <span class='ocrx_word' id='word_1_510' title='bbox 2723 5252 2992 5329; x_wconf 80' lang='lat' dir='ltr'><strong>formae;</strong></span> <span class='ocrx_word' id='word_1_511' title='bbox 3038 5253 3094 5318; x_wconf 90' lang='lat' dir='ltr'><strong>si</strong></span> <span class='ocrx_word' id='word_1_512' title='bbox 3139 5273 3297 5339; x_wconf 86' lang='lat' dir='ltr'><strong>ergo</strong></span> <span class='ocrx_word' id='word_1_513' title='bbox 3328 5254 3652 5338; x_wconf 90' lang='lat' dir='ltr'><strong>dependet</strong></span> <span class='ocrx_word' id='word_1_514' title='bbox 3687 5263 3852 5324; x_wconf 72' lang='lat' dir='ltr'><strong>Quare</strong></span> <span class='ocrx_word' id='word_1_515' title='bbox 3889 5275 4009 5334; x_wconf 35' lang='lat' dir='ltr'><strong>,nou</strong></span> 
     </span>
     <span class='ocr_line' id='line_1_90' title="bbox 2115 5330 3983 5458; baseline -0.001 -22"><span class='ocrx_word' id='word_1_516' title='bbox 2115 5370 2396 5458; x_wconf 89' lang='lat' dir='ltr'><strong>qualitas</strong></span> <span class='ocrx_word' id='word_1_517' title='bbox 2454 5391 2489 5435; x_wconf 87' lang='lat' dir='ltr'><strong>a</strong></span> <span class='ocrx_word' id='word_1_518' title='bbox 2550 5370 2939 5455; x_wconf 84' lang='lat' dir='ltr'><strong>compositO,</strong></span> <span class='ocrx_word' id='word_1_519' title='bbox 3000 5381 3306 5457; x_wconf 84' lang='lat' dir='ltr'><strong>tanquam</strong></span> <span class='ocrx_word' id='word_1_520' title='bbox 3362 5370 3657 5458; x_wconf 85' lang='lat' dir='ltr'><strong>subjecto</strong></span> <span class='ocrx_word' id='word_1_521' title='bbox 3748 5330 3983 5437; x_wconf 51' lang='grc' dir='ltr'><strong>αξίῗὲιεξοε</strong></span> 
     </span>
     <span class='ocr_line' id='line_1_91' title="bbox 2115 5465 3981 5583; baseline 0.006 -32"><span class='ocrx_word' id='word_1_522' title='bbox 2115 5487 2442 5574; x_wconf 82' lang='lat' dir='ltr'><strong>proximo,</strong></span> <span class='ocrx_word' id='word_1_523' title='bbox 2478 5485 2574 5552; x_wconf 90' lang='lat' dir='ltr'><strong>sic</strong></span> <span class='ocrx_word' id='word_1_524' title='bbox 2614 5486 2839 5572; x_wconf 90' lang='lat' dir='ltr'><strong>nequit</strong></span> <span class='ocrx_word' id='word_1_525' title='bbox 2877 5507 3073 5572; x_wconf 92' lang='lat' dir='ltr'><strong>agere</strong></span> <span class='ocrx_word' id='word_1_526' title='bbox 3104 5487 3167 5551; x_wconf 92' lang='lat' dir='ltr'><strong>in</strong></span> <span class='ocrx_word' id='word_1_527' title='bbox 3198 5487 3442 5573; x_wconf 90' lang='lat' dir='ltr'><strong>aliquid</strong></span> <span class='ocrx_word' id='word_1_528' title='bbox 3476 5487 3658 5574; x_wconf 84' lang='lat' dir='ltr'><strong>prius</strong></span> <span class='ocrx_word' id='word_1_529' title='bbox 3690 5465 3981 5583; x_wconf 58' lang='grc' dir='ltr'><strong>ῑωιῗιξῗιῖἓιο</strong></span> 
     </span>
     <span class='ocr_line' id='line_1_92' title="bbox 2114 5588 3869 5691; baseline 0 -21"><span class='ocrx_word' id='word_1_530' title='bbox 2114 5601 2500 5691; x_wconf 83' lang='lat' dir='ltr'><strong>compositO,</strong></span> <span class='ocrx_word' id='word_1_531' title='bbox 2555 5601 2769 5690; x_wconf 89' lang='lat' dir='ltr'><strong>qualis</strong></span> <span class='ocrx_word' id='word_1_532' title='bbox 2808 5613 2907 5668; x_wconf 93' lang='lat' dir='ltr'><strong>est</strong></span> <span class='ocrx_word' id='word_1_533' title='bbox 2948 5601 3215 5668; x_wconf 89' lang='lat' dir='ltr'><strong>materia</strong></span> <span class='ocrx_word' id='word_1_534' title='bbox 3280 5603 3513 5689; x_wconf 89' lang='lat' dir='ltr'><strong>prima.</strong></span> <span class='ocrx_word' id='word_1_535' title='bbox 3557 5605 3659 5670; x_wconf 90' lang='lat' dir='ltr'><strong>ln·</strong></span> <span class='ocrx_word' id='word_1_536' title='bbox 3813 5588 3869 5623; x_wconf 81' lang='lat'><strong>¹¹²</strong></span> 
     </span>
    </p>

    <p class='ocr_par' dir='ltr' id='par_1_28' title="bbox 3472 5718 3502 5769">
     <span class='ocr_line' id='line_1_93' title="bbox 3472 5718 3502 5769; baseline 0 0"><span class='ocrx_word' id='word_1_537' title='bbox 3472 5718 3502 5769; x_wconf 87' lang='lat'><strong>5</strong></span> 
     </span>
    </p>
   </div>
   <div class='ocr_carea' id='block_1_7' title="bbox 3705 2297 3983 2361">
    <p class='ocr_par' dir='ltr' id='par_1_29' title="bbox 3705 2297 3983 2361">
     <span class='ocr_line' id='line_1_94' title="bbox 3705 2297 3983 2361; baseline 0 -15"><span class='ocrx_word' id='word_1_538' title='bbox 3705 2297 3798 2346; x_wconf 82' lang='lat' dir='ltr'><strong>Est</strong></span> <span class='ocrx_word' id='word_1_539' title='bbox 3820 2298 3983 2361; x_wconf 82' lang='lat' dir='ltr'><strong>perfe-</strong></span> 
     </span>
    </p>
   </div>
   <div class='ocr_carea' id='block_1_8' title="bbox 3685 3705 4000 4068">
    <p class='ocr_par' dir='ltr' id='par_1_30' title="bbox 3685 3705 4000 4068">
     <span class='ocr_line' id='line_1_95' title="bbox 3713 3705 3969 3755; baseline -0.004 0"><span class='ocrx_word' id='word_1_540' title='bbox 3713 3705 3969 3755; x_wconf 77' lang='lat' dir='ltr'><strong>Accidens</strong></span> 
     </span>
     <span class='ocr_line' id='line_1_96' title="bbox 3806 3782 3907 3817; baseline -0.01 0"><span class='ocrx_word' id='word_1_541' title='bbox 3806 3782 3907 3817; x_wconf 91' lang='lat' dir='ltr'><strong>non</strong></span> 
     </span>
     <span class='ocr_line' id='line_1_97' title="bbox 3736 3829 3950 3895; baseline -0.009 -16"><span class='ocrx_word' id='word_1_542' title='bbox 3736 3829 3950 3895; x_wconf 76' lang='lat' dir='ltr'><strong>attingit</strong></span> 
     </span>
     <span class='ocr_line' id='line_1_98' title="bbox 3709 3892 3973 3957; baseline 0.008 -17"><span class='ocrx_word' id='word_1_543' title='bbox 3709 3892 3973 3957; x_wconf 81' lang='lat' dir='ltr'><strong>producti-</strong></span> 
     </span>
     <span class='ocr_line' id='line_1_99' title="bbox 3772 3968 3918 4005; baseline 0 -2"><span class='ocrx_word' id='word_1_544' title='bbox 3772 3968 3918 4005; x_wconf 89' lang='lat' dir='ltr'><strong>onem</strong></span> 
     </span>
     <span class='ocr_line' id='line_1_100' title="bbox 3685 4014 4000 4068; baseline 0.006 -2"><span class='ocrx_word' id='word_1_545' title='bbox 3685 4014 4000 4068; x_wconf 83' lang='lat' dir='ltr'><strong>substantiae.</strong></span> 
     </span>
    </p>
   </div>
  </div>
 </body>
</html>
