4287 6313
1632 416 1830 481 Dls'r.
1865 419 1910 480 1.
1958 417 2236 493 QUAEST
2241 418 2318 483 10
2379 419 2480 480 Vl.

121 586 442 702 lguniffltur
468 603 763 666 manens,
808 600 873 654 et
909 587 1182 676 dignum
1224 609 1440 677 poena,
1504 595 1569 652 et
1624 578 2011 667 intelligitur

173 668 415 765 inoff?
464 700 545 767 de
593 723 780 788 poena
847 725 1105 773 sensus.
1161 710 1250 772 De
1311 723 1502 791 poena
1532 712 1747 767 autem
1789 694 2009 764 damni

140 777 425 890 ‹ussffim
467 817 729 886 videtur
787 821 1000 908 magis
1068 821 1366 902 dubium,
1432 831 1496 885 et
1562 816 1883 905 dependet
1931 814 2011 881 ab

139 902 414 1016 dffiffi?
466 931 573 998 illa
630 934 1019 1021 quaestione,
1082 956 1162 1002 an
1217 936 1298 1002 de
1372 933 1660 1021 potentia
1713 931 2009 998 absoluta

118 1028 421 1140 Rffnff’
466 1059 685 1134 posset
713 1050 993 1117 conferri
1043 1051 1373 1119 beatitudo
1413 1048 1720 1117 existenti
1764 1048 1828 1113 in
1863 1068 2008 1134 pec-

120 1106 423 1267 eff&
461 1175 606 1232 cato
635 1166 972 1249 habituali,
1020 1168 1174 1257 quia
1205 1167 1286 1234 de
1328 1167 1564 1234 actuali
1616 1165 2010 1253 supponitur

140 1278 414 1394 „mitam-
464 1295 714 1349 certum
764 1304 934 1365 esse,
981 1284 1152 1372 quod
1195 1305 1347 1350 non.
1401 1287 1542 1349 Non
1587 1282 1845 1349 videtur
1895 1300 2009 1346 au·

466 1409 595 1464 tem
637 1420 851 1485 posse,
896 1400 1050 1489 quia
1081 1412 1293 1468 stante
1363 1412 1623 1487 peccato
1661 1397 2001 1479 habituali,

462 1523 593 1579 stat
631 1513 915 1601 dignitas
945 1515 1024 1583 ad
1057 1536 1343 1604 poenam,
1380 1536 1528 1603 quae
1569 1535 1696 1580 non
1745 1533 2008 1599 compa-

463 1629 625 1696 titur
660 1652 807 1698 cum
839 1632 1071 1721 gloria,
1125 1654 1274 1720 quoe
1321 1633 1610 1700 excludit
1649 1630 2005 1710 miseriam,

462 1767 678 1835 neque
708 1769 854 1815 cum
882 1750 1137 1837 Justitia
1187 1751 1321 1818 Dei.

223 1933 290 1984 ‘39
555 1864 739 1933 Dices
780 1887 908 1933 non
966 1888 1110 1934 esse
1158 1866 1635 1954 oppositionem
1667 1863 2008 1952 physicam

155 1965 394 2064 ubjeciio.
466 1977 639 2046 inter
686 1993 1019 2068 peccatum
1080 1983 1407 2050 habituale
1453 1994 1677 2048 contra
1725 1979 2009 2068 aliquam

336 2129 349 2141 ·
464 2094 923 2162 rectitudinem
961 2097 1269 2164 moralem
1301 2109 1364 2164 et
1396 2097 1779 2177 naturalem,
1817 2107 2011 2182 atque

461 2211 788 2278 visionem
840 2223 904 2278 et
958 2213 1330 2280 fruitionem
1388 2211 1782 2289 beatificam3
1853 2231 2011 2298 ergo

460 2350 594 2396 non
643 2330 897 2397 excedit
963 2350 1155 2398 casus
1221 2330 1576 2418 potentiam
1656 2328 2005 2412 infinitam,

459 2444 541 2510 ad
583 2447 772 2534 cujus
801 2446 1245 2513 ostensionem
1288 2457 1509 2533 posset
1536 2445 1692 2513 dare
1730 2444 2006 2533 gloriam

459 2560 598 2640 isti,
632 2575 929 2628 cessante
960 2562 1139 2628 omni
1196 2561 1441 2627 motivo
1465 2560 1746 2649 justitiae
1786 2572 1850 2626 et
1878 2559 2009 2625 mi·

459 2676 866 2743 sericordiae.

554 2791 1027 2881 Respondetur,
1102 2797 1303 2860 Deum
1365 2813 1493 2859 non
1554 2814 1745 2881 posse
1798 2793 2009 2860 facere

453 2912 682 2968 contra
715 2901 1007 2968 ordinem
1036 2901 1314 2988 Justitiae
1336 2926 1356 2983 ‚·
1393 2913 1615 2967 contra
1648 2913 1863 2967 autem
1905 2921 2008 2966 or-

451 3017 675 3083 dinem
701 3017 980 3105 justitiae
1012 3029 1208 3100 esset,
1243 3017 1499 3084 salvare
1530 3030 1896 3084 manentem
1940 3016 2007 3083 in

450 3144 744 3220 peccam,
808 3144 873 3201 et
913 3133 1251 3201 inimicum
1314 3132 1453 3201 lieri
1530 3133 1812 3201 amicum
1876 3153 2008 3200 nia-

452 3261 723 3317 nentem
805 3250 871 3316 in
948 3250 1196 3317 offensa
1275 3261 1338 3316 et
1424 3250 1805 3327 inimicitia;
1890 3251 2015 3318 hoc

450 3367 633 3433 enim
666 3378 765 3434 est
794 3377 1020 3433 contra
1063 3365 1420 3433 bonitatem
1453 3377 1514 3432 et
1548 3366 2007 3433 rectitudinem

448 3483 702 3551 divinae
751 3482 1056 3571 justitiae,
1121 3493 1185 3580 et
1248 3483 1443 3548 etiam
1507 3482 2002 3552 misericordias.

449 3602 563 3667 Sic
591 3600 786 3667 etiam
831 3603 1000 3666 Deus
1043 3620 1172 3665 non
1208 3611 1419 3685 potest
1453 3599 1737 3678 mentiri,
1779 3620 2009 3688 quam·

450 3717 558 3784 vis
602 3715 849 3782 homini
884 3736 1011 3783 non
1052 3726 1371 3803 repugnet
1419 3714 1848 3797 mendacium,
1896 3736 2012 3782 ne-

447 3854 580 3921 que
618 3843 830 3918 potest
868 3851 1136 3898 causare
1177 3841 1538 3918 peccatum,
1587 3831 1738 3918 quia
1777 3832 2011 3919 nequit

447 3970 651 4037 agere
709 3946 1189 4015 defectibiliter.
1282 3947 1456 4014 Licet
1539 3967 1697 4034 ergo
1788 3958 2010 4034 posset

448 4066 709 4133 salvare
749 4076 1151 4152 peccatorem
1192 4063 1466 4131 dimisso
1515 4063 1659 4150 ejus
1711 4078 2002 4150 peccam,

452 4204 585 4249 non
629 4194 837 4269 potest
866 4202 1016 4250 eum
1049 4180 1303 4247 salvare
1352 4193 1655 4249 manente
1713 4193 1997 4269 peccato,

452 4301 609 4388 quia
657 4300 751 4366 sic
781 4299 1143 4365 inordinate
1192 4310 1417 4385 ageret
1454 4310 1680 4365 contra
1731 4298 2004 4365 attribu-

454 4430 597 4484 tum
622 4416 922 4504 justitiae.

542 4536 778 4609 Quarta
829 4533 1015 4613 ratio,
1070 4552 1198 4599 non
1260 4553 1453 4619 posse
1496 4531 1737 4598 remitti
1781 4553 2005 4619 pecca·

450 4658 621 4725 tum,
658 4647 782 4713 nisi
825 4646 973 4735 quis
1022 4645 1479 4713 reconcilietur
1519 4649 1672 4724 Deo,
1723 4645 1837 4712 sed
1891 4667 2007 4733 per

450 4762 658 4829 solam
690 4762 967 4849 gratiam
1010 4760 1148 4828 fieri
1184 4772 1396 4849 potest
1444 4760 1592 4827 talis
1629 4761 2005 4852 reconcilia·

453 4877 581 4955 tio;
634 4898 823 4962 ergo.
884 4876 1361 4964 Respondetur,
1414 4877 1584 4943 hanc
1631 4876 2006 4943 reconcilia-

451 4993 700 5059 tionem
732 4993 949 5060 dicere
964 4982 1434 5060 'remissionem
1478 4993 1720 5080 peccati
1754 5003 2006 5058 tantum

452 5122 517 5176 et
546 5108 986 5176 sublationem
1019 5108 1313 5188 offensae,
1360 5121 1424 5175 et
1454 5119 1662 5175 totum
1703 5108 1827 5174 hoc
1855 5128 2006 5174 con·

454 5226 739 5313 tingeret
806 5246 922 5312 per
979 5224 1303 5311 justitiam
1370 5225 1800 5312 originalem,
1877 5243 2005 5290 non

155 5307 400 5360 Remissio
456 5354 471 5366 .
812 5351 825 5363 .

116 5377 316 5436 paee-u,
372 5379 427 5422 et
454 5352 608 5420 inde
639 5365 940 5439 sequitur
970 5349 1142 5438 quod
1176 5350 1371 5416 homo
1410 5362 1584 5416 esset
1632 5360 2005 5436 acceptatus

116 5451 172 5546 :d
207 5442 424 5564 331³ss
450 5477 530 5545 ad
573 5477 804 5560 vitam,
839 5475 1165 5563 loquendo
1215 5474 1293 5541 de
1344 5474 1629 5560 potentia
1679 5473 2001 5543 absoluta.

151 5563 429 5676 «xiiia-aee
454 5605 682 5676 Potuit
720 5605 900 5677 enim
936 5606 1105 5672 Deus
1145 5600 1487 5672 ordinasse
1527 5599 1861 5670 hominem
1902 5621 2004 5668 so-

152 2801 390 2856 Solvitur.

178 4594 370 4665 Quam

201 4664 331 4708 nno
342 4697 356 4709 .

150 4716 388 4771 Solvitur.

3560 415 3676 479 219

2123 577 2259 644 lum
2331 579 2395 645 in
2434 577 2836 646 beatitudine
2897 578 3171 646 naturali
3233 577 3298 645 in
3341 579 3469 658 via,
3515 600 3664 667 quae

2122 709 2296 763 esset
2344 697 2700 764 secundum
2727 697 3052 787 justitiam
3086 697 3497 784 originalem,
3540 719 3667 764 non

2122 812 2438 879 elevando
2479 815 2692 902 ipsum
2725 814 2803 881 ad
2837 815 3034 882 finem
3071 814 3664 902 supernaturalem,

2121 930 2423 998 ordinare
2461 931 2658 999 etiam
2710 933 2944 1014 media,
2995 934 3236 1020 quibus
3280 933 3387 999 illa
3415 931 3674 1022 justitia

2116 1044 2358 1114 amissa
2419 1047 2701 1133 reparari
2754 1050 2961 1135 possit
3037 1069 3152 1134 per
3222 1049 3670 1137 poenitentiam

2120 1174 2230 1228 aut
2259 1162 2433 1228 aliud
2474 1164 2859 1233 remedium.
2898 1167 2967 1231 In
3002 1186 3078 1231 eo
3107 1186 3262 1234 casu
3306 1177 3526 1253 posset
3573 1188 3672 1232 re-

2118 1279 2449 1346 conciliari
2485 1280 2681 1347 humo
2713 1285 2842 1348 Deo
2874 1302 2988 1369 per
3028 1283 3407 1349 missionem
3444 1303 3670 1371 pecca-

2119 1396 2191 1476 ti,
2228 1396 2371 1463 sine
2409 1417 2485 1463 eo
2534 1397 2703 1485 quod
2736 1409 3218 1485 accceptaretur
3247 1400 3326 1466 ad
3358 1399 3664 1488 gloriam.

2166 1510 2278 1578 Illa
2305 1512 2504 1579 verba
2536 1515 2680 1601 ejus
2712 1537 2725 1580 ε
2768 1536 2912 1600 pam
2951 1527 3012 1581 ec
3039 1517 3498 1582 reconciliacio
3528 1538 3664 1583 non
3806 1538 3892 1590 ιο,

3814 610 3932 656 sunt

3699 668 3847 736 conju
3855 674 3972 720 ncta
3983 710 3996 723 .

2120 1630 2353 1697 dicunt
2382 1631 2597 1711 aliud,
2635 1654 2833 1719 quam
2871 1634 3075 1698 Deum
3112 1655 3240 1700 non
3307 1636 3474 1700 velle
3513 1637 3663 1701 vin-
3726 1600 3992 1713 Exilii-'⁸¹²'

2116 1746 2353 1813 dicare
2394 1758 2735 1832 peccalum
2796 1748 2994 1828 illud,
3056 1761 3178 1816 etc.
3243 1750 3543 1837 Intellige
3587 1751 3668 1819 de
3731 1724 3977 1840 ⁹253?

2123 1863 2459 1945 nolitione,
2523 1886 2672 1954 quae
2732 1865 3005 1944 includit
3072 1867 3528 1933 remissionem
3606 1881 3670 1935 et

2120 1980 2508 2048 deletionem
2569 1981 2868 2070 *peccati3
2943 1984 3050 2049 hic
3136 1983 3312 2049 enim
3382 1985 3520 2071 agit
3585 1986 3666 2052 de

2123 2097 2508 2165 remissione
2556 2099 2799 2184 peccati
2847 2099 3189 2187 originalis
3243 2121 3359 2187 per
3406 2101 3667 2168 restitu-

2119 2212 2364 2281 tionem
2392 2214 2672 2302 justitiae
2702 2212 3041 2301 originalis
3081 2216 3424 2301 oppositae,
3469 2227 3532 2282 et
3568 2216 3664 2283 sic

2122 2348 2252 2395 non
2309 2337 2673 2395 remaneret
2713 2339 3072 2413 peccatum.
3125 2332 3215 2394 De
3262 2328 3387 2395 alia
3453 2340 3668 2395 autem

2121 2446 2534 2525 remissione,
2587 2445 2836 2533 absque
2863 2445 3206 2514 collatione
3246 2447 3523 2537 aliquus
3553 2470 3670 2535 po-

2120 2563 2300 2631 sitivi
2346 2566 2771 2652 repugnantis
2843 2575 3104 2653 peccato
3157 2585 3272 2650 per
3312 2565 3514 2632 solam
3556 2586 3668 2631 ex-

2119 2683 2467 2747 trinsecam
2516 2681 3058 2747 condonationem
3091 2681 3228 2769 agit
3260 2681 3325 2747 in
3356 2680 3656 2770 sequenti

2122 2796 2451 2883 §Crebro
2561 2806 2568 2813 '

2206 2914 2302 3005 (h)
2334 2915 2467 2981 Sed
2524 2914 2742 2981 adhuc
2796 2926 3002 2982 restat
3034 2915 3335 2986 dubium.
3379 2925 3501 2980 etc.
3546 2917 3664 2981 Hic
3747 2981 3791 3030 A
3971 2980 3981 2990 ,

2120 3030 2356 3115 quaerit
2389 3029 2751 3096 incidenter
2787 3049 2867 3096 an
2902 3029 3102 3116 possit
3138 3030 3378 3095 remitti
3439 3029 3518 3095 de
3552 3050 3661 3116 po·
3692 2996 3833 3094 sineln
3851 2986 4009 3095 Eiiii'ss

2121 3147 2323 3215 tentia
2381 3146 2676 3215 absoluta
2732 3159 3064 3233 peccatum
3141 3146 3461 3234 originale
3520 3145 3663 3213 sine
3726 3108 3978 3222 ¹2g¹1ii³¹iiii⁹

2123 3263 2452 3331 infusione
2498 3263 2774 3352 alicujus
2826 3263 3052 3329 formae
3109 3263 3413 3350 positivae
3473 3283 3660 3351 repu·
3687 3227 4010 3348 Kffifffflffig

2120 3380 2386 3467 gnantis
2417 3380 2538 3467 ipsi
2579 3381 2646 3447 in
2686 3378 2938 3446 anima?
2970 3379 3262 3446 Resolvit
3300 3392 3514 3447 autem
3569 3391 3663 3446 te·

2122 3498 2336 3565 nendo
2368 3509 2614 3584 partem
2647 3497 3134 3576 affirmativam,
3188 3519 3304 3585 per
3336 3497 3459 3563 hoc
3488 3494 3664 3587 quod

2122 3618 2293 3683 Deus
2335 3614 2516 3681 tollat
2563 3615 2852 3683 debitum
2891 3615 3170 3704 justitiae
3201 3614 3542 3701 originalis
3582 3613 3664 3679 ab

2122 3731 2340 3819 aliquo
2425 3730 2625 3799 deleri
2711 3742 3049 3818 peccatum
3108 3729 3454 3818 originale,
3509 3730 3661 3818 qnia

2122 3847 2369 3914 scilicet
2398 3847 2682 3914 tollendo
2738 3845 3056 3925 debitum,
3109 3845 3349 3912 desinit
3401 3846 3664 3934 negatio

2123 3965 2349 4032 formae
2382 3986 2526 4031 esse
2566 3964 2870 4052 privatio,
2925 3965 3066 4031 sine
3099 3965 3457 4032 mutat-ione
3492 3965 3663 4053 posi·

2121 4082 2279 4149 tiva.

2209 4197 2514 4265 Concedit
2544 4210 2857 4284 praeterea
2891 4211 3023 4265 tres
3084 4197 3478 4265 mutationes
3521 4197 3661 4264 lieri
3789 4257 3919 4307 'ri-es

2116 4314 2182 4380 in
2216 4313 2728 4403 justificatione;
2797 4336 2990 4382 unam
3052 4314 3473 4402 privativam,
3549 4335 3664 4400 per
3700 4319 4013 4431 mutatiques

2115 4429 2658 4497 condonationem
2713 4431 2961 4518 culpae;
3017 4430 3233 4513 aliam,
3288 4451 3415 4519 qua
3458 4429 3528 4496 fit
3567 4430 3662 4496 di·
3693 4395 3748 4430 m
3768 4386 4012 4496 iiiiii„ca

2114 4565 2288 4632 gnus
2339 4548 2471 4613 vita
2521 4558 2805 4626 aetcrna;
2864 4545 3146 4624 tertiam,
3210 4567 3336 4635 qua
3390 4547 3500 4613 fiat
3552 4568 3662 4634 po-

2116 4675 2263 4730 tens
2319 4664 2588 4742 mereri;
2653 4665 2770 4730 has
2830 4663 2992 4730 duas
3042 4684 3185 4730 esse
3226 4663 3565 4750 positivas,
3602 4678 3667 4732 et

2112 4779 2474 4846 secundum
2508 4780 2628 4845 has
2662 4779 3121 4866 intelligendas
3153 4799 3299 4846 esse
3346 4781 3658 4861 rationeS,

2050 4953 2055 4958 .
2118 4896 2360 4984 quibus
2409 4896 2751 4984 impugnat
2809 4895 3210 4982 opinionem,
3275 4898 3660 4986 quaeimpo-

2119 5013 2297 5078 nitur
2327 4995 2635 5098 Magis’tro
2687 5013 2759 5078 in
2820 5016 2880 5077 1.
2947 5011 3102 5078 disc.
3156 5017 3257 5080 17.
3305 5025 3529 5100 qttaesc.
3597 5019 3661 5081 2.

2114 5139 2245 5194 art.
2292 5132 2354 5195 3.
2439 5132 2528 5194 De
2578 5128 2696 5194 hac
2754 5128 3118 5215 quaestione
3168 5128 3381 5195 fusius
3438 5142 3671 5218 agetur

2113 5244 2283 5310 infra
2314 5243 2394 5310 de
2427 5243 2815 5311 remissione
2851 5244 3098 5330 peccati
3131 5245 3403 5314 actualis
3447 5259 3510 5312 et
3552 5247 3666 5313 ha-

2121 5359 2407 5440 bitualiS,
2444 5360 2588 5427 ideo
2629 5360 2735 5427 hic
2766 5381 2893 5426 non
2928 5362 3384 5449 protrahemus
3442 5362 3683 5450 dispu-·

2120 5477 2463 5545 tationem.

2210 5603 2333 5670 Sed
2367 5603 2578 5700 quoad
2619 5603 2900 5694 primum
2949 5606 3209 5682 modum
3254 5605 3665 5681 remissionis
