4287 6313
619 394 739 460 318

616 561 682 626 in
724 561 963 644 littera,
1007 563 1380 629 innomine
1423 561 1649 626 Patris
1682 558 1984 646 majoris,
2030 569 2156 623 ete.

613 680 732 744 Hie
787 678 1047 746 additur
1120 676 1439 764 particula
1480 695 1862 762 repugnans
1929 674 2163 740 unitati

614 813 1042 878 personarum
1075 794 1141 860 in
1171 793 1457 860 essentia
1514 805 1579 859 et
1627 803 1946 878 potestate
2005 812 2020 868 3
2063 788 2162 855 di·

613 908 822 976 minui
864 923 1078 998 potest
1135 908 1603 997 praeponendO,
1684 903 2163 995 disjungendO,

617 1024 1089 1112 interponendo
1165 1025 1458 1113 aliquid;
1499 1025 1711 1112 primo
1780 1024 1974 1090 modo
2029 1045 2046 1089 2
2106 1021 2170 1086 si

614 1161 731 1226 eqo
758 1162 904 1209 sum
925 1144 1361 1229 omnipotens,
1410 1152 1470 1206 te
1499 1142 1787 1227 bapciw,
1836 1151 1961 1206 ete.
2015 1136 2171 1224 quia

617 1269 716 1322 est
744 1257 1032 1324 conditio
1066 1278 1194 1323 non
1226 1257 1597 1324 subsistens
1625 1280 1641 1335 ;
1694 1252 2168 1342 disjungend0‚

623 1385 693 1439 ut
721 1350 776 1440 si
816 1373 1108 1441 dicatur:
1155 1375 1297 1461 Eyo
1337 1386 1396 1440 te
1428 1374 1717 1461 baptizO,
1770 1373 1874 1439 vel
1913 1371 2175 1452 intersi-

621 1493 724 1558 cio
756 1495 828 1559 in
869 1496 1140 1560 nomine
1177 1495 1426 1574 Patri-3,
1463 1505 1590 1560 etc.
1626 1491 1781 1579 quia
1819 1486 2174 1576 disjuncti·

619 1631 703 1678 va
734 1631 862 1676 non
897 1611 1077 1697 ponit
1105 1609 1537 1677 determinate
1576 1610 1847 1675 alteram
1883 1617 2161 1692 partem,

621 1748 738 1795 seu
810 1727 1215 1813 disjunctum
1300 1725 1809 1792 determinatum
1867 1746 1881 1801 ;
1959 1722 2171 1788 forma

621 1855 838 1909 autem
880 1841 1279 1908 Sacramenti
1310 1861 1393 1907 ex
1431 1842 1652 1929 rigore
1681 1841 2033 1906 verborum
2057 1836 2175 1902 de-

624 1958 967 2024 terminate
1014 1953 1369 2044 signifieat.
1407 1957 1571 2023 Hinc
1609 1955 1909 2043 sequitur
1941 1954 1996 2019 si
2045 1952 2160 2020 ali-

627 2073 774 2161 quis
806 2073 1084 2159 baptizet
1119 2095 1132 2138 ε
1169 2074 1246 2139 In
1276 2074 1544 2139 nomine
1576 2073 1827 2150 Patris,
1874 2081 1936 2136 ec
1978 2069 2171 2149 Filii,

626 2199 686 2253 et
718 2189 1016 2274 Spiritus
1045 2189 1282 2267 sancti,
1324 2199 1384 2253 ec
1409 2189 1631 2253 Beacoe
1675 2186 1995 2273 Virqinis,
2040 2203 2171 2249 non

629 2324 776 2370 esse
806 2304 1096 2372 validum
1151 2303 1582 2390 Baptismum,
1621 2303 1770 2389 quia
1812 2302 1892 2368 de
1958 2301 2182 2386 rigore

629 2420 955 2487 sermonis
1034 2420 1355 2506 particula
1437 2420 1514 2485 in
1579 2420 1872 2497 nomine,
1948 2415 2178 2483 eodem

634 2537 824 2604 modo
889 2538 1169 2604 refertur
1231 2536 1311 2603 ad
1354 2555 1688 2622 personaS,
1761 2546 1825 2601 et
1880 2533 1959 2601 ad
2037 2536 2179 2599 Vir-

632 2653 881 2740 ginem.
956 2650 1175 2738 Aliqui
1228 2672 1355 2718 non
1421 2650 1732 2717 videntur
1795 2661 2186 2716 reetetene-

635 2780 707 2827 re
763 2759 1189 2837 eontrarium,
1235 2759 1388 2846 quia
1457 2780 1665 2846 neque
1715 2758 1894 2846 rigor
1937 2777 2185 2824 sermo-

637 2870 741 2937 nis
771 2869 852 2936 ab
895 2867 1261 2935 intentione
1300 2867 1551 2953 privata
1615 2868 2008 2955 proferentis
2075 2865 2187 2931 de-

638 2986 897 3073 pendet,
932 2984 1046 3052 sed
1087 3005 1169 3050 ex
1201 2983 1614 3051 institutione
1659 2983 1941 3070 publiea,
2027 2981 2189 3047 alias

643 3104 867 3174 Ariani
897 3102 1309 3171 intendentes
1339 3122 1532 3170 suum
1562 3122 1849 3169 errorem
1891 3122 2006 3189 per
2064 3102 2189 3167 for·

641 3243 817 3287 mam
862 3241 989 3289 non
1033 3231 1209 3286 reete
1264 3219 1690 3306 baptizarent,
1735 3219 1791 3287 si
1826 3219 2033 3286 forma
2071 3220 2189 3287 de·

641 3337 1167 3405 terminationem
1229 3336 1293 3401 in
1353 3333 1785 3421 significando
1871 3334 2192 3423 reciperet

642 3455 723 3521 ab
763 3452 1125 3520 intentione
1192 3451 1610 3537 proferentis,
1674 3472 1749 3517 ac
1790 3452 2062 3539 proinde
2122 3454 2186 3519 in

645 3569 858 3660 forma·
902 3568 1006 3634 illa
1054 3588 1138 3634 ex
1168 3566 1530 3633 intentione
1579 3565 1991 3653 proferentiS,
2061 3588 2190 3633 non

642 3684 922 3751 refertur
989 3681 1312 3771 particula
1381 3683 1454 3748 iri
1535 3682 1807 3748 nomine
1836 3681 1915 3747 ad
1973 3681 2193 3769 Virgi-

646 3821 819 3880 nem,
882 3800 1069 3867 aliter
1125 3799 1206 3866 de
1269 3799 1489 3886 rigore
1563 3798 1911 3880 sermonis,
1996 3820 2191 3886 quam

1846 392 1986 458 ΗΒ.
2021 392 2119 456 lV.
2155 391 2763 460 SENTENTIARUM

2280 558 2421 642 ejus
2471 557 2784 624 orationis
2832 555 2912 624 ad
2978 578 3246 625 sensum
3304 558 3616 640 alienum,
3707 578 3825 625 seu

2279 671 2647 752 diversum;
2722 686 2932 760 potest
3007 687 3226 741 tamen
3277 695 3424 745 esse
3496 687 3697 755 tanta,
3761 689 3830 743 ut

2281 788 2462 854 tollat
2527 790 2990 858 cohaerentiam
3075 793 3357 879 partium
3431 793 3835 861 discontinu-

2282 905 2451 970 ando
2490 927 2600 972 eas
2662 908 2741 973 ab
2802 907 3110 987 invicem,
3167 923 3237 976 ut
3284 923 3596 976 consueto
3644 909 3834 977 modo

2282 1020 2589 1109 loquendi
2658 1043 2788 1089 non
2864 1024 3102 1090 faciant
3177 1045 3372 1093 unam
3442 1026 3832 1103 orationem,

2285 1148 2357 1203 ut
2396 1136 2452 1202 si
2502 1137 2650 1223 quis
2690 1137 2861 1205 dieat
2896 1160 2910 1204 :
2945 1141 3087 1226 Eyo
3135 1141 3402 1227 baptizo
3442 1152 3521 1222 le,
3570 1152 3633 1208 et
3688 1144 3840 1209 sub-

2278 1252 2519 1339 jungat
2588 1253 3062 1341 interponendo
3118 1258 3480 1326 orationem
3550 1259 3879 1326 Domini--

2284 1386 2428 1433 cam
2464 1381 2527 1434 et
2570 1369 2806 1448 CredO,
2855 1383 3203 1458 antequam
3254 1373 3550 1459 proferat
3587 1374 3840 1461 reliqua

2285 1483 2538 1551 formae.
2602 1485 2668 1551 Si
2721 1507 2875 1553 vero
2907 1486 3315 1574 interpositio
3368 1490 3454 1557 sit
3513 1490 3686 1568 talis,
3770 1503 3841 1556 ut

2285 1616 2598 1667 consueto
2656 1602 2849 1668 modo
2906 1603 3213 1690 loquendi
3283 1625 3411 1671 non
3475 1605 3828 1672 interrum-

2289 1729 2399 1804 pat
2473 1718 2846 1787 notabiliter
2912 1720 3215 1802 formam,
3299 1743 3429 1787 non
3486 1722 3714 1807 officit,
3768 1736 3840 1791 ut

2289 1832 2345 1899 si
2415 1832 2625 1902 dicat:
2687 1836 2831 1922 qu
2897 1837 3160 1922 baptizo
3209 1847 3269 1904 te
3335 1840 3504 1925 (tace
3580 1852 3666 1917 te,
3733 1842 3837 1907 vel

2289 1951 2585 2037 expecta)
2644 1954 2717 2017 in
2758 1954 3025 2019 nomine
3057 1955 3304 2033 Patris,
3350 1966 3411 2021 et
3440 1956 3644 2036 Filii,
3693 1970 3823 2023 etc.

2379 2065 2749 2133 Subtractio
2815 2067 3162 2154 contingit,
3238 2069 3343 2135 vel
3435 2070 3838 2139 detrahendo
3868 2094 4181 2147 subu-acuo.

2292 2180 2552 2269 aliquod
2613 2183 2912 2262 verbum,
2975 2184 3148 2273 quod
3211 2206 3340 2251 non
3407 2199 3506 2255 est
3563 2186 3645 2254 de
3682 2190 3837 2255 sub-

2292 2299 2530 2366 stantia
2587 2299 2839 2379 formae,
2909 2314 2974 2368 et
3030 2301 3156 2369 hoe
3222 2323 3352 2369 non
3417 2302 3648 2381 officit,
3733 2307 3837 2372 vel

2296 2414 2556 2503 aliquod
2615 2418 3070 2500 substantiale,
3123 2432 3188 2487 et
3237 2420 3333 2487 sie
3407 2420 3567 2487 nihil
3602 2420 3696 2488 fit.
3776 2423 3842 2490 Si

2297 2543 2516 2599 autem
2604 2554 2718 2619 per
2800 2555 3134 2622 syncopen
3164 2536 3544 2604 detrahatur
3583 2537 3834 2625 syllaba

2298 2668 2429 2715 non
2494 2647 2719 2730 officit,
2782 2650 2936 2738 quia
3000 2663 3070 2717 ut
3130 2655 3366 2720 Doctor
3431 2655 3523 2720 ait
3593 2677 3609 2723 ε
3668 2658 3840 2722 Deus

2301 2786 2429 2832 non
2481 2737 2941 2835 deterininavit
3004 2768 3279 2837 formam
3338 2770 3418 2838 ad
3487 2772 3689 2838 verba
3775 2772 3840 2838 in

2299 2884 2735 2966 Sacramentis
2816 2884 2983 2951 ultra
3066 2886 3250 2953 illum
3346 2889 3634 2970 modum,
3718 2910 3847 2975 quo

2300 2996 2635 3064 sufficiunt
2698 2999 2778 3065 ad
2835 3001 3335 3088 exprimendum
3421 3016 3838 3091 conceptum,

2301 3131 2449 3179 cum
2518 3134 2648 3201 quo
2699 3125 2874 3184 stare
2931 3130 3145 3204 potest
3195 3139 3506 3207 syncopa,
3553 3131 3623 3186 ut
3653 3140 3850 3207 expe-

2302 3228 2534 3296 rientia
2583 3246 2857 3299 constat.
2911 3235 3187 3302 Vitanda
3253 3248 3469 3303 tamen
3537 3250 3636 3304 est
3702 3257 3846 3325 pro·

2303 3356 2445 3429 pter
2517 3350 2949 3417 reverentiam
2982 3352 3407 3431 Sacramenti,
3438 3353 3528 3442 gsi
3582 3374 3664 3420 ex
3695 3374 3848 3421 con·

2304 3477 2553 3552 temptu
2587 3465 2853 3549 fiat‚erit
2888 3471 3161 3536 mortale
3184 3484 3546 3557 peccatum;
3583 3473 3640 3540 si
3689 3493 3849 3539 vero

2274 3602 2384 3648 ex
2450 3582 2850 3664 infirmitate,
2917 3604 3046 3650 non
3123 3586 3248 3652 erit
3325 3589 3626 3669 mortale,
3697 3589 3852 3657 lieet

2305 3717 2435 3764 non
2496 3712 2774 3785 ponatur
2829 3701 3044 3768 omnis
3100 3702 3494 3784 sollicitudo,
3541 3726 3691 3772 eum
3724 3726 3852 3793 qua

2304 3813 2538 3882 evitari
2591 3816 2818 3903 possit.

647 3914 726 3980 ad
770 3934 1106 4001 personas.

409 4070 497 4123 7³.
735 4033 920 4110 ltem,
979 4030 1035 4095 si
1069 4030 1313 4097 additio
1366 4028 1550 4098 fieret
1599 4030 1663 4097 in
1705 4029 2051 4117 principio,
2121 4039 2195 4094 ut

643 4144 698 4211 si
757 4145 1107 4226 diceretur,
1178 4148 1252 4212 in
1303 4147 1573 4212 nomi-ne
1622 4146 1847 4210 Bealoe
1899 4143 2194 4232 Virqim's

643 4273 703 4328 et
752 4261 1006 4341 Patris,
1074 4273 1133 4327 ec
1182 4262 1352 4327 Filii
1417 4274 1543 4328 ete.
1624 4273 1734 4328 aut
1803 4260 1863 4328 si
1910 4260 2195 4347 interpo-

646 4388 912 4444 neretur
976 4376 1252 4443 dicendo
1301 4378 1374 4443 in
1449 4379 1720 4443 nomine
1796 4379 2048 4456 Ραινίε,
2136 4387 2197 4442 ec

646 4495 870 4560 Beacoe
924 4493 1242 4581 Viryinis,
1281 4504 1342 4558 ec
1381 4490 1578 4574 Filii,
1616 4505 1740 4561 etc.
1779 4493 1989 4559 forma
2022 4504 2196 4559 esset

650 4611 861 4691 nulla;
953 4632 1112 4699 ergo
1186 4608 1491 4677 similiter
1590 4611 1644 4676 si
1721 4620 2181 4697 postponatur,

649 4727 1130 4816 quantumlibet
1219 4726 1559 4814 proferens
1628 4725 1925 4792 intendat
2008 4724 2200 4791 aliter

661 4842 1138 4911 invocationem
1187 4844 1398 4908 Beatae
1450 4840 1771 4927 Virginis,
1825 4841 2012 4906 aliter
2054 4860 2198 4926 per-

653 4980 988 5041 sonarum,
1036 4959 1256 5025 sinon
1311 4957 1616 5025 distrahit
1646 4956 1888 5023 additio
1927 4978 2199 5024 sensum

653 5078 883 5144 formae
962 5096 1091 5141 non
1151 5074 1448 5161 derogat,
1541 5086 1609 5140 ut
1663 5073 1720 5140 si
1769 5074 2065 5153 addatur,
2137 5083 2199 5138 ec

621 5193 745 5277 ¹sis
805 5191 1053 5268 salviae,
1155 5203 1221 5257 et
1322 5188 1724 5280 hujusmodi,
1796 5188 1966 5277 quod
2071 5211 2200 5257 non

652 5308 956 5393 distrahit
1004 5327 1272 5375 sensum
1318 5306 1548 5373 formae
1588 5307 1972 5393 praemissae.

769 5425 1193 5512 [interpositio
1279 5423 1581 5510 quamvis
1667 5443 1796 5490 non
1881 5423 2203 5491 distrahat

651 5563 924 5615 sensum
993 5542 1261 5641 forme,⁸
1301 5539 1795 5624 determinando
1844 5540 2199 5628 particulas

2396 3924 2490 3988 Ex
2522 3923 2625 3989 his
2664 3924 2958 4010 sequitur
3001 3927 3174 4012 quod
3242 3929 3612 4015 Baptismus
3661 3930 3852 3998 datus
4000 3945 4088 3996 74.

2306 4037 2376 4104 in
2444 4039 2706 4107 nomine
2754 4041 2959 4110 solius
3033 4046 3265 4124 Patris,
3310 4058 3422 4113 aut
3495 4048 3851 4135 cujuslibet
3881 4009 4213 4139 ώὲοῑξιῗιῗω,

2309 4177 2628 4243 personae,
2746 4179 2875 4224 non
2960 4162 3293 4248 expressis
3394 4163 3562 4243 aliis,
3664 4177 3841 4232 esset
3878 4140 4200 4265 {³323qu

2311 4273 2552 4351 nullae,
2632 4275 2784 4362 quia
2870 4275 3077 4343 forma
3145 4278 3291 4346 data
3367 4281 3490 4346 sub
3577 4281 3846 4349 invoca·
3886 4262 3956 4314 1).
4003 4263 4202 4315 Thom.

2311 4387 2486 4454 tione
2511 4390 2816 4476 explicita
2851 4393 3216 4472 Trinitatis,
3253 4394 3447 4461 debet
3475 4398 3858 4483 exprimere

2311 4525 2540 4572 omnes
2571 4527 2882 4593 personas
2930 4511 3054 4575 sub
3096 4510 3474 4581 nominibus
3540 4514 3864 4600 propriis,-

2311 4624 2463 4688 Haec
2523 4636 2623 4689 est
2697 4626 3069 4692 eommunis
3136 4641 3364 4694 contra
3439 4630 3909 4716 Magistrum*

2311 4737 2717 4804 Contrarium
2758 4739 3116 4825 imponitur
3148 4742 3516 4824 AmbrosiO,
3570 4756 3642 4810 ut
3687 4758 3864 4812 eom-

2312 4851 2532 4918 munis
2562 4853 2782 4921 schola
2814 4875 2963 4921 eum
2995 4855 3303 4944 intelligit
3331 4879 3481 4926 eum
3513 4860 3849 4948 MagistrO,

2314 4979 2378 5032 et
2406 4966 2550 5034 aliis
2577 4968 3055 5051 anterioribus;
3091 4972 3356 5059 quidam
3391 4975 3495 5062 pie
3525 4975 3846 5064 interpre-

2265 5093 2535 5147 .tantur
2601 5097 2884 5151 mentem
2953 5087 3121 5173 ejus,
3182 5088 3291 5154 alii
3333 5102 3551 5157 autem
3604 5093 3857 5160 nullum

2313 5218 2459 5264 esse
2531 5199 2744 5266 locum
2821 5202 3338 5289 interpretationi
3416 5209 3845 5291 contendunt,

2274 5307 2639 5385 ,Caeterum
2763 5307 2921 5374 mihi
3032 5309 3292 5380 videtur
3407 5313 3858 5401 interpretatio

2316 5424 2389 5487 D.
2428 5421 2696 5490 Thomae
2736 5436 2961 5511 quaest.
2990 5428 3097 5492 66.
3143 5439 3275 5494 arc.
3315 5432 3384 5496 6.
3437 5431 3528 5497 ad
3567 5434 3606 5498 2
3638 5484 3652 5499 .
3699 5444 3761 5499 et
3792 5437 3858 5501 3.

323 5444 606 5521 Interposi-

420 5516 494 5563 ιιο
2320 5539 2531 5640 magis
2569 5541 3061 5639 accommodarit
3113 5564 3328 5631 posse,
3382 5566 3531 5635 quae
3582 5557 3717 5633 est,
3768 5563 3864 5640 ⁸ut
