4287 6313
608 383 720 452 160

589 552 784 639 quod
830 573 969 618 non
1016 562 1110 618 est
1143 550 1459 639 ponenda
1499 571 1915 637 qnaecumque
1945 551 2157 616 virtus

602 671 1143 754 supernaturalis
1174 672 1248 735 in
1278 669 1732 735 Sacramentis
1753 688 1941 733 novoe
1963 668 2151 753 leyis,

604 784 695 849 ad
728 785 1088 850 creandum
1126 787 1417 872 qratiam
1442 810 1465 865 ,·
1504 784 1621 849 sed
1649 786 1822 849 Deus
1853 805 1936 849 ex
1961 795 2157 870 pacto

604 901 743 965 suis
781 902 1032 967 assistit
1075 903 1553 980 Sacramentis,
1599 910 1664 966 et
1703 902 1774 966 in
1805 900 2160 965 collatione

604 1036 877 1084 suorum
914 1020 1501 1085 Sacramentorum
1537 1039 1660 1105 per
1706 1018 2158 1084 assistentiam

604 1138 829 1193 causat
861 1130 1177 1216 qratiam.
1227 1129 1532 1195 Secunda
1562 1130 1796 1215 opinio
1835 1138 1945 1207 est,
1986 1127 2161 1214 quod

606 1245 1041 1312 Sacramenta
1099 1267 1287 1312 novoe
1346 1247 1508 1332 leyis
1564 1256 2006 1331 cooperantur
2069 1244 2161 1310 ad

605 1362 926 1446 qratiam,
979 1382 1113 1426 non
1159 1362 1326 1426 sicut
1361 1382 1486 1446 per
1532 1383 1600 1426 se
1647 1381 1872 1447 ayens,
1925 1369 1985 1425 et
2036 1379 2162 1446 per

607 1478 897 1560 formam
939 1476 1011 1541 in
1067 1498 1136 1542 se
1192 1478 1603 1556 existentem,
1665 1476 1780 1542 sed
1829 1478 1998 1541 sicut
2047 1477 2159 1540 in-

605 1600 1040 1657 strumentum
1083 1603 1330 1657 motum
1381 1591 1462 1656 ab
1507 1603 1742 1679 ayente
1776 1612 1904 1677 per
1940 1613 2035 1659 se.
2069 1591 2157 1655 Et

607 1708 713 1772 his
778 1707 1032 1773 duabus
1109 1710 1533 1794 opinionibus
1607 1709 1898 1786 remotis,
1967 1708 2159 1792 ponit

610 1827 897 1905 tertiam,
946 1848 1089 1912 qnce
1117 1848 1237 1892 sua
1268 1837 1382 1906 est,
1420 1837 1481 1891 et
1519 1837 1610 1891 est
1652 1827 1805 1890 talis
1857 1851 1875 1889 .·
1918 1826 2158 1890 Sacra·-

608 1952 828 2005 menta
859 1961 1048 2006 novce
1097 1942 1259 2028 leyis
1297 1942 1615 2007 dicuntur
1643 1962 1843 2006 causa
1888 1921 2152 2026 qratia,

607 2078 742 2123 non
800 2060 957 2144 qaia
1025 2072 1291 2125 causent
1357 2082 1501 2125 eam
1556 2060 1695 2124 ullo
1753 2059 1945 2124 modo
2004 2060 2160 2145 plus

609 2196 805 2260 qua-m
845 2177 1279 2242 Sacramenta
1331 2179 1567 2242 veteris
1608 2178 1795 2263 legis,
1837 2176 1953 2242 sed
2001 2178 2161 2262 quia

609 2303 762 2356 sunt
819 2295 1197 2358 contentiva
1263 2295 1478 2371 illius,
1553 2294 1727 2380 quod
1793 2303 1886 2359 est
1961 2312 2160 2359 causa

608 2408 893 2493 qratioe3
947 2419 1064 2474 aut
1102 2411 1377 2475 realiter
1431 2411 1599 2475 sicut
1655 2411 2162 2476 Sacramentum

612 2524 1078 2604 Eucharistiae,
1146 2530 1215 2591 in
1273 2548 1397 2612 quo
1455 2529 1832 2592 continetur
1889 2528 2164 2593 realiter

614 2642 1000 2706 humanitas
1062 2642 1320 2707 Christi
1371 2647 1725 2730 conJ‘uncta
1782 2645 2156 2725 divinitati,

614 2757 763 2822 ideo
805 2756 1057 2823 dicitur
1113 2758 1405 2822 maxime
1463 2760 1839 2824 contentiva
1894 2761 2159 2846 qratioe,

612 2883 675 2937 et
704 2875 1056 2959 effectiva‚·
1089 2885 1203 2938 aut
1242 2874 1648 2953 virtualiter,
1702 2875 1871 2939 sicut
1925 2875 2161 2940 Sacra-

613 3000 905 3055 mentum
938 2990 1290 3075 Baptismi,
1330 2990 1504 3076 qaod
1532 2990 1784 3055 scilicet
1816 2992 1891 3057 in
1920 2992 2165 3056 virtute

612 3107 966 3193 sanquinis
1001 3106 1278 3186 Christi,
1317 3106 1575 3173 dicente
1603 3107 1659 3174 A
1670 3108 1946 3193 postolO,
1975 3108 2159 3174 Rom.

611 3219 678 3291 6.
753 3222 1163 3311 Quotquot
1229 3219 1620 3311 baptizati
1698 3240 2000 3305 sumus,
2084 3220 2165 3292 in

616 3334 1009 3426 sanguine
1060 3335 1233 3428 ejus
1275 3335 1665 3427 baptizati
1724 3358 2027 3410 sumus.
2083 3341 2168 3406 Et

612 3453 731 3519 dat
768 3455 1143 3540 eoeemplum
1174 3452 1257 3519 de
1285 3453 1644 3520 divinitate
1696 3455 1952 3522 Christi
2015 3477 2168 3522 con·

601 3572 839 3656 juncta
897 3572 1038 3656 ejus
1084 3569 1520 3647 humanitati,
1571 3591 1715 3656 quoe
1764 3572 2168 3657 operabatur

615 3686 988 3765 mirabilia,
1027 3686 1200 3752 unde
1252 3697 1312 3751 et
1378 3687 1531 3752 huie
1569 3686 1886 3753 dicuntur
1922 3689 2167 3754 Sacra-

616 3812 835 3866 menta
868 3821 1057 3867 novoe
1088 3803 1271 3887 leyis,
1309 3825 1468 3868 vasa
1497 3803 1760 3889 qratioe.
1799 3803 1885 3867 Et
1904 3802 2163 3888 differt,

617 3926 688 3979 ut
725 3916 1011 3995 videtur,
1050 3916 1186 3981 hoec
1214 3918 1445 4003 opinio
1476 3940 1517 3983 a
1542 3919 1793 4004 prima,
1831 3917 1921 3982 ad
1951 3919 2172 3982 minus

618 4030 999 4111 verbaliter,
1045 4034 1202 4119 quia
1245 4035 1471 4119 prima
1503 4033 1670 4098 dicit
1709 4055 1833 4120 per
1860 4034 2171 4100 assisten-

623 4149 784 4214 tiam
841 4150 1101 4236 9ratice,
1148 4152 1286 4216 hoec
1343 4170 1500 4217 vero
1536 4173 1658 4237 per
1696 4152 2164 4229 insistentiam,

620 4262 773 4334 ete.

714 4397 966 4464 Contra
997 4400 1196 4464 istam
1237 4398 1640 4486 opinionem,
1686 4401 1860 4466 Deus
1904 4420 2037 4465 non
2083 4408 2176 4465 est

618 4513 822 4580 aliter
897 4516 1258 4581 secundum
1312 4517 1684 4600 essentiam,
1745 4518 2175 4603 praesentiam

618 4639 680 4694 et
727 4633 1124 4716 potentiam,
1199 4632 1271 4697 in
1328 4633 1783 4712 Sacramenta,
1846 4654 2044 4720 quam
2099 4633 2175 4697 in

617 4746 758 4812 alio
797 4769 1074 4836 corpore
1098 4773 1123 4828 ,·
1167 4770 1320 4836 erqo
1359 4750 1418 4814 si
1459 4762 1754 4836 ponatur
1783 4750 2008 4829 aliter,
2054 4751 2175 4815 hoc

618 4883 757 4929 non
785 4874 877 4930 est
916 4865 1054 4930 nisi
1083 4865 1172 4930 ad
1214 4866 1506 4952 aliquem
1544 4868 1850 4951 effectu-m
1896 4886 2177 4931 causan-

618 4977 801 5059 dum,
837 4979 954 5046 sed
991 4980 1166 5066 quod
1203 4982 1299 5046 sic
1334 4982 1423 5046 sit
1464 4982 1577 5060 ibi,
1630 5002 1767 5047 non
1801 4991 2011 5067 potest
2043 5001 2178 5046 esse

616 5117 741 5182 per
826 5096 1125 5182 aliquam
1201 5096 1660 5163 causalitatem
1726 5098 2170 5163 Sacramenti.

527 5187 535 5274 l
628 5214 1138 5279 Sacramentum
1166 5224 1384 5278 autem
1414 5215 1601 5279 nullo
1632 5214 1826 5279 modo
1856 5224 1949 5279 est
1978 5234 2177 5278 eausa

531 5319 536 5384 ’κ
625 5330 837 5396 Deum
898 5328 1352 5395 determinans
1401 5329 1491 5395 ad
1554 5327 1965 5395 causandum
2022 5329 2176 5413 effe-

627 5458 805 5512 ctum
836 5447 967 5512 sibi
998 5448 1352 5533 proprium
1369 5472 1394 5527 ,·
1445 5467 1598 5533 erqo
1650 5458 1906 5513 tantum
1945 5456 2038 5512 est
2084 5445 2183 5510 ibi

623 5563 746 5631 hoc
774 5563 992 5644 modo,
1027 5565 1231 5630 aliter
1261 5585 1455 5652 quam
1492 5564 1557 5629 in
1592 5564 1732 5629 alio
1762 5584 2059 5651 corpore,
2096 5584 2182 5628 ea·

1770 370 1912 450 [AB.
1965 385 2066 448 lv.
2110 380 2710 450 SENTEN'HARUM

2268 548 2823 614 determinatione
2865 548 3164 634 prop-riae
3228 547 3614 625 voluntatis,
3690 563 3819 632 qua

2268 665 2565 752 disponit
2602 667 2698 731 sic
2736 666 3030 753 operari.
3076 666 3226 730 Hoec
3264 676 3484 731 autem
3531 663 3821 748 disposi-
3964 604 3989 769 l

2270 782 2361 846 tio
2400 783 2833 865 manifestata
2865 782 3198 860 Ecclesiae,
3245 780 3499 845 dicitur
3523 778 3820 867 promjs-
3956 776 3968 837 i

2266 898 2366 962 sio
2397 899 2500 963 vel
2538 900 2802 985 pactio;
2830 898 3009 963 nihil
3038 918 3192 984 erqo
3239 896 3434 962 aliud
3473 895 3641 961 dicit
3692 895 3820 958 ista
3938 910 3955 1003 j

2269 1015 2523 1101 opinio,
2562 1037 2759 1102 quam
2798 1015 2974 1081 illud
3012 1015 3093 1080 de
3123 1015 3441 1101 opinione
3478 1013 3644 1092 alia,
3693 1012 3820 1076 sci-
3932 1006 3941 1049 f

2272 1131 2422 1197 licet
2452 1131 2535 1197 de
2559 1133 2897 1218 pactione.

2715 1399 3371 1466 COMMENTARIUS.

2362 1597 2450 1688 (e)
2512 1598 2762 1662 Contra
2801 1596 3185 1683 opinionem
3234 1595 3429 1659 istam
3497 1603 3818 1678 quantum
3847 1664 3920 1713 Im
3962 1602 4045 1653 28.
4121 1663 4130 1673 ¹

2268 1715 2360 1780 ad
2396 1714 2751 1781 secundam
2800 1713 3244 1799 quaestionem,
3283 1721 3406 1776 etc.
3454 1707 3816 1795 Responsi-
3918 1669 4167 1776 ἒὲἕὸἶυο

2270 1854 2460 1899 onem
2514 1837 2584 1898 D.
2630 1832 2922 1909 Thomae‚
2967 1838 3284 1917 quantum
3334 1827 3413 1893 ad
3463 1826 3811 1892 secundam
3852 1790 4161 1901 gfffflffin

3935 1929 4091 1978 supra

2270 1950 2726 2040 quaestionem‚
2800 1948 3142 2035 impugnat
3209 1957 3486 2033 quatuor
3542 1943 3813 2010 rationi·
3844 1991 4159 2041 expressam.

2270 2069 2415 2135 bus,
2462 2066 2675 2133 Prima
2725 2074 2844 2143 est,
2892 2062 3044 2150 quia
3082 2061 3191 2128 illa
3249 2059 3528 2149 qualitas
3584 2079 3817 2146 super·
3874 2038 4050 2148 ¹³⁶¹}ss
4077 2044 4155 2088 “St

2270 2183 2611 2263 naturalis,
2673 2182 2779 2249 vel
2818 2195 2992 2249 esset
3031 2191 3162 2246 tota
3222 2178 3289 2244 in
3348 2190 3506 2258 tot0,
3562 2188 3626 2243 et
3684 2188 3820 2243 tota
3902 2162 4127 2275 ’ῗιῗξξξῑο

2271 2302 2337 2367 in
2377 2300 2667 2391 qualibet
2725 2311 2930 2386 parte,
2995 2317 3109 2384 per
3167 2296 3431 2362 modum
3484 2293 3822 2381 qualitatis
3878 2286 4142 2415 1ζῖἓὲἐὲ
4153 2390 4168 2403 .

2272 2415 2656 2503 spiritualis.
2739 2414 2863 2482 Sed
2940 2415 3064 2480 hoc
3140 2411 3370 2500 nequit
3454 2410 3607 2490 dici,
3672 2408 3825 2497 quia

2272 2535 2511 2602 animae
2551 2531 2972 2600 intellectivae
3039 2530 3135 2597 sic
3185 2541 3438 2596 tantum
3517 2526 3829 2613 competit

2272 2674 2420 2720 esse
2469 2653 2534 2717 in
2594 2651 2886 2738 subjecto
2937 2646 3281 2725 materiali,
3345 2645 3451 2712 vel
3503 2660 3677 2711 esset
3728 2655 3829 2710 to-

2275 2780 2337 2834 ta
2379 2768 2444 2834 in
2494 2778 2650 2845 tom,
2706 2777 2769 2832 et
2829 2786 2975 2852 pars
3028 2763 3091 2828 in
3136 2774 3342 2849 parte,
3419 2773 3481 2827 et
3546 2760 3641 2826 sic
3699 2779 3827 2824 non

2275 2893 2448 2950 esset
2488 2880 2765 2968 qualitas
2813 2877 3198 2966 spirituali8‚
3244 2876 3394 2963 quia
3450 2874 3827 2941 extendere-

2276 3011 2383 3065 tur
2415 3019 2530 3085 per
2559 2996 2861 3063 accidens
2893 2994 2971 3059 ad
3022 2992 3470 3060 extensionem
3513 2989 3821 3076 subjecti.

2366 3114 2609 3182 Deinde
2647 3112 2704 3180 si
2737 3123 2906 3180 esset
2947 3111 3014 3177 in
3055 3111 3349 3198 subjecto
3389 3109 3513 3175 hoc
3541 3105 3827 3175 seeundo

2278 3233 2492 3313 mod0,
2574 3240 2895 3317 repugnat
2948 3226 3071 3314 ipsi
3115 3227 3474 3313 producere
3525 3244 3640 3310 per
3688 3244 3829 3289 mo-

2278 3350 2434 3417 dum
2475 3369 2692 3416 causae
2730 3351 2938 3414 totum
2968 3356 3267 3410 ornatum
3301 3342 3367 3406 in
3398 3341 3635 3419 anima,
3672 3341 3824 3426 quia

2278 3487 2361 3532 ex
2408 3462 2776 3551 Augustino
2840 3464 2944 3526 12.
2995 3480 3194 3546 super
3236 3458 3536 3523 Genesim
3575 3455 3664 3521 ad
3706 3456 3822 3521 lit·
3886 3448 4179 3549 Agens-est

2283 3594 2511 3661 teram,
2575 3599 2779 3664 agens
2837 3588 2936 3643 est
2977 3574 3325 3662 perfectius
3367 3592 3580 3659 passo.
3640 3569 3822 3648 Quod
3878 3551 4159 3680 Ρθὲεξξξὲψ

2282 3694 2532 3762 ratione
2573 3704 2768 3781 patet,
2813 3691 2964 3778 quia
3003 3709 3206 3775 agens
3238 3698 3336 3754 est
3376 3687 3442 3753 in
3472 3699 3642 3764 actu,
3682 3704 3825 3771 pas·

2282 3831 2427 3878 sum
2459 3831 2616 3879 vero
2657 3809 2724 3875 in
2774 3807 3060 3894 potentia
3098 3817 3162 3871 et
3202 3805 3611 3892 privatione;
3660 3800 3833 3868 unde

2281 3926 2530 4013 colligit
2568 3923 2979 4012 Augustinus
3020 3942 3257 4008 corpus
3298 3941 3428 3985 non
3460 3940 3658 4006 agere
3690 3930 3833 3984 tan·

2283 4065 2477 4131 quam
2519 4062 2780 4109 causam
2814 4039 3075 4106 totalem
3125 4039 3192 4103 in
3224 4036 3551 4123 spiritum,
3588 4047 3652 4102 et
3680 4035 3838 4102 hinc

2283 4160 2644 4228 concedunt
2674 4156 3051 4243 Philosophi
3096 4154 3495 4221 intellectum
3528 4163 3833 4239 agentem

2285 4278 2349 4345 in
2400 4276 2616 4342 anima
2682 4268 3059 4340 distinctum
3109 4292 3145 4338 a
3194 4269 3517 4357 possibili,
3591 4289 3673 4334 ne
3719 4267 3838 4333 ad—

2288 4394 2581 4459 mittatur
2617 4390 2946 4477 objeetum
2993 4385 3327 4453 materiale
3365 4405 3436 4452 se
3467 4385 3605 4451 solo
3644 4402 3840 4469 agere

2288 4507 2661 4575 immediate
2718 4506 2785 4573 in
2853 4505 3162 4571 animam.
3234 4501 3412 4579 Quod
3474 4521 3630 4568 vero
3694 4500 3843 4566 talis

2286 4624 2565 4714 qualitas
2624 4634 2902 4710 ponatur
2941 4614 3010 4687 in
3072 4623 3514 4696 Sacramenm,
3562 4617 3667 4683 vel
3718 4616 3846 4683 hoc

2289 4755 2486 4820 esset,
2559 4750 2628 4806 ut
2667 4739 2789 4805 sub
2857 4737 2965 4803 illa
3034 4735 3347 4823 qualitate
3406 4744 3584 4800 esset
3651 4753 3846 4800 causa

2291 4855 2692 4945 principalis,
2765 4853 2932 4919 sicut
2996 4872 3165 4939 aqua
3230 4848 3437 4917 calida
3504 4859 3603 4916 est
3646 4868 3844 4915 causa

2288 4970 2738 5042 calefaciendi.
2795 4974 2974 5036 Patet
3040 4968 3184 5045 hoc,
3257 4965 3408 5053 quia
3450 4964 3663 5032 virtus
3704 4964 3835 5043 illa,

2289 5114 2416 5183 qua
2445 5090 2866 5159 constituitur·
2893 5092 3384 5155 Sacramentum
3422 5086 3484 5150 in
3520 5105 3656 5151 esse
3686 5084 3842 5151 acti-

2288 5213 2380 5293 vi,
2435 5208 2811 5276 immediate
2878 5227 2947 5273 se
3018 5205 3154 5270 sola
3224 5203 3492 5289 attingit
3537 5211 3839 5268 ornatum

2292 5327 2475 5395 illum
2519 5348 2633 5414 per
2700 5324 2989 5402 modum,
3063 5342 3193 5408 quo
3258 5339 3474 5386 causae
3535 5316 3843 5385 secundae

2292 5444 2625 5532 attingunt
2662 5460 2855 5508 suum
2897 5437 3242 5515 effectum3
3290 5456 3408 5501 nec
3442 5434 3641 5500 refert
3670 5432 3839 5520 quod

2293 5561 2403 5627 illa
2452 5580 2581 5625 non
2620 5558 2705 5625 sit
2744 5574 3158 5645 permanenS,
3196 5551 3346 5639 quia
3378 5550 3441 5617 id
3502 5549 3625 5637 ipsi
3667 5569 3842 5617 com-
