4287 6313
1613 387 1814 449 Dls'r.
1863 388 1992 448 Vll.
2027 387 2392 462 QUAEs'rlo
2440 391 2482 450 1.

512 543 846 611 municare
912 557 1298 633 potestatem
1367 547 1710 614 ordinandi
1785 548 1847 612 in
1907 570 2057 635 gra-

508 659 720 740 dibus,
758 661 823 727 in
855 662 1101 749 quibus
1141 675 1354 751 potest
1402 664 1707 751 delegare
1756 666 2050 732 Pontifex

507 780 864 858 Romanus,
912 799 1042 845 non
1087 780 1473 866 inquantum
1526 782 1888 867 Episcopus
1928 793 2050 861 est,

506 890 619 956 sed
702 892 1091 980 inquantum
1161 908 1258 965 est
1325 908 1518 983 caput
1619 910 1684 963 et
1761 898 2053 964 vicarius

504 1008 745 1076 Christi
775 1009 1053 1079 'habens
1130 1015 1609 1102 plenitudinem
1686 1015 2046 1102 potestatis,

505 1144 695 1210 quam
723 1138 873 1194 ante
903 1127 1380 1198 ordinationem
1407 1130 1602 1199 etiam
1638 1143 1848 1219 potest
1877 1154 2051 1199 com-

509 1241 884 1322 municare;
940 1254 1003 1309 et
1055 1244 1134 1310 ad
1206 1247 1376 1312 hanc
1441 1249 1783 1334 potestatis
1846 1248 2047 1335 pleni-

506 1356 796 1426 tudinem
831 1371 1079 1447 spectat
1133 1364 1443 1430 reducere
1475 1365 1552 1431 ad
1584 1376 1824 1446 actum,
1870 1364 2046 1431 illam

506 1474 860 1560 potentiam
903 1488 1216 1544 remotam
1291 1479 1635 1547 ordinandi
1685 1495 1749 1547 et
1804 1479 2046 1547 confir·

505 1591 750 1670 mandi,
797 1612 989 1679 quam
1041 1595 1235 1661 habet
1279 1596 1594 1662 Sacerdos
1634 1596 1935 1683 simplex,
1982 1611 2046 1664 et

500 1740 625 1806 qua
681 1731 904 1787 carent
950 1721 1168 1790 clerici
1241 1723 1570 1790 inferioris
1645 1725 1895 1792 ordinis
1971 1747 2045 1792 ac

498 1834 667 1901 laici.
715 1836 901 1904 Unde
936 1849 1131 1925 patet,
1187 1860 1388 1927 quare
1440 1840 1690 1907 dicatur
1734 1842 1875 1907 haec
1934 1863 2045 1929 po-

500 1963 704 2017 testas
748 1954 1096 2020 ordinandi
1166 1955 1650 2024 Subdiaconatu
1711 1969 1774 2024 et
1831 1958 2045 2024 mino-

502 2067 706 2149 ribus,
743 2089 819 2136 ac
849 2069 1042 2136 etiam
1075 2071 1503 2139 confirmandi
1541 2074 1604 2138 in
1640 2073 2046 2160 Presbyteris

503 2196 778 2252 remota.

592 2304 735 2370 Dixi
785 2304 1088 2391 superius
1130 2328 1244 2391 per
1290 2309 1737 2398 auctoritatem
1791 2303 2041 2383 Summi

500 2420 833 2487 Pontificis
884 2422 1180 2508 proxime
1237 2437 1347 2492 aut
1397 2438 1644 2495 remote
1683 2452 1878 2516 posse
1938 2455 2039 2500 re-

498 2538 645 2604 duci
688 2538 765 2604 ad
820 2552 1035 2607 actum
1090 2542 1257 2608 hanc
1295 2557 1704 2630 potestatem,
1751 2550 1902 2637 quia
1947 2555 2044 2621 sic

499 2675 805 2721 concessa
877 2658 1174 2745 contigit,
1250 2670 1320 2726 ut
1387 2673 1559 2749 patet
1623 2665 1689 2730 in
1758 2669 2041 2737 Ecclesia

501 2772 836 2856 Orientali,
878 2777 1313 2846 mediantibus
1355 2778 1810 2852 OEcumenicis
1878 2791 2041 2855 Con-

499 2888 670 2957 ciliis
735 2894 1135 2979 approbatiS,
1199 2907 1262 2962 et
1319 2900 1505 2985 praxi
1572 2902 1652 2967 ab
1710 2904 2038 2990 Apostolis

500 3007 775 3075 deducta
818 3012 881 3075 in
925 3012 1256 3098 primitiva
1304 3016 1616 3100 Ecclesia,
1652 3034 2035 3102 emanante;

503 3138 568 3194 et
625 3140 799 3215 patet
862 3151 941 3196 ex
998 3133 1359 3220 Rodriquez
1410 3135 1474 3200 in
1530 3136 1709 3205 India
1757 3162 1838 3206 ex
1890 3164 2042 3209 con-

501 3248 798 3314 cessione
864 3249 1248 3320 Pontificum
1319 3255 1760 3325 Provinciales
1838 3263 2042 3330 nostri

502 3364 763 3433 Ordinis
811 3368 1106 3455 potuisse
1164 3370 1331 3438 hanc
1377 3376 1862 3443 communicare
1904 3380 2042 3446 suis

502 3479 808 3566 subditis,
852 3500 922 3551 ut
961 3484 1290 3573 delegatos
1350 3489 1427 3555 ad
1490 3492 1613 3558 hoc
1678 3494 2044 3580 specialiter

505 3596 711 3681 ipsius
752 3600 1113 3669 Pontificis.

594 3711 690 3800 (g)
730 3715 951 3782 Simul
1010 3738 1159 3783 cum
1227 3720 1598 3787 intentione
1656 3725 2034 3810 inungente,

502 3840 563 3892 et
593 3841 769 3895 certa
804 3832 998 3898 verba
1025 3837 1430 3920 proferente,
1477 3850 1601 3905 etc.
1651 3843 1737 3906 De
1779 3841 2042 3908 intenti-

502 3964 626 4010 one
694 3948 1143 4018 universaliter
1212 3954 1523 4041 requisita
1596 3955 1661 4021 in
1741 3958 2042 4026 ministro

501 4060 899 4128 sacramenti
928 4065 1060 4150 jam
1104 4068 1508 4137 sufficienter
1565 4085 1907 4141 tractatum
1942 4088 2041 4143 est

498 4177 654 4244 disc.
699 4182 762 4246 6.
828 4194 1052 4267 quoest.
1117 4189 1187 4249 5.
1252 4189 1367 4253 Hic
1414 4201 1630 4257 autem
1692 4213 1804 4278 per
1862 4205 2038 4259 certa

498 4294 696 4372 verba
738 4298 1126 4382 proferente
1184 4300 1527 4370 denotatur
1577 4306 1784 4374 forma
1842 4310 2039 4396 hujus

498 4413 898 4480 Sacramenti
985 4416 1326 4503 requisita,
1398 4419 1478 4485 de
1541 4442 1665 4507 qua
1732 4422 1798 4489 in
1860 4436 2037 4494 textu

497 4531 801 4616 sequenti
834 4532 1150 4615 dicemus,
1189 4535 1384 4602 simul
1416 4549 1480 4603 et
1520 4538 1598 4605 de
1628 4539 2040 4610 institutione

499 4649 925 4729 Sacramenfi,
998 4666 1063 4718 et
1141 4674 1263 4719 usu
1340 4655 1503 4742 ejuS‚
1586 4671 1900 4744 quantum
1962 4663 2038 4729 ad

502 4765 834 4832 materiam
899 4778 962 4833 et
1011 4769 1282 4835 formam
1326 4772 1390 4837 in
1434 4773 1765 4858 primitiva
1821 4780 2040 4846 Eccle-

501 4877 633 4957 sia3
730 4879 978 4968 reliqua
1062 4882 1463 4952 definitionis
1537 4889 1762 4955 eodem
1850 4892 2040 4959 modo

499 4997 910 5083 explicantur
958 5015 1212 5069 servata
1264 5007 1703 5095 proportione,
1752 5010 1921 5078 sicut
1978 5026 2041 5080 et

500 5134 698 5199 supra
739 5117 895 5186 dist.
936 5122 995 5186 1.
1032 5132 1255 5205 quaest.
1296 5127 1356 5189 1.
1394 5123 1474 5190 de
1508 5128 1924 5195 Sacramento
1973 5129 2039 5195 in

499 5249 764 5315 genere,
810 5245 873 5299 et
912 5235 1074 5301 disc.
1138 5239 1205 5307 3.
1276 5252 1501 5325 quccsc.
1554 5246 1612 5308 1.
1684 5242 1763 5310 de
1827 5267 2039 5312 sacra-

505 5363 722 5417 mento
756 5354 1091 5439 Baptismi.

667 5692 813 5742 Tom.
842 5693 959 5744 xvl

3609 409 3728 470 689

2742 675 3148 740 SCHOLIUM.

2245 879 2447 939 Posita
2479 881 2846 945 definitione
2878 890 3400 967 confirmationi&
3446 904 3716 976 explicat

2171 980 2574 1038 exactissime
2602 1000 2815 1043 omnes
2856 990 2992 1057 ejus
3028 996 3396 1067 particulas,
3432 1014 3507 1056 ex
3535 1010 3711 1073 parte

2176 1078 2475 1146 materiae,
2541 1082 2778 1151 sormae,
2838 1091 3237 1162 suscipientis
3294 1102 3354 1154 et
3410 1101 3706 1160 ministri.

2165 1170 2364 1232 Solvit
2403 1181 2532 1233 tres
2570 1180 2943 1252 obJectiones
2979 1195 3192 1248 contra
3224 1193 3569 1256 doctrinam
3602 1201 3713 1258 da-

2163 1276 2309 1330 tam.
2345 1276 2517 1334 Nihil
2548 1280 2921 1345 determinat
2951 1287 3026 1345 de
3076 1294 3353 1364 tempore
3403 1296 3710 1354 instituti-

2162 1375 2318 1444 oni&
2353 1379 2500 1447 quia
2532 1379 2608 1437 de
2638 1398 2709 1439 eo
2745 1386 2904 1442 nihil
2939 1395 3031 1446 est
3078 1397 3345 1462 certum,
3385 1397 3708 1466 probabile

2160 1476 2370 1530 tamen
2402 1482 2495 1535 est
2524 1480 2720 1539 fuisse
2752 1485 2973 1544 factam
3018 1495 3190 1548 nocte
3221 1510 3433 1564 coenae,
3488 1514 3562 1555 ex
3596 1503 3708 1558 Fa-

2160 1570 2327 1630 bian.
2370 1591 2463 1647 ep.
2512 1581 2565 1635 2.
2601 1597 2651 1636 c.
2682 1584 2731 1638 1.

2265 1809 2416 1883 Hic
2496 1817 2596 1906 (a)
2686 1826 2933 1911 patet,
3010 1848 3183 1918 quae
3274 1833 3382 1906 sit
3462 1834 3701 1929 hujus
3782 1879 3827 1927 U

2158 2054 2434 2134 posset
2474 2048 2862 2143 distingui
2920 2058 3011 2129 de
3066 2065 3438 2149 materia,
3492 2069 3699 2144 sicut

2154 2160 2628 2237 distinctum
2689 2174 2813 2243 est
2884 2172 2974 2245 de
3036 2181 3384 2254 materia
3429 2184 3506 2256 in
3559 2188 3701 2260 Ba-

2154 2277 2454 2371 ptismo
2490 2286 2644 2361 disc.
2678 2290 2742 2358 3.
2778 2307 3005 2378 qucese.
3041 2299 3103 2365 3.
3145 2302 3493 2374 materia
3527 2325 3706 2397 pro-

2154 2395 2404 2485 xima,
2470 2400 2542 2471 id
2592 2408 2740 2491 est,
2799 2390 2997 2481 'illud
3060 2413 3404 2500 visibile,
3499 2425 3704 2514 quod

2155 2518 2582 2593 concurrit
2644 2519 2721 2591 in
2773 2523 3318 2615 fundamento,
3383 2541 3505 2609 est
3560 2563 3699 2613 un-

2155 2632 2346 2714 ctio,
2403 2633 2619 2712 facta
2655 2640 2736 2711 in
2779 2641 3048 2719 fronte
3091 2648 3170 2720 in
3205 2651 3470 2743 figura
3517 2680 3701 2732 cru-

2157 2750 2300 2833 cis
2369 2774 2549 2827 cum
2623 2757 3069 2837 chrismate
3156 2767 3693 2849 sanctificato.

2162 2867 2511 2942 Materia
2572 2879 2842 2949 autem
2915 2887 3233 2957 remota
3296 2893 3419 2962 est
3489 2890 3697 2965 chri-

2159 3009 2334 3062 sma
2376 2998 2922 3088 compositum
2956 3024 3052 3074 cx
3091 3006 3266 3079 oleo
3313 3010 3547 3085 olivae
3620 3020 3699 3088 et

2157 3108 2548 3194 balsamo,
2606 3117 2684 3188 et
2747 3120 3346 3199 sanctificatum
3402 3130 3700 3222 specia-

2159 3226 2351 3302 liter
2394 3233 2492 3303 ab
2549 3234 2975 3331 EpiscopO,
3023 3242 3150 3313 vel
3198 3243 3296 3316 ab
3348 3246 3511 3321 alio
3569 3253 3699 3323 cui

2158 3349 2350 3422 talis
2452 3353 2993 3430 sanctificatio
3098 3365 3405 3452 poterit
3482 3389 3700 3441 com-

2160 3468 2403 3544 mitti.

2251 3588 2551 3660 Forma
2638 3596 2761 3665 est
2822 3594 3058 3668 talis:
3096 3601 3327 3688 Siqno,
3391 3605 3496 3670 vel
3552 3626 3699 3671 con-

2154 3705 2345 3790 siqno
2385 3716 2444 3772 te
2501 3711 2693 3792 siquo
2760 3715 2995 3795 crucis,
3059 3719 3380 3800 confirmo
3422 3731 3480 3787 te
3519 3722 3696 3790 chri-

2153 3834 2362 3888 smate
2444 3827 2705 3907 salutis,
2805 3833 2908 3896 vel
2967 3837 3542 3921 sanctificationis,
3624 3844 3698 3907 in

2157 3943 2429 4008 nomine
2513 3946 2742 4012 Patris
2852 3959 2912 4012 cl
2997 3951 3169 4017 Filii
3244 3966 3303 4020 et
3403 3959 3702 4044 Spiritus

2152 4060 2387 4125 sancti.
2445 4060 2907 4151 suscipiens
2966 4070 3090 4139 est
3141 4067 3382 4144 homo
3433 4072 3705 4146 viator

2157 4173 2629 4266 aliqualiter
2718 4184 3528 4280 consentiens;quod
3597 4192 3705 4265 in-

2159 4289 2682 4380 telligendum
2723 4300 2844 4367 est
2890 4298 3097 4373 sicut
3129 4302 3218 4374 de
3252 4303 3701 4398 Baptismo,

2160 4410 2246 4479 ut
2312 4411 2534 4499 patet
2611 4414 2766 4480 dist.
2814 4417 2878 4486 4.
2955 4418 3101 4490 Sed
3177 4418 3308 4493 hIc
3387 4426 3704 4499 tantum

2157 4524 2607 4618 suscipiens
2669 4535 2791 4603 est
2856 4538 3295 4610 secundum
3333 4539 3708 4616 determi-

2158 4646 2437 4716 natam
2563 4648 2908 4738 partem‚
3037 4657 3378 4746 propter
3500 4662 3706 4749 quod

2157 4757 2477 4832 additur
2571 4764 2643 4830 in
2754 4768 3010 4850 fronte.
3114 4770 3495 4847 Minister
3583 4782 3707 4851 est

2157 4875 2605 4971 Episcopus
2708 4882 2836 4952 vel
2947 4884 3184 4969 alius,
3275 4890 3404 4962 cui
3500 4913 3707 4965 com-

2160 4993 2373 5065 mitti
2444 5000 2775 5088 poterit‚
2844 5000 3012 5074 ideo
3073 5004 3372 5078 dicitur
3433 5008 3511 5079 in
3580 5030 3706 5101 ge·

2156 5112 2415 5185 nerali
2473 5140 2514 5182 α
2581 5121 2887 5186 ministro
2955 5123 3218 5192 idoneo.
3293 5126 3413 5197 ΕΧ
3473 5132 3707 5218 parte

2160 5227 2520 5303 ministri
2624 5235 3075 5326 requiritur
3174 5238 3551 5316 simultas
3626 5244 3706 5317 in

2159 5344 2523 5422 faciendo
2560 5355 2996 5447 utrumque
3040 5360 3334 5440 actum,
3392 5361 3706 5436 scilicet

2162 5465 2569 5540 unctionis
2669 5473 2745 5543 et
2823 5474 3312 5565 prolationis
3389 5479 3700 5560 formae,

2156 5586 2235 5654 et
2338 5584 2573 5659 etiam
2690 5588 2955 5663 debita
3060 5590 3429 5679 intenti0‚
3532 5616 3706 5687 quae

3521 5717 3585 5768 44

3834 1885 3912 1930 tra
3953 1895 4011 1929 ue

2158 1926 2667 2005 Sacramenti
2770 1943 3140 2026 materia,
3242 1950 3430 2039 quia
3517 1976 3697 2028 cum
3732 1896 4050 2057 Cgssg‘r‘ffiffii,

3821 2067 3953 2118 oniS.

3800 3621 3983 3669 Forma

3727 3683 4047 3734 Confirmati-

3820 3747 3953 3798 oniS.

3848 3848 3861 3860 .
3901 3810 3955 3861 4.
