4287 6313
1579 405 1777 471 ms'r.
1813 406 1892 468 111
1964 405 2326 483 QUAES'rlo
2373 405 2472 468 IV.
3578 407 3696 470 375

508 572 708 634 etiam
768 571 964 634 citant
1017 570 1265 633 Bedam
1304 576 1373 632 et
1464 568 1848 650 Dionysium
1906 567 2055 629 Car-

509 690 883 751 thuslanum
953 694 1329 750 asserentes
1401 686 1753 748 terminum
1830 685 2053 747 obser·

505 804 740 867 vantiae
812 803 1043 882 legalis
1124 801 1361 864 Judaeis
1441 801 1775 863 conversis
1845 799 2051 863 fuisse

506 922 813 1002 positum,
891 920 1210 1001 quamdiu
1284 924 1489 981 staret
1568 920 1910 996 templum,
1986 924 2055 981 et

504 1038 819 1104 sacrificia
847 1041 876 1100 J
885 1038 1293 1118 erosolymis,

270 1166 358 1216 84.
413 1229 419 1235 ¹
585 1154 1076 1233 Responsiones
1130 1152 1216 1215 ad
1281 1155 1672 1232 argumenta
1746 1154 2053 1230 superius

172 1229 456 1340 Resffinsno
504 1265 841 1352 attigimus
910 1270 1298 1348 explicando
1374 1270 1880 1332 controversiam
1964 1269 2046 1332 de

154 1361 476 1419 '‘gumem'
505 1396 715 1454 morte
784 1389 1120 1471 legalium,
1190 1406 1334 1467 quae
1393 1391 1564 1451 clare
1645 1392 1713 1449 et
1771 1386 2047 1450 fundate

499 1507 606 1569 hic
668 1506 951 1584 explicat
1022 1506 1285 1578 Ductor,
1359 1521 1513 1566 nam
1571 1505 2047 1567 consummatio

498 1618 669 1681 facta
696 1620 762 1680 in
794 1619 1000 1682 Cruce
1048 1619 1454 1699 intelligitur,
1499 1618 1605 1679 vel
1658 1615 1741 1677 de
1784 1616 1862 1678 iis
1908 1633 2053 1695 quae

503 1737 585 1799 de
640 1735 795 1798 fillio
850 1736 1129 1799 hominis
1187 1740 1377 1798 erant
1429 1735 1695 1812 scripta,
1741 1739 1814 1796 ut
1869 1739 2053 1813 patet

503 1856 685 1916 Lucae
736 1855 829 1917 12.
894 1856 1048 1915 Ecce
1091 1853 1492 1914 ascendimus
1545 1850 2048 1926 lerosolymam,

501 1977 626 2034 etc.
690 1974 758 2033 et
814 1971 955 2031 aliis
1018 1970 1181 2030 locis
1237 1983 1437 2045 supra
1495 1969 1727 2038 citatis»,
1790 1967 1896 2027 vel
1958 1965 2042 2028 de

502 2092 1071 2155 consummatione
1113 2090 1182 2153 in
1230 2103 1452 2161 causa,
1480 2091 1557 2150 ut
1596 2088 1795 2149 etiam
1825 2087 1890 2148 S.
1929 2089 2046 2147 Bo·

503 2210 868 2268 naventura
918 2210 985 2267 et
1042 2204 1147 2266 alii
1196 2219 1396 2281 supra
1440 2202 1615 2264 citati
1687 2202 2043 2279 explicant,

505 2337 639 2383 non
671 2322 984 2382 tamenin
1036 2319 1281 2382 effectu
1331 2317 1545 2380 donec
1586 2317 1698 2379 lex
1748 2317 2047 2394 promul-

507 2441 799 2517 garetur.
911 2420 919 2429 ⁵

188 2562 455 2636 Quomodo
588 2558 993 2635 Argumenta
1024 2556 1214 2616 etiam
1257 2553 1662 2632 principalia,
1707 2559 1783 2616 ut
1823 2551 1986 2617 illud
2034 2569 2050 2611 ε

182 2628 455 2740 ’ᾶῗὲἰριιθω
511 2675 648 2735 Non
719 2672 866 2733 veni
915 2671 1161 2732 solvere
1214 2669 1441 2747 lcqcm,
1503 2671 1615 2731 sed
1666 2669 2049 2745 adimplere,

506 2789 889 2869 intelligitur
947 2788 1445 2862 universaliter;
1506 2788 1790 2864 primum
1852 2800 2047 2863 quan-

511 2910 649 2966 tum
708 2905 790 2967 ad
849 2905 1144 2978 moralia,
1192 2921 1337 2983 quae
1376 2908 1650 2965 manent
1695 2899 2052 2978 perfectius

509 3022 849 3100 explicata.
906 3022 1242 3085 Judiclalia
1300 3024 1575 3085 manent
1630 3035 1762 3081 non
1822 3019 1889 3079 in
1952 3033 2049 3090 se,

2159 566 2436 647 gelicam
2521 568 2739 649 legem
2816 574 3137 633 servatur.
3222 568 3706 632 Caeremonialia

2159 699 2294 745 non
2359 691 2625 747 manent
2669 686 2736 746 in
2791 702 2890 760 se,
2947 685 3068 749 sed
3138 686 3205 748 in
3273 686 3409 749 suis
3465 682 3708 764 signifi·

2165 804 2371 876 catis;
2454 819 2591 864 non
2679 803 2870 865 solvit
2941 801 3515 865 circumcisionem
3597 806 3712 864 aut

2163 920 2385 1001 legem
2436 918 2656 999 quoad
2703 917 3015 992 fructum,
3065 919 3185 982 sed
3240 920 3442 981 multo
3507 919 3711 981 abun-

2164 1035 2423 1098 dantius
2477 1035 2542 1097 in
2602 1034 2977 1114 perfectiori
3033 1040 3290 1097 retenta
3347 1039 3467 1097 est.
3518 1033 3708 1111 Quod

2165 1152 2456 1214 Christus
2521 1151 2721 1214 fuerit
2783 1153 3230 1224 circumcisus,
3274 1149 3396 1213 fuit
3443 1155 3715 1230 propter

2168 1265 2709 1346 adimpletionem
2765 1269 2959 1348 legiS,
3034 1286 3179 1348 quae
3251 1275 3390 1332 tum
3461 1267 3714 1331 duravit

2165 1387 2522 1461 antequam
2567 1383 2689 1445 alia
2737 1387 2977 1445 statuta
3027 1388 3149 1456 est,
3203 1384 3296 1444 sic
3341 1384 3536 1445 etiam
3568 1399 3713 1464 quae

2160 1503 2349 1560 erant
2402 1499 2569 1580 legis
2626 1504 2897 1573 naturae,
2972 1497 3484 1577 perficiebantur
3540 1503 3709 1563 circa

2157 1618 2453 1697 Moysen,
2530 1616 2746 1679 donec
2799 1618 2905 1678 lex
2961 1618 3027 1679 in
3098 1617 3272 1679 Sinai
3347 1617 3498 1679 data
3572 1624 3705 1689 θεῖς

2155 1734 2464 1814 intelligit
2518 1734 2601 1797 de
2670 1734 3022 1807 sacrificiis,
3084 1751 3217 1798 non
3273 1734 3355 1798 de
3412 1737 3710 1798 Circum-

2159 1863 2430 1936 cisione‚
2517 1865 2667 1941 quia
2749 1864 3009 1944 Moyses
3083 1864 3508 1927 circumcisus
3581 1871 3701 1927 est.

2160 1987 2259 2052 Ad
2289 1987 2660 2051 secundum
2691 1986 2928 2050 dicitur
2967 1986 3177 2051 foedus
3208 1990 3709 2065 sempiternum,

2157 2112 2265 2174 vel
2334 2130 2486 2175 cum
2559 2113 2935 2192 particulari
3023 2129 3274 2195 genere
3354 2112 3709 2190 Abraham,

2162 2239 2315 2318 quia
2386 2238 2563 2301 aliud
2647 2239 3029 2318 specialiter
3084 2257 3218 2302 non
3279 2237 3403 2303 fuit
3463 2238 3710 2312 datum,

2159 2363 2268 2424 vel
2311 2367 2517 2436 certe,
2546 2367 2623 2424 ut
2661 2361 2930 2441 quidam
2970 2364 3200 2425 volunt
3250 2379 3402 2425 cum
3446 2363 3712 2444 cyrillo,

2160 2487 2281 2550 fuit
2336 2489 2813 2566 sempiternum
2889 2489 3104 2551 donec
3164 2505 3244 2551 ex
3298 2493 3536 2551 natura
3591 2504 3713 2551 sua

2161 2619 2608 2687 revocaretur,
2680 2631 2763 2676 ex
2845 2613 3103 2677 diversa
3184 2613 3583 2687 conditione,
3644 2618 3712 2677 et

2161 2746 2338 2804 statu
2404 2739 2670 2822 generis
2754 2740 3073 2817 humani;
3166 2745 3233 2802 et
3307 2739 3434 2801 hoc
3512 2740 3708 2802 etiam

2160 2870 2449 2931 insinuat
2498 2872 2766 2942 Doctor,
2828 2868 2934 2929 vel
2983 2867 3374 2947 intelligitur
3425 2869 3713 2946 aequiva·

2160 2994 2399 3070 lenter,
2459 3000 2531 3056 ut
2609 2992 2767 3056 dicit
2833 2995 3268 3073 Augustinus,
3348 2992 3529 3071 quod
3604 2994 3715 3056 lex

506 3140 626 3205 sed
696 3141 761 3203 in
809 3139 1243 3221 aequiva19n25‚
1319 3142 1633 3218 quantum
1706 3133 1793 3198 ad
1849 3132 2051 3196 finem
2156 3135 2327 3185 nova
2382 3119 2506 3182 fuit
2544 3120 2860 3183 revelatio
2907 3120 3124 3182 verbis
3169 3120 3361 3200 legis,
3392 3121 3458 3183 in
3501 3136 3716 3201 eaque

508 3260 686 3338 pacis
735 3259 1031 3338 puhlicae,
1086 3274 1231 3338 quae
1276 3254 1633 3335 perfectius
1682 3270 1801 3332 per
1838 3255 2051 3316 Evan-

2161 3251 2651 3324 continebatur,
2703 3250 2874 3311 sicut
2923 3248 2986 3309 in
3041 3247 3299 3312 semine
3355 3247 3631 3311 fructus.
