4287 6313
601 392 733 457 ‚162

610 587 780 668 dice,
827 600 950 654 etc.
1005 598 1070 653 et
1109 582 1302 668 infra,
1375 606 1579 672 agens
1645 585 1726 652 de
1783 585 2166 654 definitione

609 705 944 791 Baptismi,
1010 726 1135 771 non
1205 705 1375 792 quod
1420 704 1506 771 sit
1570 704 1690 771 alia
1768 705 2165 793 significatio

609 821 899 908 partialis
959 820 1298 908 integralis
1339 821 1404 886 in
1456 842 1608 900 un0,
1645 821 1846 888 altera
1906 823 1971 887 in
2002 822 2161 888 alte-

607 958 680 1004 ro
718 938 915 1025 (quia
964 910 1070 1005 sic*
1114 958 1313 1003 unum
1374 937 1517 1004 sine
1574 937 1777 1004 altero
1834 937 2163 1009 conferret

605 1058 938 1133 effectum,
993 1054 1162 1121 sicut
1217 1056 1284 1122 in
1341 1057 1758 1124 Sacramento
1841 1054 2159 1121 Euchari-

608 1173 753 1239 stiae
813 1191 938 1238 una
1015 1174 1268 1257 species
1334 1185 1755 1241 consecratur
1831 1171 2153 1245 seorsim;

606 1290 710 1355 vel
753 1289 820 1354 in
877 1300 1166 1355 extrema
1228 1289 1567 1366 Unctione,
1617 1287 1879 1374 quidam
1936 1287 2157 1353 dicunt

608 1406 965 1494 quamlibet
1013 1405 1399 1503 integralem
1451 1406 1822 1472 unctionem
1860 1405 2159 1472 conferre

607 1545 798 1591 suum
839 1524 1136 1590 effectum
1179 1535 1243 1589 et
1278 1522 1666 1610 diversum),
1703 1523 1816 1589 sed
1849 1522 2020 1610 quod
2053 1522 2157 1587 in-

604 1652 863 1727 tegrent
894 1661 1096 1706 unum
1131 1640 1485 1720 materiale,
1524 1651 1593 1705 ut
1630 1639 1908 1706 subsunt
1943 1640 2154 1708 eidem

604 1757 857 1823 formali
899 1755 1386 1842 significationi,
1441 1755 1612 1841 quod
1672 1755 1751 1821 de
1809 1755 1977 1821 sacili
2027 1758 2154 1824 sal-

602 1890 794 1940 vatur
846 1874 911 1938 in
974 1885 1195 1938 nostra
1249 1872 1610 1949 sententia,
1677 1872 1742 1936 in
1825 1872 2152 1940 sententia

602 2001 819 2055 tamen
852 1987 1376 2053 adversariorum
1412 2008 1540 2051 non
1573 1985 1685 2066 ita,
1730 1987 1880 2072 quia
1913 1989 1986 2053 in
2015 2011 2151 2055 esse

604 2105 698 2171 rei
769 2104 1014 2171 faciunt
1061 2104 1346 2183 diversa,
1393 2116 1455 2169 et
1488 2125 1615 2170 non
1678 2125 1878 2169 unum
1934 2107 2151 2192 subje-

604 2232 806 2301 ctum,
844 2219 1161 2308 quidquid
1206 2220 1404 2307 aliqui
1449 2220 1703 2306 fingant
1767 2221 1848 2287 de
1886 2242 2146 2309 compo·

604 2338 842 2404 sitione
871 2337 1057 2425 quasi
1089 2350 1269 2404 actus
1311 2352 1372 2405 et
1407 2338 1712 2425 potentiae
1745 2338 1917 2406 inter
1947 2362 2050 2408 res
2082 2354 2148 2407 et

571 2453 830 2531 verba.

283 2608 288 2613 ⁴
374 2628 466 2681 vis
693 2592 824 2655 Hoc
861 2609 1019 2676 ergo
1067 2602 1166 2656 est
1197 2590 1369 2676 quod
1402 2602 1581 2677 putat
1631 2595 1863 2658 Doctor
1901 2592 2146 2678 impro-

256 2692 568 2757 argumenti.
606 2706 838 2786 babile,
920 2726 1151 2791 nempe
1227 2705 1521 2772 diversas
1590 2709 1888 2787 virtuteS,
1943 2721 2007 2775 et
2050 2721 2145 2775 tot

601 2840 745 2886 esse
776 2820 840 2885 in
899 2823 1315 2887 Sacramento
1359 2841 1441 2887 ex
1501 2821 1749 2887 ratione
1795 2822 1933 2908 jam
1976 2844 2141 2909 proe-

598 2934 798 3000 missa
841 2958 855 3013 ;
902 2934 1071 3022 quod
1118 2935 1483 3001 necessario
1523 2946 1740 3001 tamen
1791 2935 2137 3018 dicendum

592 3060 716 3127 est,
752 3051 806 3115 si
840 3050 1050 3117 virtus
1092 3050 1258 3127 haec,
1298 3050 1363 3115 in
1405 3070 1534 3139 qua
1582 3050 1883 3117 consistit
1932 3052 2140 3138 signi-

594 3163 806 3230 ficatio
873 3165 1164 3232 formalis
1249 3166 1674 3244 Sacramenti,
1759 3166 1844 3232 sit
1918 3167 2133 3245 realiS‚

591 3281 740 3367 quia
783 3280 878 3347 sic
940 3280 1065 3346 alia
1105 3282 1230 3347 erit
1287 3281 1354 3346 in
1424 3281 1668 3360 verbis,
1743 3282 1894 3360 alia,
1953 3282 2135 3347 verbi

588 3397 821 3483 gratia,
859 3395 922 3462 in
954 3417 1124 3483 aqua
1154 3410 1218 3462 et
1248 3396 1535 3474 lotione;
1580 3410 1641 3463 et
1693 3409 2024 3484 sequetur,
2078 3397 2132 3462 si

590 3511 746 3578 lotio
778 3511 1102 3598 praecedat
1141 3512 1463 3598 integram
1522 3512 1946 3599 prolationem
2000 3512 2132 3578 for·
2180 3566 2188 3572 .

590 3647 714 3692 mae
762 3626 1190 3713 baptismalis,
1235 3625 1408 3714 quod
1469 3626 1758 3693 conferet
1822 3627 2127 3696 effectum

585 3741 817 3829 gratiae
861 3754 925 3808 et
971 3742 1314 3809 deletionis
1370 3743 1641 3828 peccati,
1700 3744 1851 3832 quia
1915 3744 2128 3811 virtus

583 3857 815 3925 efficax
882 3878 1009 3924 non
1072 3860 1310 3925 frustra
1364 3859 1748 3945 applicatur,
1804 3860 1975 3946 quod
2029 3872 2129 3927 est

580 3973 843 4054 falsum,
898 3974 1050 4062 quia
1104 3975 1248 4040 sine
1315 3974 1730 4040 invocatione
1790 3975 2130 4042 Trinitatis

580 4088 806 4176 nequit
836 4090 984 4177 quis
1016 4089 1230 4156 valide
1259 4089 1599 4176 baptizari.
1659 4089 1840 4156 Unde
1905 4091 2128 4157 verifi-

575 4217 759 4273 catur
804 4184 1296 4293 illud'vulgare
1380 4207 1784 4296 Augustini:
1857 4209 2129 4274 Accedit

575 4323 838 4390 verbum
911 4322 1001 4388 ad
1048 4324 1458 4403 elementum,
1503 4334 1563 4388 el
1600 4325 1681 4405 lic
1727 4326 2125 4390 Sacramen-

578 4449 759 4518 tum,·
800 4450 1146 4524 antequam
1178 4457 1336 4524 ergo
1377 4438 1657 4519 accedat,
1707 4458 1835 4503 non
1896 4437 1967 4504 fit
2014 4441 2125 4505 Sa·

580 4568 1010 4622 cramentum.

348 4701 427 4751 32.
670 4669 1067 4756 Responderi
1143 4680 1354 4755 potest
1411 4669 1722 4749 secund0‚
1806 4671 2120 4756 interpre-

225 4762 542 4890 efficigffl‘}
585 4787 780 4853 tando
821 4791 1157 4853 Doctorem
1192 4787 1464 4873 praecise
1505 4788 1583 4853 de
1614 4787 1752 4872 ipsa
1787 4787 2017 4866 forma,
2041 4786 2121 4852 de

527 4965 532 4972 .
578 4924 706 4992 qua
744 4902 1029 4980 disserit,
1074 4902 1139 4967 in
1181 4922 1308 4987 qua
1357 4913 1449 4968 tot
1491 4903 1766 4968 virtutes
1816 4903 2119 4989 partiales

576 5019 751 5099 dare,
807 5017 1065 5084 videtur
1103 5017 1576 5083 inconveniens
1608 5038 1689 5083 ex
1720 5017 2115 5084 confirmati-

570 5156 696 5201 one
736 5134 1101 5221 praemissa.
1154 5133 1420 5214 Deinde,
1468 5146 1769 5220 utsupra
1821 5135 2115 5220 praemis-

569 5272 718 5319 sum
775 5264 896 5331 est,
969 5252 1034 5317 in
1093 5251 1383 5318 secundo
1431 5263 1846 5338 argumente,
1908 5251 2115 5318 forma

567 5388 695 5434 non
781 5367 974 5434 habet
1031 5367 1362 5446 effectum,
1433 5366 1640 5433 donec
1704 5368 2111 5454 compleatur

553 5485 696 5572 ejus
739 5483 1048 5570 prolatio;
1095 5504 1252 5569 ergo
1293 5481 1612 5568 quidquid
1654 5493 1755 5548 est
1804 5482 1870 5548 in
1931 5482 2097 5569 ipsa,

554 5599 738 5692 prius
790 5598 1052 5681 desinit,
1100 5618 1293 5688 quam
1389 5596 1621 5663 habeat
1668 5596 1993 5681 effectum,
2043 5613 2107 5666 et

1694 389 1842 458 Lm.
1889 390 1994 459 lv.
2025 388 2629 460 SENTENTIARUM

2278 587 2374 653 sic
2431 587 2674 653 frustra
2731 585 3018 673 ponitur.
3099 589 3324 674 Neque
3390 584 3516 655 dici
3577 599 3816 675 potest,

2275 700 2446 786 quod
2508 720 2635 765 una
2666 699 2978 786 particula
3038 722 3426 787 permanens
3459 705 3525 769 in
3578 704 3823 770 virtute

2273 815 2544 882 alterius
2583 816 2967 897 desinentis,
3019 829 3242 885 causet
3289 819 3619 898 effectum,
3667 820 3819 908 quia

2276 931 2504 997 nonin
2543 931 2788 999 virtute
2828 932 3007 999 illius
3059 945 3160 1001 est
3204 933 3671 1021 significativa,
3707 947 3821 1002 aut

2274 1046 2613 1134 integrans
2659 1047 2961 1129 formam,
3006 1049 3117 1117 sed
3176 1072 3256 1117 ex
3299 1052 3714 1118 institutione
3755 1066 3821 1119 et

2271 1164 2524 1230 ratione
2590 1167 2875 1252 propria,
2937 1187 3085 1232 cum
3173 1167 3260 1233 sit
3334 1189 3524 1255 aeque
3600 1188 3823 1235 essen-

2269 1281 2445 1349 tialis
2506 1308 2521 1361 ;
2580 1306 2739 1372 ergo
2809 1308 3020 1375 neque
3105 1288 3172 1353 in
3239 1288 3482 1355 virtute
3546 1286 3818 1355 alterius

2270 1412 2521 1468 causat.

2357 1517 2740 1585 Confirmari
2825 1531 3036 1605 potest
3099 1519 3288 1587 tertio
3347 1533 3553 1588 totum
3614 1543 3814 1609 argu·
3864 1528 4136 1641 Coqtltlxssma-

2268 1647 2589 1713 mentum,
2690 1635 2866 1722 quia,
2948 1649 3017 1702 ut
3068 1657 3268 1724 supra
3361 1637 3609 1704 dictum
3678 1652 3800 1717 est,
3936 1653 4067 1726 ratip

2266 1748 2472 1815 forma
2504 1764 2575 1817 ut
2604 1762 2703 1817 est
2735 1751 3116 1837 significans
3139 1775 3219 1819 ex
3246 1753 3545 1820 instituto
3590 1754 3806 1821 homi·
3871 1731 4156 1780 praemmsa,

2264 1885 2445 1945 num,
2482 1879 2580 1932 est
2611 1866 3103 1933 fundamentum
3143 1867 3642 1955 significationis
3691 1872 3807 1936 Sa·
3909 1886 4090 1938 Forma

2262 1983 2703 2063 eramentalis,
2757 1985 2822 2049 in
2874 2006 2999 2074 qua
3060 1987 3360 2052 consistit
3400 1986 3543 2051 haec
3594 1986 3807 2053 virtus
3854 1965 4147 2076 sigffissau.

2259 2098 2594 2163 causativa
2642 2100 2828 2186 ejus;
2903 2100 3015 2166 sed
3075 2101 3571 2169 fundamentum
3619 2100 3803 2182 illud,
3896 2091 4110 2187 „ogaest

2261 2233 2497 2299 nempe
2528 2213 2852 2281 institutio
2892 2215 3174 2283 humana
3209 2237 3333 2285 non
3401 2217 3803 2304 superaddit,
3852 2199 4131 2311 ⁸⁰}'gssffigm

2258 2330 2386 2395 nisi
2472 2331 3069 2400 denominationem
3155 2334 3616 2415 extrinsecam,
3700 2333 3803 2401 vel
3905 2323 4075 2376 ‘⁰⁸⁵⁸-

2258 2445 2499 2534 aliquid
2567 2450 2860 2525 rationis,
2923 2464 2988 2517 et
3072 2471 3200 2516 non
3240 2449 3433 2530 reale,
3484 2450 3802 2538 quidquid

2254 2561 2413 2628 illud
2447 2564 2533 2631 sit
2559 2586 2574 2643 ;
2604 2565 2727 2633 hoc
2758 2579 2977 2633 autem
3013 2566 3239 2653 nequit
3267 2587 3412 2633 esse
3452 2567 3618 2632 ratio
3673 2566 3799 2632 for-

2256 2678 2445 2746 malis
2493 2681 2922 2770 subjectandi,
2976 2697 3088 2749 aut
3139 2682 3450 2749 fundandi
3512 2682 3797 2769 aliquam

2255 2796 2634 2883 qualitatem
2692 2798 2959 2878 realem,
3012 2819 3160 2886 quae
3202 2798 3288 2864 sit
3314 2795 3533 2865 virtus
3575 2799 3799 2865 Sacra-

2259 2914 2489 2981 menti.

2345 3048 2587 3114 Deinde
2619 3047 2729 3113 illa
2761 3046 3041 3133 qualitas
3086 3060 3187 3114 est
3227 3068 3375 3127 una,
3413 3047 3565 3134 quia
3621 3048 3794 3135 prin·
3824 3129 3901 3180 Fx
3921 3066 4123 3179 dagam

2252 3166 2495 3253 cipium
2537 3165 2809 3231 formale
2848 3165 3246 3251 producendi
3291 3188 3493 3233 unum
3540 3179 3604 3233 et
3634 3167 3797 3233 sim—
3885 3191 4089 3243 virtutis

2251 3280 2483 3368 plicem
2516 3281 2819 3347 effectum
2881 3281 2948 3346 in
3006 3282 3255 3359 anima;
3311 3283 3422 3349 sed
3481 3282 3687 3348 oratio
3729 3283 3793 3348 in
3901 3255 4072 3305 ‘²⁸5⁸‘

2248 3420 2383 3464 esse
2421 3397 2513 3463 rei
2564 3411 2629 3463 et
2677 3398 2880 3478 vociS,
2924 3419 3052 3463 non
3091 3409 3191 3464 est
3239 3419 3388 3478 una,
3440 3399 3787 3487 nequidem

2248 3512 2675 3598 integraliter,
2721 3513 2873 3599 quia
2905 3527 3061 3599 quot
3115 3526 3268 3580 sunt
3308 3535 3501 3581 voces
3535 3526 3599 3582 et
3649 3515 3792 3581 soni

2245 3626 2514 3707 diversi,
2570 3641 2664 3694 tot
2693 3641 2847 3696 sunt
2903 3629 3077 3695 entia
3110 3629 3394 3710 diversa,
3442 3652 3590 3719 quae
3653 3632 3795 3697 nul-

2243 3741 2379 3808 lum
2437 3743 2734 3810 ordinem
2792 3743 2871 3812 ad
2912 3766 2983 3811 se
3023 3743 3303 3812 invicem
3334 3745 3586 3825 dicunt,
3661 3748 3792 3814 nisi

2242 3869 2494 3926 tantum
2575 3859 2974 3946 prolationis,
3040 3881 3167 3948 qua
3244 3881 3367 3927 una
3446 3883 3577 3928 vox
3645 3876 3793 3951 post

2242 3972 2435 4040 aliam
2484 3976 2749 4061 edatur;
2790 3988 2853 4044 et
2893 3978 3001 4043 hic
3047 3978 3205 4043 ordo
3248 3998 3375 4043 non
3425 3993 3525 4045 est
3566 4000 3788 4046 essen-

2244 4089 2437 4167 tialis,
2477 4112 2688 4178 neque
2744 4092 3196 4178 dependentiae
3250 4093 3443 4160 unius
3485 4095 3790 4161 dictionis

2244 4204 2308 4269 in
2340 4226 2473 4271 esse
2504 4208 2596 4272 rei
2637 4207 2717 4272 ab
2748 4206 2906 4286 alia;
2944 4229 3102 4296 ergo
3142 4209 3354 4276 solum
3387 4209 3612 4276 dicunt
3645 4210 3790 4276 uni·
3855 4231 4110 4305 Accideqs

2238 4331 2435 4388 tatem
2470 4322 2994 4410 significationis,
3032 4347 3181 4413 quae
3222 4329 3436 4394 unitas
3474 4342 3573 4394 est
3627 4328 3787 4395 rati·
3851 4301 4101 4408 Jf'ssffi‘t'ffi}

2238 4437 2383 4504 onis
2415 4452 2694 4517 tantum,
2745 4440 2859 4506 sed
2907 4442 3208 4507 accidens
3257 4444 3569 4530 supponit
3636 4444 3785 4510 uni·
3843 4421 4078 4547 subfg'gti.

2238 4563 2433 4618 tatem
2475 4554 2576 4621 sui
2626 4554 2931 4642 subjecti,
2983 4577 3019 4621 a
3051 4577 3178 4643 quo
3227 4556 3598 4643 dependet;
3657 4579 3785 4625 non

2236 4680 2449 4754 potest
2522 4669 2697 4735 enim
2768 4670 3135 4757 dependere
3189 4673 3453 4739 simula
3521 4672 3788 4740 duobus

2236 4784 2614 4852 naturaliter
2644 4797 2923 4864 tantum,
2998 4786 3168 4873 quod
3238 4787 3511 4874 perinde
3580 4789 3772 4859 etiam

2232 4921 2465 4966 verum
2532 4913 2629 4967 est
2678 4901 2756 4966 de
2814 4901 3100 4988 potentia
3173 4903 3474 4970 absoluta
3541 4905 3651 4971 Dei
3706 4927 3787 4972 ex

2231 5015 2573 5103 principiis
2624 5018 2962 5098 Doctoris;
3027 5038 3185 5104 ergo
3220 5017 3287 5084 in
3319 5020 3525 5086 forma
3571 5042 3782 5109 neque

2232 5132 2674 5212 materialiter,
2740 5155 2949 5220 neque
3033 5135 3392 5203 formaliter
3442 5136 3780 5204 invenitur

2230 5249 2393 5314 ratio
2459 5249 2863 5336 subjectandi
2926 5250 3120 5317 talem
3190 5252 3595 5339 qualitatem,
3665 5255 3776 5321 de·

2229 5376 2475 5432 structo
2533 5381 2746 5433 autem
2802 5368 3119 5454 subjecto,
3174 5370 3534 5438 destruitur
3596 5372 3772 5439 acci-

2229 5480 2430 5561 denS,
2497 5503 2656 5570 ergo
2710 5484 2886 5550 nulla
2971 5486 3077 5550 hic
3135 5485 3482 5573 imaginari
3553 5499 3771 5573 potest

2228 5618 2376 5665 cum
2427 5599 2846 5668 fundamento
2922 5600 3197 5691 qualitas
3249 5604 3770 5694 supernaturalis
