4287 6313
1729 458 1924 521 ms'r.
1973 458 2017 521 1.

409 630 574 691 libro
623 631 701 692 de
743 632 956 692 causis
1012 629 1270 702 dicitur,
1310 626 1492 705 quod
1532 641 1659 686 nec
1718 622 1957 683 Intelli-

408 748 656 825 gentia,
717 762 843 807 nec
918 748 1133 808 anima
1210 742 1545 804 rationalis
1607 740 1718 802 dat
1782 754 1956 809 esse,

410 862 529 920 nisi
588 862 977 940 inquantum
1048 866 1359 939 operatur
1428 857 1808 937 operatione
1870 852 1963 914 di-

412 978 599 1049 vina;
658 976 780 1039 sed
840 978 1081 1038 creatio
1135 985 1234 1038 est
1304 974 1389 1035 ad
1438 990 1585 1036 esse
1636 971 1961 1041 absolute,

415 1112 549 1157 non
580 1103 798 1158 autem
830 1096 914 1158 ad
944 1098 1089 1170 hoc,
1136 1101 1248 1157 aut
1287 1093 1447 1156 illud
1500 1092 1962 1160 determinate,

412 1230 578 1292 ergo
613 1218 714 1274 est
741 1213 909 1274 actio
942 1212 1203 1291 propria
1238 1212 1380 1273 Dei.

502 1328 879 1390 Secundum
958 1328 1328 1388 membrum
1405 1328 1609 1402 patet,
1668 1321 1820 1399 quia
1876 1320 1968 1378 in·

414 1448 862 1504 strumentum
906 1460 1034 1505 non
1066 1444 1409 1519 participat
1456 1440 1785 1500 actionem
1818 1450 1973 1494 cau-

2069 457 2429 534 QUAESTlo
2474 461 2522 523 1.
3560 457 3631 520 17

2067 644 2217 694 nus
2339 622 2807 695 creationis.
2912 621 3191 695 Prima.
3274 623 3614 697 ‚videtur

2069 760 2248 810 esse
2308 736 2540 819 salsa,
2605 738 2794 830 quia
2851 758 2898 811 a
2950 760 3458 831 quocumque
3521 739 3623 812 ef·

2072 855 2391 928 ficiente
2491 859 2936 947 generatur
3044 855 3616 949 compositum,

2076 972 2174 1043 ab
2231 972 2508 1043 eodem
2549 971 2923 1046 effective
2981 975 3106 1045 est
3174 993 3351 1045 8888
3412 993 3624 1045 com-

2084 1087 2379 1178 positi3
2456 1089 2588 1160 sed
2675 1088 2995 1180 aliquod
3074 1087 3621 1180 compositum

2080 1205 2526 1291 generatur
2582 1224 2628 1275 a
2676 1224 2926 1276 causa
2976 1203 3251 1295 aliqua
3311 1207 3621 1284 creata,

2082 1318 2239 1391 nisi
2283 1322 2629 1395 tollatur
2700 1321 2959 1394 omnis
3021 1321 3236 1394 actio
3309 1315 3625 1394 creatu‘-

2087 1458 2197 1508 ree
2236 1464 2250 1518 ;
2296 1458 2519 1529 ergo,
2582 1443 2737 1512 etc.
2805 1439 3188 1511 Probatio
3254 1438 3622 1530 majoris,

3704 1509 3754 1559 1.
3796 1513 3847 1558 et
3874 1509 3928 1559 5.

418 1575 512 1618 sae
557 1560 937 1637 superioris,
990 1560 1112 1618 nisi
1158 1574 1276 1634 per
1326 1553 1576 1633 aliqmd
1633 1550 1973 1631 proprium
2088 1558 2259 1625 tum
2298 1554 2508 1644 quia,
2547 1555 2981 1627 secundum
3015 1553 3622 1646 Philosophum,
3657 1570 3868 1636 physio.
3928 1574 3981 1619 et

2087 1670 2509 1759 generatio
2581 1675 2704 1744 est
2781 1671 2875 1743 ad
2961 1692 3181 1751 8888;
3244 1674 3415 1743 tum
3485 1689 3630 1762 per
3660 1633 3810 1748 gig?
3840 1632 3978 1747 figes

416 1681 739 1751 operetur
797 1672 880 1734 ad
939 1674 1248 1734 effectum
1309 1687 1522 1732 causae
1571 1667 1967 1747 principaliS,

416 1794 575 1869 quia
638 1792 797 1851 alias
888 1788 1124 1851 frustra
1206 1792 1679 1859 assumeretur,
1753 1797 1976 1860 neque

420 1909 1109 1969 essentinstrumenta
1158 1904 1592 1967 determinata
1642 1915 1977 1961 assumen-

423 2023 513 2085 da
543 2023 630 2084 ad
678 2022 1149 2085 determinatas
1198 2020 1518 2091 actioneS,
1572 2034 1721 2078 cum
1774 2012 1979 2093 quod-

424 2141 590 2200 libet
645 2139 1101 2201 indifferenter
1147 2138 1382 2198 assumi
1442 2140 1688 2213 posset.
1746 2132 1981 2192 Exem-

432 2256 641 2335 plum,
676 2257 926 2318 securis
967 2254 1316 2317 assumitur
1358 2259 1431 2313 ut
1478 2252 1982 2312 instrumentum

434 2372 790 2435 scindendi
835 2373 1035 2450 ligna,
1070 2386 1219 2450 quae
1258 2376 1359 2431 est
1390 2366 1723 2445 dispositio
1757 2365 1989 2424 imme-

434 2490 612 2550 diata
671 2486 758 2548 ad
806 2485 1080 2549 formam
1147 2484 1396 2546 scamni
1455 2499 1648 2561 quam
1709 2475 1991 2540 intendit

431 2605 802 2683 principale
877 2620 1106 2683 agenS,
1172 2617 1431 2683 ,nempe
1517 2596 1771 2668 artifex,
1866 2590 1990 2654 sed

433 2722 689 2783 creatio
734 2736 868 2782 non
927 2725 1030 2780 est
1085 2735 1167 2780 ex
1218 2718 1438 2795 aliquo
1488 2713 1990 2793 praesuppositO,

433 2834 623 2915 quod
680 2840 910 2912 posset
983 2832 1264 2909 disponi,
1345 2846 1495 2892 cum
1556 2829 1635 2889 sit
1696 2826 1779 2889 ad
1842 2841 1991 2886 esse

436 2952 771 3024 absolute,
816 2951 994 3029 quod
1047 2953 1148 3010 est
1195 2949 1472 3009 effectus
1525 2946 1828 3024 proprius
1876 2942 1995 3002 Dei

445 3072 756 3141 creantis,
821 3072 887 3128 et
934 3066 1202 3143 reliquis
1268 3065 1832 3140 praesupponitur;
1910 3060 1990 3118 ita

438 3187 685 3250 format
732 3188 979 3246 Doctor
1019 3186 1340 3245 rationem
1375 3183 1450 3242 D.
1482 3181 1766 3249 Thomae,
1802 3192 1997 3255 quam

440 3303 762 3366 claritatis
806 3303 1017 3379 gratia
1058 3299 1409 3376 resumpsi,
1464 3303 1534 3357 ut.
1591 3296 2002 3357 examinetur

437 3423 814 3494 antequam
875 3412 960 3474 ad
1016 3415 1175 3475 alias
1232 3414 1525 3473 rationes
1594 3426 1713 3472 suo
1774 3406 2003 3471 ordine

440 3534 863 3596 deveniatur.

1034 3776 1437 3833 SCHOLIUM.

530 4032 788 4093 Refutat
873 4029 1139 4100 primam
1213 4027 1522 4082 rationem
1600 4027 1664 4079 D.
1743 4024 2011 4090 Thomae,

454 4131 886 4189 continentem
930 4127 1038 4181 has
1087 4125 1239 4181 duas
1272 4124 1739 4195 propositiones,
1774 4123 2018 4178 scilicet

454 4245 589 4287 esse
610 4225 987 4297 simpliciter
1015 4239 1080 4279 88
1094 4239 1151 4278 se
1181 4239 1213 4278 a
1239 4226 1379 4290 De0,
1438 4225 1499 4278 et
1527 4221 1640 4276 hoc
1662 4222 1680 4275 i
1690 4235 1867 4291 psum
1901 4234 2023 4276 esse

458 4327 814 4385 terminare
847 4323 1241 4378 creationem.
1276 4320 1528 4377 Retutat
1558 4320 1746 4374 etiam
1796 4318 2021 4373 claris-

460 4428 631 4483 sime
690 4421 1105 4493 probationeS‚
1164 4419 1395 4490 quibus
1454 4420 1518 4472 D.
1580 4417 1792 4473 Thom.
1845 4430 2020 4471 suam

466 4524 780 4578 rationem
841 4519 1184 4582 confirmat,
1246 4519 1304 4570 et
1362 4515 1631 4585 explicat
1705 4513 1856 4585 quid
1921 4528 2026 4568 re-

467 4624 771 4693 quiratur
815 4617 892 4673 ad
940 4616 1249 4672 rationem
1301 4615 1730 4680 instrumenti,
1780 4613 1858 4668 de
1908 4628 2027 4682 quo

466 4720 607 4790 agit
646 4734 705 4789 q.
740 4719 793 4772 4.
829 4721 888 4773 et
916 4713 973 4771 d.
1011 4715 1099 4771 18.
1162 4729 1218 4785 q.
1270 4713 1319 4768 1.
1353 4711 1413 4769 d.
1460 4712 1512 4767 6.
1550 4726 1607 4782 q.
1640 4712 1694 4767 5.
1744 4713 1807 4766 et
1849 4709 1908 4766 d.
1946 4710 2031 4774 13,

467 4834 531 4889 q.
570 4818 622 4872 1.
656 4814 733 4871 ad
764 4817 820 4870 5.

573 5045 722 5120 Sed
769 5043 943 5115 istae
988 5039 1352 5113 rationes
1411 5037 1511 5126 (b)
1570 5056 1728 5106 non
1768 5036 2027 5108 viden-

2092 1786 2520 1869 rationem,
2589 1786 2777 1878 quia
2829 1807 2876 1857 a
2934 1806 3436 1878 quocumque
3505 1806 3630 1877 ge-

2091 1906 2434 1973 neratur
2475 1903 3045 1995 compositum,
3103 1924 3244 1996 per
3287 1904 3462 1994 ejus
3513 1924 3637 1977 ac-

2096 2017 2398 2089 tionem
2432 2014 2702 2090 forma
2751 2023 2875 2092 est
2919 2019 2999 2089 in
3034 2019 3428 2101 materia;
3476 2017 3639 2091 for-

2100 2153 2312 2204 mam
2372 2136 2643 2205 autem
2705 2154 2882 2205 esse
2943 2134 3019 2205 in
3082 2134 3454 2214 materia,
3520 2136 3642 2206 est

2098 2249 2646 2340 compositum
2711 2248 3008 2322 habere
3067 2270 3268 2331 esse,
3325 2249 3515 2342 quia
3576 2247 3646 2320 si

2098 2385 2283 2446 non,
2329 2370 2469 2439 aut
2508 2385 2706 2457 ergo
2739 2375 2863 2440 est
2894 2388 3071 2439 esse
3109 2365 3479 2459 sequitur
3509 2386 3644 2437 na-

2102 2481 2489 2554 turaliter
2529 2485 2793 2574 ipsum
2829 2483 3403 2575 compositum,
3443 2482 3648 2575 quod

2101 2604 2226 2673 est
2314 2600 2709 2671 terminus
2813 2599 3409 2689 generationis,
3510 2602 3651 2671 aut

2104 2717 2502 2810 praecedet
2579 2715 3114 2797 naturaliter;
3199 2715 3266 2786 si
3353 2735 3647 2808 praece·

2105 2834 2265 2914 dat,
2318 2851 2514 2921 ergo
2553 2830 2778 2923 prius
2811 2834 2932 2902 est
2965 2851 3143 2903 esse
3177 2830 3642 2923 compositi,

2113 2970 2350 3045 quam
2441 2950 2704 3042 ipsum
2791 2950 3362 3041 compositum,
3449 2948 3654 3041 quod

2111 3088 2268 3139 non
2328 3070 2452 3139 est
2506 3065 3052 3158 intelligibile;
3107 3064 3175 3137 si
3237 3068 3651 3158 sequatur,

2112 3185 2310 3275 erge
2387 3184 2558 3256 sine
2642 3183 3287 3257 contradictione
3386 3187 3660 3276 posset

2113 3301 2661 3394 compositum
2749 3301 3083 3392 produci
3165 3301 3261 3373 ad
3337 3306 3656 3392 agente,

2116 3399 2416 3508 absque
2488 3416 2636 3488 hoc
2707 3416 2911 3508 quod
2989 3418 3201 3488 Deus
3260 3417 3490 3491 daret
3541 3417 3662 3489 illi

2119 3531 2576 3625 composito
2673 3532 3067 3625 producto
3167 3553 3383 3615 esse,
3500 3532 3663 3606 imo

2123 3647 2612 3742 simpliciter
2662 3653 2936 3741 posset.
2993 3650 3209 3722 Deus
3269 3669 3428 3720 non
3476 3649 3670 3721 dare

2123 3785 2301 3837 esse
2344 3764 2463 3836 illi
2507 3765 2963 3856 composito
3024 3763 3442 3857 producto,
3486 3784 3669 3837 cum

2124 3902 2284 3953 non
2325 3883 2515 3971 agat
2575 3884 2813 3953 extra
2866 3901 2948 3952 se
2995 3879 3153 3952 nisi
3207 3879 3673 3971 contingen-

2128 4003 2281 4070 ter.
2335 3998 2499 4068 Nec
2566 3997 2783 4068 valet
2830 3996 3165 4087 fingere,
3228 3998 3433 4089 quod
3496 4018 3672 4069 esse

2129 4131 2290 4183 non
2338 4114 2459 4183 est
2504 4131 2549 4182 a
2600 4116 3039 4202 generante
3097 4113 3672 4206 compositum,

2131 4233 2211 4301 ct
2281 4233 2552 4300 tamen
2630 4228 3095 4300 necessario
3185 4228 3678 4301 concomita-

2136 4349 2272 4417 tur
2331 4344 2622 4435 ipsum,
2699 4345 2884 4435 quia
2963 4364 3123 4416 non
3190 4344 3679 4418 concomita-

2140 4464 2275 4533 tur
2347 4464 2433 4531 ut
2517 4460 2915 4530 terminus
3013 4459 3359 4530 actionis
3446 4478 3683 4551 gene-

2139 4574 2429 4654 rantis,
2497 4595 2639 4666 per
2711 4579 2809 4647 te.
2874 4574 2955 4647 Si
2997 4593 3195 4665 ergo
3251 4580 3338 4647 ut
3407 4574 3685 4648 termi-

2139 4712 2288 4762 nus
2350 4692 2666 4781 agentis
2721 4690 2988 4782 primi,
3052 4696 3132 4764 et
3191 4711 3350 4762 non
3393 4711 3684 4783 praece·

2140 4808 2330 4878 dens
2390 4807 2963 4898 compositum,
3043 4826 3242 4899 ergo
3319 4828 3685 4899 sequens,

2145 4925 2223 4994 et
2278 4922 2391 4994 ita
2469 4922 2639 4993 sine
2706 4922 3354 4996 contradictione
3425 4927 3692 5015 potest

2149 5059 2307 5109 non
2351 5038 2604 5129 sequi.

147 5114 452 5267 ξῑῑξξὲῑέἓζξο
478 5173 626 5238 tvn-
684 5156 1150 5231 necessario
1212 5153 1707 5226 concludere.
1762 5152 2033 5223 Prima
2243 5156 2445 5227 Item
2508 5157 2604 5244 (c)
2665 5153 3187 5245 probationes
3245 5153 3464 5226 illius
3519 5175 3699 5247 pro·
3766 5213 3999 5263 Secundo

146 5295 193 5332 J·
246 5283 443 5331 Thom-
482 5298 678 5357 non,
728 5274 1103 5348 consistit
1162 5269 1373 5343 enim
1419 5269 1497 5339 in
1554 5269 1677 5340 his
1734 5269 2033 5340 duabus
2156 5270 2585 5362 positionis
2685 5269 3162 5361 improbatae
3251 5290 3461 5343 nunc
3538 5291 3697 5342 non
3751 5276 4011 5324 resumta·

490 5390 1195 5490 propositionibus
1254 5414 1268 5457 ε
1317 5409 1495 5459 8888
1555 5386 2040 5478 simpliciter
2152 5386 2449 5472 valent,
2490 5405 2678 5456 nam
2732 5385 2943 5458 ratio
2997 5387 3090 5458 ad
3153 5385 3302 5458 hoc
3363 5387 3701 5460 adducta.
3748 5338 4031 5450 ‘³⁸⁶3‘ae

482 5517 612 5587 est
664 5506 1048 5602 proprius
1107 5501 1444 5576 effectus
1510 5502 1679 5574 Dei.
1725 5507 1805 5574 et
1860 5523 2039 5574 8888

482 5624 987 5718 simpliciter
1071 5624 1197 5693 est
1296 5617 1685 5710 proprius
1766 5618 2040 5692 termi-

650 5739 975 5797 Tom.xv1.

2160 5508 2438 5596 peccat
2471 5503 2903 5575 secundum
2945 5502 3699 5594 aequivocationem,

2159 5619 2281 5691 vel
2323 5619 2588 5693 altera
2631 5619 3244 5711 praemissarum
3296 5624 3420 5692 est
3470 5618 3702 5691 falsa.

3498 5735 3532 5786 2
