4287 6313
533 433 611 515 36
1691 437 1836 509 ΗΒ.
1888 434 1983 497 iv,
2032 432 2630 509 SENTENTIARUM

188 624 369 687 ,Actio
406 622 481 696 iq·
618 598 994 662 Secundum
1046 600 1247 663 etiam
1288 600 1448 663 nihil
1496 601 1728 673 salvat,
1778 599 1929 676 quia
1962 613 2092 659 non

192 693 485 751 δῑωωθῑὼ·
540 718 752 796 magis
821 726 1148 798 repugnat
1223 719 1653 780 instrumento
1734 732 1935 796 agere
2011 730 2092 776 ex

530 834 747 895 ,forma
798 836 1054 913 propria
1105 836 1639 914 independenter
1691 853 1727 896 a
1794 832 2090 904 materia,

540 969 739 1031 quam
798 970 999 1033 agere
1057 972 1179 1032 per
1232 954 1539 1015 virtutem
1582 954 1971 1031 impressam
2029 954 2095 1011 et

540 1069 1081 1132 communicatam
1133 1068 1671 1147 independenter
1714 1086 1751 1129 a
1796 1068 2090 1137 materia,

255 1218 443 1270 Forma
536 1182 686 1246 ideo
710 1200 995 1262 namque
1020 1185 1299 1262 primum
1322 1190 1674 1262 repugnat,
1704 1183 1853 1262 quia
1882 1180 2092 1244 forma

217 1282 484 1418 ¹1¹2&ssle
537 1300 757 1362 innata
830 1307 895 1362 et
965 1303 1228 1379 propria
1300 1300 1735 1373 instrumenti,
1812 1301 1882 1361 in
1942 1310 2095 1359 esse

223 1412 479 1520 θὲἓὲἶῖΰ·
538 1415 877 1493 dependet
933 1435 970 1478 a
1026 1419 1327 1491 materia,
1386 1419 1492 1480 vel
1550 1417 1701 1496 quia
1747 1419 1846 1478 est
1893 1431 2095 1476 causa

259 1532 436 1644 2033]
544 1539 784 1606 creata,
850 1534 1041 1613 cujus
1110 1536 1277 1597 actio
1340 1532 1679 1612 dependet
1731 1547 1999 1609 semper
2058 1547 2096 1592 a

198 1656 485 1729 dependent
542 1653 870 1733 subjecto,
938 1653 1059 1714 sed
1114 1651 1399 1731 primum
1459 1650 1681 1712 delicit
1735 1652 1800 1710 in
1859 1653 2097 1710 instru-

197 1736 230 1770 a
265 1724 508 1771 materia.
544 1771 784 1830 mentis
834 1769 1278 1847 spiritualibus
1330 1776 1396 1831 et
1437 1767 1977 1839 subsistentibus,
2024 1769 2099 1825 ut

542 1886 797 1962 Angelo
844 1889 956 1946 aut
987 1889 1200 1948 anima
1231 1889 1558 1961 separata.

315 1996 396 2046 31.
625 1997 984 2077 Loquendo
1017 2000 1211 2059 etiam
1244 1997 1328 2059 de
1366 1994 1814 2058 materialibus
1863 1997 2097 2058 instru-

544 2116 805 2187 mentiS,
860 2114 1136 2191 perinde
1183 2113 1521 2175 concludit
1563 2119 1883 2192 praetensa
1935 2112 2098 2173 ratio

548 2229 630 2292 de
676 2230 932 2291 actione
997 2230 1413 2292 instrumenti
1477 2228 1879 2306 dispositiva,
1954 2244 2100 2289 eam

548 2343 935 2423 dependere
967 2362 1001 2405 a
1034 2344 1332 2420 materia,
1366 2361 1440 2404 ac
1474 2342 1555 2405 de
1601 2361 1675 2405 ea
1730 2357 1880 2421 quae
1936 2356 2099 2403 con·

546 2463 725 2523 venit
788 2477 907 2536 per
989 2463 1298 2522 virtutem
1364 2459 1756 2537 impressam
1811 2475 1847 2518 a
1903 2474 2099 2519 causa

546 2575 911 2655 principali,
961 2576 1112 2654 quia
1157 2577 1291 2637 haec
1339 2576 1543 2637 virtus
1573 2574 1745 2636 inest
1777 2578 1844 2635 et
1874 2573 2101 2651 recipi-

550 2696 655 2757 tur
696 2692 761 2753 in
802 2694 943 2770 ipso
975 2693 1441 2766 instrumentO,
1478 2695 1544 2752 et
1575 2690 1897 2769 quidquid
1930 2690 2098 2751 reci-

547 2808 725 2885 pitur
769 2808 834 2870 in
892 2808 1137 2887 aliqu0,
1216 2824 1337 2885 per
1393 2807 1667 2868 modum
1728 2806 2104 2884 recipientis

550 2925 887 3001 recipitur,
934 2940 1174 3000 nempe
1207 2923 1402 2985 modo
1437 2930 1707 2985 extenso
1743 2931 1807 2985 et
1851 2923 2106 3001 quanti·

555 3038 777 3112 tativo‚
840 3044 906 3100 et
954 3054 1074 3116 per
1121 3038 1391 3100 modum
1437 3038 1794 3100 accidentis
1839 3038 2108 3099 inhaeret

552 3153 983 3216 instrumento
1018 3155 1372 3228 materiali;
1412 3171 1569 3233 ergo
1607 3154 1882 3232 perinde
1912 3173 2103 3234 repu-

554 3275 713 3346 gnat
755 3271 875 3347 ipsi
909 3288 1109 3349 agere
1147 3270 1684 3347 independenter
1727 3289 1763 3332 a
1804 3274 2102 3347 materia,

552 3386 658 3447 vel
688 3387 1007 3464 attingere
1042 3386 1353 3447 effectum
1400 3387 1541 3446 sine
1577 3386 1688 3446 tali
1721 3384 2106 3464 dependen-

559 3504 682 3574 tia;
734 3517 892 3580 ergo
951 3500 1187 3562 frustra
1229 3509 1574 3563 recurrunt
1616 3500 1972 3563 adversarii
2021 3498 2105 3560 ad

555 3618 882 3680 actionem
912 3614 1358 3692 dispositivam
1392 3617 1832 3687 instrumenti,
1880 3623 1952 3678 ut
1981 3613 2105 3679 sal-

552 3736 710 3800 vent
739 3731 1039 3792 ordinem
1070 3730 1154 3792 ad
1185 3735 1543 3806 materiam,
1579 3748 1725 3792 cum
1756 3734 1819 3793 in
1851 3733 2105 3795 actione

553 3850 778 3921 altera,
849 3866 978 3927 qua
1049 3850 1304 3929 attingit
1367 3851 1678 3912 effectum
1737 3851 2106 3929 principalis

553 3967 835 4043 agentis,
871 3965 1039 4026 idem
1082 3981 1345 4028 servare
1380 3967 1692 4029 debeant.

255 4146 469 4197 Frustra
635 4083 703 4141 ln
760 4086 1042 4159 utroque
1100 4089 1315 4144 autem
1376 4084 1620 4160 petitur
1688 4083 2104 4160 principium,

248 4208 498 4282 assignari
556 4196 706 4276 quia
762 4197 916 4257 licet
969 4198 1472 4260 instrumentum
1535 4198 1617 4260 de
1680 4202 1975 4277 potentia
2040 4206 2107 4262 et

210 4286 530 4407 {ffigiffijffi'
556 4328 875 4374 concursu
905 4312 1268 4388 ordinariis,
1318 4319 1609 4393 nequeat
1651 4316 1898 4376 habere
1951 4317 2103 4377 effe·

319 4403 405 4451 ω·
556 4430 730 4487 ctum
762 4425 987 4488 formae
1033 4427 1371 4502 naturalis,
1423 4427 1653 4489 demus
1688 4429 1880 4489 talem
1929 4445 2100 4505 esse,

551 4549 662 4604 aut
692 4549 872 4606 certe
905 4545 1213 4606 effectum
1246 4547 1571 4624 attingere
1614 4562 1826 4607 causae
1867 4545 2100 4622 princi-

550 4659 715 4737 palis
737 4657 828 4738 (in
860 4676 989 4737 quo
1027 4660 1268 4736 praelati
1303 4663 1614 4721 Doctores
1647 4677 1777 4721 non
1809 4664 2104 4721 statuunt

553 4771 1070 4849 dependentiam
1103 4774 1188 4835 ad
1218 4774 1583 4848 materiam,
1618 4774 1736 4836 sed
1758 4779 2106 4836 recurrunt

555 4887 639 4950 ad
671 4890 980 4965 priorem,
1023 4894 1097 4952 ut
1136 4906 1401 4951 causam
1450 4889 1923 4968 repugnantiae,
1974 4906 2103 4967 qua

552 5003 807 5065 sublata
850 5005 1198 5068 admittunt
1242 4985 1637 5084 secundum)
1695 5021 1826 5065 non
1875 5005 2098 5083 sequi-

557 5124 680 5194 tur,
734 5121 892 5199 quin
939 5122 1005 5182 in
1057 5121 1181 5184 alio
1231 5120 1462 5183 ordine
1528 5120 1867 5192 causandi,
1922 5124 1986 5180 et
2037 5120 2104 5181 in

557 5234 812 5297 diverso
860 5251 1210 5306 concursu,
1266 5238 1377 5316 qui
1424 5235 1563 5299 dari
1608 5236 1817 5314 possit
1858 5233 1940 5295 de
1982 5252 2101 5312 po-

552 5353 754 5413 tentia
810 5351 1133 5423 absoluta,
1185 5366 1316 5412 non
1375 5350 1578 5428 possit
1634 5350 1820 5410 aliter
1873 5365 2098 5429 agere,

551 5465 733 5525 verbi
759 5467 993 5544 gratia,
1041 5465 1097 5525 si
1125 5466 1317 5527 homo
1349 5481 1704 5545 generanS‚
1751 5470 1823 5525 ut
1866 5465 2102 5526 instru-

550 5590 848 5646 mentum
880 5592 1192 5663 respectu
1244 5588 1593 5650 creationis
1648 5585 1887 5647 animae
1944 5584 2098 5646 rati-

268 2856 462 2908 Eodem

295 2921 448 2971 modo

290 2984 447 3035 etiam

242 3047 496 3118 dependet

236 3118 372 3161 actio
408 3124 499 3175 per

204 3181 480 3238 utrumque
489 3210 503 3224 .

2209 597 2441 669 onatiS,
2500 613 2621 675 per
2688 594 2965 657 formam
3020 593 3391 656 naturalem
3450 583 3757 664 disponat

2208 732 2469 793 corpuS,
2531 711 2772 775 deinde
2821 714 3099 791 attingat
3162 710 3556 771 creationem
3622 700 3755 762 ani-

2202 848 2348 904 mae,
2409 834 2562 891 tunc
2606 829 2895 891 solvatur
2951 832 3155 888 totum
3217 818 3396 902 quod
3455 817 3753 896 exigunt.

2202 951 2293 1011 Ex
2348 950 2447 1010 his
2508 962 2665 1023 ergo
2725 951 2932 1024 patet,
3005 940 3525 1023 propositionem
3581 934 3754 997 illam

2205 1067 2499 1128 Doctoris
2555 1080 2778 1124 veram
2838 1077 3010 1133 esse,
3063 1059 3214 1137 quia
3259 1072 3481 1135 neque
3525 1054 3759 1116 instru-

2203 1187 2500 1243 mentum
2571 1187 2979 1257 assumptum
3035 1180 3171 1257 agit
3228 1173 3611 1255 dispositive
3671 1170 3754 1232 ad

2208 1298 2517 1361 effectum
2548 1297 2999 1374 principalem.

2288 1415 2549 1478 Eaedem
2579 1415 2866 1476 rationes
2911 1412 3160 1474 faciunt
3212 1417 3437 1475 contra
3494 1408 3754 1487 Cajeta-
3788 1408 4090 1521 Exggffitsur

2204 1548 2388 1606 num,
2424 1534 2718 1612 quamvis
2746 1532 2854 1592 ille
2883 1546 3083 1592 unam
3124 1527 3459 1589 actionem
3509 1524 3759 1587 consti·
3815 1534 4072 1602 Cajetani.

2207 1651 2351 1721 tuit,
2412 1654 2480 1709 et
2535 1646 2887 1709 efficaciam
2947 1663 3023 1708 ac
3080 1644 3389 1706 virtutem
3433 1638 3757 1718 propriam

2208 1765 2624 1827 instrumenti
2681 1760 3031 1824 intendere
3079 1761 3253 1823 dicat
3323 1756 3407 1820 ad
3464 1756 3759 1830 modum,

2213 1885 2434 1942 tamen
2487 1879 2722 1942 modus
2771 1879 2880 1940 ille
2925 1876 3314 1956 separabilis
3369 1880 3471 1937 est
3516 1889 3553 1934 a
3607 1873 3764 1933 sub-

2211 1999 2446 2059 stantia
2478 1998 2771 2070 actioniS,
2804 2003 2876 2058 ut
2903 1995 3161 2074 attingit
3193 1995 3545 2055 terminum
3579 1988 3766 2066 prin-

2213 2113 2513 2190 cipalem.
2551 2114 2814 2174 Rectius
2855 2110 3350 2188 philosophatur
3392 2105 3758 2168 Ferrarien-

2212 2230 2324 2302 siS,
2355 2230 2654 2308 relinquo
2700 2230 2897 2291 etiam
2936 2243 3080 2306 quae
3115 2228 3356 2288 ibidem
3409 2220 3757 2300 particula-

2211 2348 2370 2409 riter
2414 2348 2589 2410 dicat
2649 2348 3026 2427 CajetanuS,
3088 2352 3152 2407 et
3199 2348 3354 2406 sunt
3394 2341 3600 2403 facilis
3649 2341 3764 2401 im-

2212 2466 2659 2544 pugnationiS.

2294 2583 2411 2644 Alii
2443 2582 2626 2643 aliter
2657 2584 3168 2658 interpretantur
3220 2577 3623 2656 praemissam
3666 2592 3761 2636 ra·

2217 2699 2461 2760 tionem
2495 2699 2569 2758 D.
2601 2698 2889 2770 Thomae,
2935 2711 3176 2772 nempe
3221 2697 3550 2754 actionem
3590 2691 3766 2753 illam

2216 2814 2662 2892 dispositivam
2722 2830 2869 2875 esse
2933 2811 3552 2874 determinationem
3604 2807 3759 2868 acti-

2217 2930 2363 2989 onis
2396 2946 2605 2991 causae
2633 2929 3034 3007 principaliS,
3089 2932 3154 2988 et
3196 2926 3472 3004 intelligi
3521 2939 3769 3001 propo-

2217 3047 2522 3108 sitionem
2556 3045 2638 3107 de
2670 3047 3103 3107 instrumento
3135 3042 3417 3104 naturali
3469 3044 3719 3102 tantum
3748 3058 3764 3112 ;

2219 3163 2341 3226 sed
2371 3164 2496 3224 hoc
2543 3163 2625 3224 ad
2656 3165 2982 3225 intentum
3015 3163 3089 3222 D.
3137 3161 3398 3221 Thomae
3428 3173 3559 3222 non
3592 3155 3765 3229 facit,

2221 3280 2332 3359 qui
2402 3280 2678 3342 intendit
2742 3279 2916 3342 illam
2964 3278 3455 3357 dispositionem
3525 3275 3767 3336 factam

2218 3398 2298 3456 ab
2370 3397 2800 3457 instrumento
2869 3411 2988 3472 per
3053 3392 3329 3453 formam
3409 3390 3766 3469 propriam,

2221 3527 2366 3571 esse
2425 3511 2595 3572 circa
2653 3509 3013 3584 materiam,
3070 3511 3136 3569 et
3183 3524 3318 3568 non
3376 3503 3769 3566 determina·

2224 3628 2464 3688 tionem
2526 3628 2811 3704 aliquam
2871 3625 3039 3685 circa
3092 3623 3402 3684 effectum
3460 3625 3570 3681 aut
3617 3619 3770 3680 acti·

2219 3758 2417 3803 onem
2448 3758 2656 3802 causa}
2700 3739 3095 3834 principalis,
3132 3737 3252 3798 sed
3284 3736 3548 3797 omnino
3597 3748 3803 3811 prae--

2216 3859 2407 3930 viam,
2436 3861 2504 3921 in
2535 3875 2663 3936 quo
2697 3873 2918 3935 neque
2950 3856 3303 3934 Cajetanus
3334 3853 3489 3913 mihi
3514 3850 3774 3913 videtur

2218 3984 2395 4040 recte
2427 3976 2689 4055 assequi
2719 3978 3013 4036 mentem
3045 3974 3253 4034 sancti
3286 3971 3611 4041 Doctoris,
3657 3969 3769 4047 qui

2215 4093 2496 4155 intendit
2548 4110 2628 4154 ex
2675 4091 2941 4171 praefato
2990 4089 3427 4152 fundamento
3460 4088 3770 4168 colligere

2217 4222 2350 4269 non
2411 4224 2604 4285 posse
2662 4211 3032 4268 creaturam
3076 4204 3344 4279 assumi,
3406 4209 3478 4265 ut
3533 4205 3770 4264 instru-

2216 4332 2512 4386 mentum
2591 4323 2961 4393 creationiS,
3036 4322 3186 4400 quia
3258 4321 3769 4381 instrumentum

2219 4442 2419 4503 debet
2448 4455 2648 4519 agere
2680 4438 3063 4516 dispositive
3104 4439 3273 4497 circa
3317 4438 3659 4498 materiam
3693 4450 3774 4495 ex

2216 4555 2423 4618 forma
2467 4561 2778 4633 propria;
2830 4556 3103 4616 materia
3153 4559 3378 4614 autem
3430 4566 3561 4613 non
3614 4567 3770 4629 sup·

2214 4674 2480 4751 ponitur
2510 4671 2595 4733 ad
2627 4673 3054 4734 creationem.

3796 3256 3988 3306 Sensus
4036 3259 4114 3310 D.

3849 3319 4088 3372 Thomae.

2790 4882 2873 4939 SC
2883 4881 3190 4940 HOLIUM.

2289 5097 2514 5165 Rejicit
2553 5094 2891 5152 secundam
2941 5094 3249 5151 rationem
3280 5093 3355 5149 de
3385 5093 3634 5152 infinita
3665 5094 3770 5152 di-

2217 5197 2462 5260 stantia,
2494 5195 2644 5264 quia
2673 5193 2965 5249 distantia
2993 5196 3160 5249 tanta
3194 5196 3304 5259 est,
3337 5197 3641 5263 quantum
3676 5199 3767 5251 est

2218 5294 2497 5350 medium
2529 5294 2930 5364 interjacenS,
2967 5291 3069 5347 vel
3103 5292 3155 5347 si
3190 5306 3309 5347 non
3342 5295 3435 5348 est
3464 5293 3766 5360 medium,

2216 5396 2519 5464 quantum
2567 5396 2662 5448 est
2709 5396 3073 5457 extremum,
3152 5393 3212 5447 et
3266 5404 3448 5446 omne
3486 5406 3598 5447 ens
3639 5405 3773 5447 cre-

2213 5492 2377 5548 abile
2407 5491 2756 5563 oppositum
2817 5489 3036 5550 nihilo,
3092 5491 3184 5546 est
3231 5488 3506 5558 finitum,
3571 5491 3770 5560 igitur

2213 5588 2509 5647 distantia
2540 5590 2678 5659 ejus
2708 5603 2742 5645 a
2773 5587 2995 5657 nihilo,
3029 5585 3225 5644 finita.
