4287 6313
265 2708 577 2776 Responsio,

603 403 723 478 308
1707 405 1860 467 ΗΒ.
1884 395 1983 465 lV.
2014 393 2611 464 SENTENTIARUM

590 571 1097 658 responderunt,
1143 590 1352 656 neque
1385 569 1447 633 si
1494 567 1797 653 Spiritus
1865 571 2133 628 sanctus

589 699 702 767 est,
776 687 1204 766 audivimus,·
1273 683 1492 752 subdit
1562 684 1834 749 Paulus:
1898 684 1969 747 in
2009 697 2134 764 quo
2247 686 2352 740 tus
2390 673 2583 739 etiam
2625 674 2689 737 in
2751 672 3015 737 nomine
3073 667 3315 735 Christi
3369 666 3494 731 hoc
3544 664 3797 750 impor-

590 825 745 892 eryo
804 804 1127 891 baptizati
1183 802 1385 868 estis?
1462 800 1646 886 quasi
1711 811 2133 885 supponeret,
2251 800 2380 867 tat;
2437 788 2672 855 deinde
2738 786 3012 874 requirit
3059 784 3255 851 etiam
3297 793 3367 848 ut
3435 780 3794 869 proemitta-

590 923 645 988 si
686 921 1173 1008 baptizarentur
1224 918 1552 1006 Baptismo
1586 916 1856 995 Christi,
1894 915 2037 981 fore
2069 928 2141 981 ut
2254 917 2360 972 tur
2417 904 2760 971 instructio
2817 901 2897 969 de
2969 901 3356 968 necessitate
3443 909 3508 964 et
3581 898 3796 963 fructu

593 1037 908 1124 Spiritum
994 1046 1295 1102 sanctum
1362 1047 1538 1102 recte
1614 1045 1925 1111 nossent;
2010 1051 2139 1096 non
2254 1020 2565 1106 Baptismi
2609 1040 2722 1106 per
2767 1018 3183 1085 collationem
3232 1014 3518 1101 Spiritus
3559 1010 3805 1078 sancti-

2250 558 2523 624 buscum
2571 555 2859 644 loquitur
2916 552 3196 639 Paulus)
3250 549 3622 637 Baptismus
3674 545 3793 613 da·-
3846 571 4121 646 instructio

3848 642 4114 703 praemtttt·

3943 704 4029 747 tur

3827 765 3946 811 ante
3979 757 4153 824 Bapti-

3896 836 4084 872 smum·

592 1152 718 1219 alia
768 1141 1283 1239 ratione,{quain
1322 1172 1403 1217 ex
1434 1150 1641 1217 forma
1691 1147 2033 1234 Baptismi,
2074 1147 2141 1213 in

592 1288 718 1355 qua
768 1267 1208 1344 invocaretur,
1265 1287 1425 1352 ergo
1476 1267 1598 1330 hoc
1668 1262 1982 1350 supponit
2021 1265 2141 1326 Ba-

600 1384 909 1469 ptismum
943 1382 1007 1448 in
1041 1382 1452 1448 invocatione
1482 1381 1683 1446 trium
1720 1398 2147 1466 personarum

595 1499 799 1566 fuisse
836 1499 917 1566 ab
960 1498 1306 1585 Apostolis,
1374 1516 1501 1563 non
1541 1496 1727 1563 aliter
1765 1496 2015 1561 datum.

688 1621 899 1703 Atque
929 1615 1227 1701 sequitur
1255 1613 1526 1679 alterius
1569 1609 1916 1678 declaratio
1947 1621 2012 1675 et
2043 1608 2149 1672 in-

600 1731 960 1818 telligentia
1008 1729 1466 1816 praedictorum
1519 1727 1837 1805 locorum,
1894 1724 1959 1789 in
2003 1723 2145 1810 qui·

602 1849 725 1915 bus
773 1846 1014 1913 dicitur
1067 1845 1435 1931 Baptismus
1499 1843 1688 1909 datus
1750 1841 1816 1906 in
1885 1838 2152 1906 nomine

601 1963 866 2043 Christi,
895 1962 1047 2050 quia
1079 1962 1202 2027 hoc
1232 1961 1376 2046 ipso
1407 1959 1547 2025 loco
1579 1956 1850 2022 inferius
1880 1954 2142 2033 dicitur,

602 2091 661 2146 et
702 2083 806 2145 his
836 2079 1035 2144 dictis
1065 2077 1391 2161 baptizati
1417 2086 1569 2141 sunt
1601 2077 1672 2140 in
1712 2075 1982 2139 nomine
2019 2073 2147 2135 Do-

604 2197 775 2288 mini
818 2196 992 2274 Iesu,
1039 2207 1164 2260 etc.
1219 2214 1370 2258 cum
1416 2191 1699 2277 primum
1754 2188 2152 2254 insinuasset

605 2311 843 2379 Paulus
883 2312 1156 2378 formam
1207 2307 1524 2395 Baptismi
1570 2306 1708 2372 dari
1745 2307 1805 2370 in
1842 2303 2154 2369 invocati-

606 2450 731 2496 one
769 2426 1052 2514 Spiritus
1093 2425 1326 2504 sancti,
1364 2443 1601 2508 nempe
1631 2421 1826 2488 simul
1859 2440 2006 2486 cum
2040 2419 2157 2485 ali-

609 2543 682 2611 is‘
708 2543 1031 2630 personis,

702 2658 1074 2746 Respondet
1128 2660 1424 2742 Vasquez
1481 2677 1561 2722 ex
1592 2655 1715 2721 hoc
1755 2654 1895 2719 loco
1928 2651 1992 2718 id
2027 2672 2156 2717 non

617 2775 892 2862 intelligi
950 2773 1324 2847 efficaciter,
1412 2772 1563 2859 quia
1650 2770 1802 2836 licet
1870 2767 2158 2855 baptiza-

615 2905 842 2957 rentur
872 2891 936 2957 in
979 2890 1242 2956 nomine
1302 2887 1540 2954 Christi
1592 2885 1830 2964 solum,
1871 2885 2006 2972 jam
2044 2905 2159 2970 per

587 3006 1111 3073 ¹instructionem
1208 3005 1520 3090 praeviam
1612 3013 1677 3068 et
1759 2998 2155 3066 catechesim

392 4927 475 4979 53.

316 4991 595 5041 Confirma-

391 5061 478 5104 tur
517 5112 526 5120 .

303 5124 585 5183 responsio.

616 3121 929 3190 deberent
1032 3141 1305 3187 noscere
1403 3117 1722 3205 Spiritum
1826 3126 2154 3192 sanctum,

617 3239 921 3328 quamvis
953 3259 1081 3304 non
1114 3239 1527 3305 invocaretur
1566 3253 1886 3320 expresse
1919 3231 1985 3296 in
2018 3230 2163 3318 ipsa

616 3357 845 3425 forma.
891 3356 1129 3423 Paulus
1161 3367 1378 3422 autem
1428 3334 1898 3438 interrogando
1942 3369 2024 3414 an
2057 3370 2164 3415 re-

615 3474 941 3558 cepissent
981 3472 1293 3559 Spiritum
1336 3482 1660 3548 sanctum,
1727 3464 2005 3532 intendit
2053 3485 2160 3530 re-

614 3588 979 3675 ceptionem
1044 3588 1187 3674 eJus
1245 3584 1571 3652 visibilem
1661 3603 1774 3670 per
1831 3578 2162 3667 impositi·

613 3725 806 3771 onem
866 3723 1099 3770 manus
1157 3701 1222 3767 in
1279 3698 1814 3776 Confirmatione,
1874 3708 1941 3764 ut
1988 3704 2163 3782 patet

615 3842 696 3887 ex
737 3819 957 3887 verbis
1014 3817 1591 3905 subsequentibus
1635 3813 1962 3901 baptizati
1999 3820 2154 3877 sunt

615 3938 690 4003 in
728 3936 996 4002 nomine
1052 3935 1326 3999 Domini
1393 3934 1569 4010 Iesu,
1640 3941 1701 3995 et
1758 3950 1903 3994 cum
1946 3929 2163 4011 impo—

613 4060 848 4126 suisset
903 4059 1045 4124 illis
1085 4078 1320 4123 manus
1359 4057 1632 4133 PauluS,
1701 4054 1885 4119 venit
1943 4049 2165 4135 Spiri-

619 4189 721 4242 tus
756 4188 1021 4241 sanctus
1066 4195 1265 4261 super
1303 4194 1431 4250 eos,
1469 4183 1594 4238 etc.
1639 4174 1880 4253 Contra
1922 4176 2164 4252 urgent

621 4294 772 4371 alii;
818 4312 975 4378 ergo
1035 4288 1482 4376 interrogatiO,
1537 4307 1653 4353 seu
1715 4283 1916 4351 illatio
1956 4280 2165 4361 Pauli,

625 4430 754 4477 non
794 4421 967 4475 esset
996 4407 1252 4486 idonea,
1291 4404 1417 4470 nisi
1450 4412 1848 4489 supponeret
1878 4418 1960 4466 ex
1993 4417 2169 4464 com-

621 4524 804 4593 muni
852 4522 1043 4590 modo
1082 4519 1414 4609 loquendi,
1459 4538 1571 4585 eos
1616 4515 1929 4602 baptizari
1970 4513 2169 4580 debe-

623 4661 693 4708 re
750 4640 815 4706 in
871 4637 1188 4726 Spiritum
1238 4645 1559 4713 sanctum,
1608 4652 1803 4721 quem
1856 4650 1984 4696 non
2042 4648 2167 4694 au-

625 4755 915 4822 dierunt.

717 4868 1169 4957 Respondetur
1233 4878 1449 4935 tamen
1537 4846 1715 4930 illam
1779 4859 2171 4928 solutionem

623 4991 858 5057 bonam
902 5008 1069 5066 esse,
1114 4984 1265 5073 quia
1299 5004 1447 5050 cum
1481 4978 1852 5066 Baptismus
1883 4995 1966 5041 ex
1995 4994 2174 5040 com-

626 5108 806 5175 muni
838 5104 1184 5184 sententia,
1230 5121 1426 5190 quam
1463 5098 1661 5165 tradit
1709 5094 1994 5183 Cyrillus
2027 5091 2175 5158 Ale-

530 5287 533 5290 .
625 5224 988 5293 xandrinus
1049 5222 1162 5288 lib.
1202 5225 1308 5287 11.
1353 5220 1429 5283 in
1464 5218 1793 5282 ,loannem
1830 5233 1976 5297 cap.
2021 5211 2163 5278 46.

628 5340 939 5428 supponit
987 5338 1182 5404 fidem
1249 5332 1623 5419 explicitam
1692 5327 2060 5407 TrinitatiS‚
2112 5338 2179 5392 et

629 5456 1127 5525 instructionem
1160 5452 1331 5518 circa
1351 5449 1528 5515 hunc
1554 5445 1930 5525 articulum,
1957 5440 2170 5531 quoad

630 5575 885 5650 adultos
919 5569 1200 5661 (quales
1227 5568 1494 5633 fuerunt
1535 5562 1626 5629 illi
1665 5559 1996 5648 discipuli,
2034 5558 2179 5646 qui-

2257 1136 2537 1214 ficantiS,
2587 1147 2657 1202 ut
2696 1138 2927 1201 Petrus
2966 1134 3281 1199 Actorum
3328 1133 3394 1196 2.
3453 1126 3799 1216 praestitit:

2258 1253 2671 1337 Baptizetur,
2727 1249 2965 1336 inquit,
3031 1248 3484 1334 unusquisque
3522 1255 3811 1309 vestrum

2259 1368 2333 1432 in
2371 1368 2634 1432 nomine
2670 1365 2939 1431 Domini
2984 1364 3159 1441 Iesu,
3224 1363 3295 1427 in
3340 1359 3802 1426 remissionem

2258 1495 2671 1570 peccatorum
2720 1494 3109 1558 vestrorum,
3175 1489 3236 1544 et
3292 1476 3648 1566 accipietis
3699 1474 3815 1540 do·

2260 1621 2419 1664 num
2476 1599 2779 1685 Spiritus
2830 1597 3067 1673 sancti,
3114 1604 3237 1660 etc.
3298 1591 3413 1658 Illa
3458 1611 3615 1678 ergo
3672 1589 3809 1655 dis-

2262 1714 2500 1801 positio
2576 1712 2643 1778 in
2729 1711 2948 1777 adulto
3007 1708 3367 1797 requiritur
3455 1705 3534 1770 ad
3597 1704 3815 1790 Bapti-

2264 1850 2510 1908 smum,
2559 1838 2627 1895 ut
2668 1838 2845 1914 patet
2882 1847 2959 1893 ex
2995 1823 3315 1892 scrutinio
3345 1821 3516 1911 quod
3549 1838 3816 1906 semper

2264 1942 2694 2032 praemittitur
2752 1964 2831 2009 ex
2874 1962 2996 2007 usu
3039 1940 3304 2027 antiquo
3344 1933 3681 2015 Eccl‘esiae,
3735 1933 3816 2000 de

2265 2083 2392 2150 quo
2447 2062 2696 2147 optime
2755 2058 3082 2125 Pamelius
3122 2056 3544 2123 annotatione
3605 2051 3813 2138 prima

2267 2177 2333 2243 in
2372 2177 2611 2243 librum
2663 2172 3041 2242 Tertulliani
3083 2172 3163 2239 de
3196 2170 3551 2258 Baptism0.
3597 2171 3819 2233 Potest
3845 2163 4140 2280 ,aff-ffilliigg

2266 2273 2422 2380 ergo
2474 2289 2896 2377 interrogatio
2948 2288 3126 2355 Pauli
3193 2285 3559 2374 respective
3617 2282 3813 2349 etiam

2267 2408 2347 2473 aa
2403 2389 2763 2475 efficaciam
2824 2404 3135 2492 Baptismi
3188 2402 3430 2470 christi
3502 2398 3810 2485 intelligi,

2268 2534 2331 2589 et
2380 2522 2693 2610 Spiritum
2741 2520 3277 2598 sanctificantem,
3316 2519 3397 2585 de
3437 2516 3680 2604 quibus
3717 2514 3813 2579 in·

2277 2635 2568 2702 struendi
2618 2645 2802 2701 erant
2866 2632 3262 2720 baptizandi,
3329 2631 3498 2698 sicut
3561 2627 3641 2695 de
3691 2627 3819 2693 fide

2269 2727 2651 2827 Trinitatis;
2697 2748 3008 2836 supponit
3058 2749 3232 2814 enim
3281 2746 3487 2813 fuisse
3534 2744 3817 2831 baptiza-

2269 2877 2370 2932 tos
2421 2877 2483 2932 et
2534 2866 2915 2944 instructoS,
2970 2864 3142 2950 quod
3184 2862 3444 2929 denotat
3499 2860 3819 2948 particula

2270 2981 2627 3061 credentes,
2681 2984 2743 3047 si
2785 2981 3117 3067 Spiritum
3180 2981 3499 3046 Sanctum
3563 2979 3820 3064 accepi-

2282 3101 2402 3166 stis
2439 3097 2823 3166 credentes?
2853 3097 2966 3163 Vel
3008 3096 3174 3162 sicut
3214 3095 3280 3161 in
3313 3096 3537 3162 Graeco
3570 3093 3812 3180 legitur

2271 3225 2705 3297 πιστεύσαντες,
2753 3224 3097 3301 postquam
3146 3210 3582 3277 credidistis?
3619 3212 3698 3274 Et
3742 3207 3820 3273 fi-

2276 3333 2375 3397 nis
2415 3328 2946 3416 interrogationis
2987 3327 3131 3407 fuit,
3181 3338 3249 3392 ut
3317 3324 3805 3413 impositionem

2275 3468 2504 3514 manus
2552 3446 2941 3533 acciperent,
2996 3443 3053 3510 si
3107 3443 3392 3509 nondum
3444 3440 3642 3508 fuerit
3708 3440 3804 3507 eis

2274 3565 2443 3642 data,
2507 3562 2569 3629 id
2618 3575 2738 3641 est,
2791 3558 3391 3638 Confirmationem,
3448 3579 3561 3644 per
3605 3577 3807 3646 quam

2275 3679 2621 3746 visibiliter
2688 3677 2969 3763 Spiritus
3027 3676 3233 3743 sancti
3289 3674 3455 3741 dona
3516 3694 3814 3740 commu-

2278 3796 2696 3861 nicabantur.

2363 3908 2547 3975 Unde
2594 3907 2879 3975 secunda
2951 3906 3373 3992 interrogatio
3429 3905 3641 3971 locum
3702 3903 3819 3969 ha-

2278 4026 2418 4091 buit
2456 4023 2629 4112 (illis
2678 4022 3069 4097 dicentibus,
3138 4022 3456 4108 nequesi
3520 4021 3823 4105 Spiritus

2276 4154 2539 4209 sanctus
2595 4151 2709 4218 est,
2800 4138 3229 4224 audivimus)
3300 4139 3666 4225 respective
3742 4133 3820 4200 ad

2281 4257 2681 4335 Baptismum
2722 4255 2985 4352 Christi,
3032 4254 3241 4342 quiin
3276 4253 3522 4341 Spiritu
3565 4264 3824 4331 sanem,

2280 4384 2343 4439 et
2381 4372 2519 4460 igni
2579 4371 2966 4459 baptizabat,
3029 4371 3346 4436 Actorum
3389 4374 3450 4435 1.
3518 4370 3661 4435 sive
3699 4368 3825 4435 sub

2287 4488 2491 4554 forma
2532 4488 2674 4556 ,hac
2706 4486 2807 4552 vel
2859 4487 2967 4553 illa
2999 4486 3453 4552 conferebatur
3485 4493 3548 4550 et
3601 4504 3832 4570 respo·
3885 4552 3894 4561 ,

2284 4605 2454 4671 ctive
2491 4602 2570 4670 ad
2619 4602 3027 4689 Baptismum
3078 4601 3368 4680 Joannis,
3421 4598 3533 4687 qui
3590 4598 3714 4665 suit
3766 4599 3828 4664 in

2284 4742 2451 4808 aqua
2506 4728 2783 4796 tantum,
2839 4738 2967 4783 non
3044 4717 3110 4783 in
3172 4716 3445 4804 Spiritu,
3510 4725 3705 4802 atque
3752 4715 3831 4781 ad

2291 4838 2434 4924 ejus
2519 4834 2994 4913 differentiam3
3066 4833 3235 4900 alius
3307 4844 3524 4899 autem
3612 4832 3831 4919 Bapti-

2289 4972 2474 5018 smus
2516 4951 2579 5016 in
2625 4971 2744 5016 usu
2787 4970 2915 5015 non
2983 4949 3128 5027 fuit,
3182 4948 3291 5035 qui
3333 4946 3527 5014 fidem
3587 4947 3830 5013 Christi

2290 5068 2558 5134 haberet
2603 5086 2950 5133 annexam.
2998 5064 3176 5131 Facit
3207 5064 3285 5131 ad
3318 5065 3443 5131 hoc
3476 5061 3649 5152 quod
3680 5064 3835 5130 sub-

2284 5184 2513 5274 jungit
2543 5183 2822 5250 Paulus:
2856 5183 3146 5248 Ioannes
3175 5182 3544 5268 baptizavit
3596 5180 3835 5266 Bapti-

2289 5322 2426 5367 smo
2461 5299 2872 5386 poenitentioe
2906 5299 3253 5385 populum.
3288 5296 3517 5363 dicens
3572 5296 3648 5362 in
3683 5316 3828 5360 cum

2291 5427 2405 5514 qui
2444 5436 2757 5491 venturus
2796 5434 2956 5488 essct
2989 5434 3138 5509 post
3179 5424 3416 5509 ipsum,
3484 5432 3552 5487 ut
3607 5421 3835 5488 crede-

2291 5569 2463 5637 rent,
2512 5560 2631 5623 hoc
2691 5568 2805 5636 est,
2840 5559 2917 5625 in
2962 5557 3205 5639 lesum,
3253 5565 3381 5625 etc.
