4287 6313
213 2042 526 2109 Significatio

296 2110 478 2159 formae

333 2177 443 2221 tota

277 2232 443 2292 simul,
489 2235 541 2280 et

321 2310 423 2344 non

234 2355 536 2407 successiva.

288 3068 476 3118 Sensus

217 3131 395 3182 formae
436 3146 538 3183 non

337 3199 415 3244 est

224 3254 530 3328 significatio

252 3326 500 3385 partium.

541 391 654 456 151

552 567 664 623 aut
694 556 1179 626 indeterminati
1245 562 1325 641 A,
1390 579 1540 647 pars
1587 571 1806 626 autem
1840 558 2094 641 formae,

554 694 703 760 quae
744 671 811 740 in
842 676 1144 763 sequenti
1177 675 1505 763 profertur
1537 677 1638 755 B,·
1673 688 1829 741 tunc
1864 675 1918 740 A
1951 694 2102 760 sup-

553 788 818 874 ponitur
863 789 942 856 ad
976 792 1051 870 B,
1098 812 1257 879 ergo
1286 791 1615 858 subtracto
1647 793 1722 870 B,
1761 800 1979 857 manet
2016 791 2095 868 A,

556 917 618 973 et
660 905 756 972 sic
788 919 1006 973 manet
1057 907 1423 995 subjectum
1477 906 1955 975 sanctificatum
1990 927 2104 993 per

559 1022 743 1089 illum
825 1022 1102 1109 gradum
1172 1023 1652 1109 quantumlibet
1716 1022 2097 1103 minimum;

559 1158 718 1225 ergo
752 1137 994 1205 virtute
1035 1136 1263 1204 formae
1305 1151 1657 1226 utrumque
1689 1151 1861 1207 recte
1888 1139 2104 1224 sequi-

560 1265 688 1331 tur,
736 1252 905 1340 quod
979 1266 1080 1319 est
1126 1254 1481 1321 absurdum
1520 1278 1534 1334 ;
1600 1256 1770 1322 unde
1809 1254 2106 1343 sequitur

563 1382 909 1458 utramque
946 1370 1336 1437 solutionem
1370 1372 1579 1459 magis
1619 1372 1840 1439 ludere
1870 1373 1935 1438 in
1961 1392 2107 1438 ver-

562 1489 663 1556 bis
702 1489 1032 1577 ambiguis
1069 1489 1410 1558 desitionis
1460 1502 1521 1558 et
1561 1490 1950 1578 inceptionis
1989 1510 2106 1556 en-

565 1606 648 1671 tis
689 1603 1077 1684 successivi,
1113 1625 1308 1692 quam
1340 1605 1669 1673 sustinere
1725 1605 2109 1673 fundamen-

564 1732 699 1787 tum
768 1720 1166 1807 oppositum,
1238 1734 1348 1788 aut
1406 1741 1725 1789 evacuare
1772 1720 2109 1789 difficulta-

565 1850 722 1904 tem.

659 1949 842 2025 Quod
884 1960 1058 2036 patet
1086 1950 1303 2030 tertie,
1340 1951 1735 2018 resumendo
1785 1951 1955 2040 quod
2005 1973 2110 2018 su·

574 2087 686 2153 pra
728 2068 1142 2154 proemissum
1184 2080 1284 2134 est
1331 2067 1409 2135 de
1458 2068 1938 2156 significatione
1983 2070 2110 2136 for-

575 2206 722 2264 mae,
769 2185 919 2272 quia
949 2185 1098 2252 licet
1147 2184 1354 2252 forma
1384 2187 1593 2274 quoad
1627 2207 1861 2254 sonum
1905 2199 2109 2254 mate-

573 2301 826 2384 rialem,
880 2303 1017 2390 (qui
1080 2314 1179 2369 est
1239 2302 1734 2369 fundamentum
1788 2315 2108 2369 remotum

569 2417 1095 2504 significationiS,
1140 2422 1199 2484 et
1242 2418 1549 2485 efficaciae
1592 2420 2103 2503 sacramentaliS,

568 2554 761 2619 quam
796 2534 990 2600 habet
1029 2555 1110 2600 ex
1151 2534 1450 2601 instituto
1489 2534 1785 2613 Christi)
1844 2535 1929 2601 sit
1958 2556 2110 2602 suc-

564 2649 898 2728 cesssiva;
945 2661 1259 2737 quantum
1319 2661 1533 2716 tamen
1594 2649 1669 2716 ad
1722 2650 2111 2737 significati-

566 2786 755 2833 onem
788 2767 1219 2853 complexam,
1282 2787 1432 2857 quae
1481 2779 1579 2834 est
1654 2788 1734 2834 ex
1788 2768 2104 2853 partibuS,

567 2893 759 2967 prout
789 2903 859 2948 se
890 2896 1116 2949 mutuo
1148 2883 1606 2961 determinant,
1656 2903 1782 2949 non
1828 2896 1928 2951 est
1957 2904 2107 2950 suc-

565 3001 839 3078 cessiva,
921 2999 1032 3066 ned
1117 3019 1507 3086 permanens
1565 3009 1628 3065 et
1694 3010 1827 3065 tota
1884 3000 2100 3080 simul,

568 3116 720 3204 quia
784 3116 927 3183 haec
981 3114 1373 3203 significatio
1438 3115 1900 3203 propositionis
1978 3138 2106 3184 non

568 3247 667 3302 est
705 3233 1090 3322 aggregatio
1133 3233 1416 3320 partium
1484 3234 1760 3300 seorsim
1810 3249 2108 3324 sumpta-

570 3373 740 3432 rum,
823 3350 1034 3439 quoad
1104 3350 1193 3430 id,
1261 3349 1434 3438 quod
1518 3351 1816 3419 absolute
1853 3352 2111 3438 signiti-

569 3481 742 3550 cant,
796 3469 920 3535 hoc
971 3465 1145 3532 enim
1188 3466 1520 3533 materiale
1596 3478 1718 3547 est,
1773 3467 1886 3534 sed
1961 3490 2111 3536 con-

567 3587 742 3653 sistit
782 3585 849 3650 in
901 3583 1145 3650 unione
1181 3583 1514 3670 praedicati
1554 3582 1633 3648 ad
1713 3584 2108 3671 subjectum,

565 3702 924 3770 secundum
965 3699 1390 3767 limitationes
1430 3699 1773 3787 adjunctas
1812 3713 1877 3767 et
1904 3700 2115 3768 deter-

567 3818 959 3885 minationes
1017 3829 1038 3894 ;’
1104 3837 1264 3904 ergo
1331 3837 1461 3883 non
1528 3818 1793 3903 ponitur
1885 3838 2118 3885 sensus

565 3935 952 4023 completus,
1035 3934 1146 4022 qui
1241 3948 1341 4001 est
1414 3934 1910 4001 fundamentum
1970 3935 2117 4001 effi-

567 4053 763 4120 cacioe
862 4050 1355 4119 sacramentalis
1399 4104 1414 4130 ,
1459 4053 1615 4142 {nisi
1715 4051 1779 4117 in
1848 4053 2116 4119 instanti

568 4167 908 4254 completae
978 4167 1382 4254 prolationis,
1448 4169 1514 4233 in
1575 4188 1703 4256 quo
1757 4180 1973 4255 partes
2049 4189 2119 4235 se

573 4299 798 4354 mutuo
847 4285 1353 4353 determinantes
1406 4286 1661 4372 integre
1736 4297 2120 4372 receperunt

572 4424 725 4484 esse,
770 4415 832 4470 et
872 4423 989 4489 pro
1029 4422 1157 4489 quo
1206 4421 1441 4468 sensus
1480 4400 1842 4488 completus
1889 4402 2119 4468 formae

574 4521 797 4589 haberi
850 4520 1132 4608 primum
1176 4529 1385 4606 potest
1425 4518 1489 4584 in
1539 4518 1710 4597 aliis,
1758 4530 1822 4584 et
1871 4518 1949 4584 de
1990 4539 2118 4605 quo

575 4636 936 4705 instruendi
987 4646 1139 4703 sunt
1186 4634 1574 4721 recipientes
1605 4636 2114 4715 Sacramentum,

579 4774 646 4829 ut
703 4780 900 4847 supra
957 4757 1384 4846 exposuimus
1441 4778 1522 4823 ex
1576 4757 1897 4838 PatribuS,
1968 4757 2120 4844 quia

574 4877 941 4953 instructi0,
986 4895 1134 4962 quae
1173 4895 1253 4941 ex
1296 4873 1500 4939 forma
1540 4873 1940 4940 Sacramenti
2001 4873 2119 4938 ha-

577 4993 710 5061 beri
745 5002 977 5080 potest,
1040 5004 1178 5057 tum
1222 4991 1504 5077 primum
1555 4989 1805 5075 incipit,
1862 4989 2121 5076 quando

575 5113 780 5179 forma
846 5120 942 5177 est
993 5107 1314 5194 complete
1362 5106 1632 5193 prolata,
1689 5117 1846 5172 tunc
1904 5117 2121 5174 autem

577 5250 705 5296 uon
737 5239 835 5294 est
874 5227 1082 5293 forma
1112 5223 1473 5292 secundum
1515 5242 1706 5289 suum
1740 5243 1875 5288 esse
1916 5223 2112 5303 reale,

576 5348 729 5438 quia
787 5345 1049 5413 transiit
1106 5340 1424 5429 completa
1485 5339 1885 5427 prolatione:
1967 5360 2124 5427 ergo

582 5465 807 5554 nequit
867 5476 1023 5529 tunc
1079 5478 1350 5527 causare
1423 5455 1668 5544 aliquid
1716 5456 1988 5545 physice
2044 5479 2124 5524 ex

583 5580 813 5671 majori
874 5598 1072 5668 supra
1131 5575 1498 5667 praemissa.

1821 396 1965 459 Lm.
2002 398 2102 459 lV.
2133 394 2724 462 SENTENTJARUM

2303 559 2722 645 Respondent
2788 558 2898 626 alii
2936 558 3015 625 ad
3066 558 3237 625 idern
3277 571 3734 646 argumentum

2217 809 2447 877 nempe
2523 791 2828 858 effectum
2887 789 3288 859 Sacramenti
3376 791 3631 858 causari
3698 791 3763 855 in

2215 903 2484 973 instanti
2519 909 2858 995 supposita
2891 907 3273 995 prolatione,
3302 907 3417 975 sed
3460 908 3648 987 aliter
3704 920 3768 975 et

2214 1028 2423 1094 aliter.
2454 1028 2616 1092 Nam
2673 1025 2937 1113 quidam
3015 1026 3239 1092 dicunt
3343 1025 3411 1091 in
3501 1025 3767 1092 instanti

2215 1142 2606 1222 extrinsece,
2661 1142 2725 1208 in
2766 1163 2893 1229 quo
2940 1162 3170 1209 verum
3211 1154 3310 1208 est
3349 1141 3587 1222 dicere,
3630 1141 3766 1228 jam

2216 1257 2493 1345 prolatio
2542 1277 2670 1326 non
2737 1271 2861 1338 est,
2915 1270 3028 1324 aut
3064 1257 3274 1324 forma
3336 1256 3763 1338 Sacramenti,

2217 1386 2279 1440 et
2318 1384 2468 1440 ante
2495 1372 2619 1439 hoc
2659 1371 3029 1439 immediate
3067 1370 3225 1449 fuit;
3260 1382 3324 1437 et
3363 1369 3450 1437 ita
3491 1390 3766 1458 respon-

2218 1460 2326 1555 dei
2352 1493 2545 1557 Sotus
2584 1492 2660 1555 in
2696 1494 2760 1556 4.
2815 1489 3112 1555 distinct.
3157 1490 3225 1579 9:
3266 1498 3491 1575 quoesc.
3537 1490 3601 1553 2.
3657 1509 3768 1554 ar-

2220 1609 2421 1677 ticulo
2470 1610 2534 1673 7.
2586 1618 2651 1674 et
2688 1605 2968 1673 declarat
3023 1604 3320 1691 exemplo
3383 1605 3449 1669 in
3489 1622 3766 1691 genera·

2218 1722 2397 1789 tione
2468 1721 2921 1800 substantiali,
3004 1739 3151 1787 nam
3217 1719 3577 1800 calefactio,
3652 1740 3769 1807 per

2223 1859 2416 1927 quam
2478 1837 2858 1925 producitur
2911 1836 3374 1925 forma'jgniS,
3419 1848 3573 1903 tunc
3613 1857 3768 1924 pro-

2222 1953 2400 2022 ducit
2451 1953 2728 2020 formam
2789 1951 2988 2040 ignis,
3061 1952 3320 2041 quando
3370 1953 3437 2019 in
3497 1952 3767 2021 instanti

2221 2070 2593 2138 extrinseco
2630 2070 2768 2157 jam
2801 2088 2933 2135 non
2974 2080 3077 2136 est
3117 2080 3360 2137 motus.

2310 2191 2489 2255 Hanc
2538 2184 3031 2273 responsionem
3083 2205 3214 2252 non
3252 2206 3483 2254 omnes
3525 2208 3764 2274 appro-

2223 2307 2402 2385 bant,
2465 2315 2528 2371 et
2583 2303 2839 2383 meritc,
2898 2302 3053 2390 quia
3121 2322 3332 2390 neque
3389 2304 3763 2392 exemplum

2222 2437 2321 2492 est
2351 2444 2604 2504 verum,
2645 2442 2856 2510 neque
2893 2433 2993 2488 est
3037 2443 3154 2508 par
3182 2422 3369 2503 ratic,
3450 2443 3525 2489 eo
3565 2423 3759 2490 etiam
3792 2457 3958 2506 Motus
4012 2473 4117 2508 non

3917 2527 3997 2570 est

2222 2540 2546 2618 admiss03
2613 2539 2833 2605 nullus
2882 2537 3059 2605 enim
3117 2538 3196 2604 ad
3264 2539 3441 2605 hunc
3497 2539 3761 2607 modum

2223 2658 2742 2747 philosophatur,
2796 2667 2866 2722 ut
2953 2666 3167 2722 motus
3223 2656 3310 2749 sit
3372 2676 3569 2723 causa
3623 2656 3763 2723 effi-

2223 2779 2401 2844 ciens
2503 2774 2778 2862 alicujus
2841 2773 3126 2851 termini,

2234 2917 2358 2984 quo
2405 2892 2511 2960 vel
2550 2893 2742 2981 qnod,
2800 2892 2914 2959 sed
2958 2891 3065 2957 via
3105 2891 3171 2957 in
3223 2891 3603 2973 terminum,
3640 2915 3755 2962 seu

2234 3018 2416 3072 actus
2474 3000 2931 3088 productivus;
2977 3021 3188 3087 neque
3242 3000 3416 3066 ullus
3470 3023 3757 3090 unquam

2236 3112 2399 3181 dixit
2452 3110 2726 3177 formam
2794 3106 3286 3175 substantialem
3335 3108 3601 3195 produci
3655 3134 3770 3199 per

2232 3232 2476 3287 motum
2516 3215 2956 3283 calefactionis
2988 3228 3294 3303 tanquam
3327 3236 3594 3284 causam
3627 3219 3771 3285 effi-

2223 3327 2526 3403 cientem,
2607 3322 2716 3390 sed
2760 3323 2864 3389 vel
2932 3343 2967 3389 a
3024 3322 3240 3389 calore
3305 3323 3410 3389 vel
3470 3344 3505 3390 a
3566 3325 3772 3394 forma

2228 3434 2402 3522 ignis
2461 3431 2860 3519 generantis,
2935 3431 3125 3516 juxta
3220 3430 3437 3497 varias
3507 3433 3572 3498 in
3651 3434 3775 3501 hac

2226 3541 2590 3630 quaestione
2657 3538 3053 3615 sententias;
3123 3550 3190 3604 et
3228 3537 3400 3619 date,
3484 3551 3556 3606 ut
3611 3540 3773 3620 dixi,
3828 3560 3833 3564 ’

2222 3648 2546 3737 opposito,
2637 3656 2852 3711 motus
2927 3644 3372 3712 calefactionis
3466 3646 3779 3734 relinquit

2227 3767 2371 3846 post
2435 3776 2505 3822 se
2564 3753 2843 3820 calorem
2897 3752 2963 3818 in
3028 3753 3351 3840 subject0‚
3448 3755 3780 3822 mediante

2228 3886 2381 3953 quc,
2430 3865 2528 3950 (ut
2584 3860 2846 3948 quidam
2903 3859 3190 3945 volunt,)
3240 3859 3523 3928 efficitur
3572 3862 3776 3930 forma

2228 3972 2429 4061 igniS,
2474 3983 2783 4055 tanquam
2833 3967 3076 4033 virtute
3120 3968 3440 4052 proxima,
3487 3969 3591 4034 vel
3632 3991 3767 4036 cer·

2230 4093 2294 4148 te
2344 4091 2414 4146 ut
2453 4074 2884 4164 dispositione
2934 4073 3162 4139 ultima
3218 4076 3652 4142 necessitante
3700 4078 3777 4143 ad

2230 4191 2505 4257 sormam
2583 4183 2783 4272 ignis,
2857 4182 3329 4249 determinatur
3404 4184 3547 4271 ejus
3624 4207 3771 4272 pro-

2230 4294 2450 4362 ductio
2480 4312 2515 4358 a
2548 4308 2961 4377 quacumque
3008 4308 3203 4355 causa
3252 4287 3389 4370 fiat,
3434 4290 3577 4358 sive
3628 4293 3777 4359 uni-

2230 4401 2468 4468 versali
2522 4398 2662 4464 sive
2711 4395 3109 4483 particulari.

2320 4507 2445 4574 Sed
2486 4503 2761 4591 prolatio
2801 4501 3030 4567 formae
3062 4502 3392 4588 praeterita
3426 4503 3589 4570 nihil
3624 4518 3774 4590 post

2232 4638 2302 4681 se
2358 4610 2670 4699 relinquit
2716 4608 2910 4686 reale,
2957 4628 3072 4692 per
3121 4607 3295 4696 quod
3338 4621 3640 4676 causaret
3680 4612 3776 4677 ef-

2231 4726 2497 4799 fectum,
2562 4717 2667 4784 vel
2734 4716 2812 4782 ad
2888 4713 3073 4781 illum
3154 4713 3653 4797 determinaret3
3716 4732 3781 4785 et

2234 4829 2407 4918 quod
2484 4823 2886 4913 praeteritum
2969 4837 3094 4899 est,
3173 4834 3619 4909 comparatum
3699 4828 3778 4893 ad

2235 4941 2486 5004 instans
2536 4951 2828 5020 praesens
2874 4928 3270 5016 producendi
3322 4930 3593 4998 effectus
3636 4954 3779 5019 per·

2235 5043 2387 5111 inde
2435 5062 2506 5108 se
2568 5039 2762 5104 nabet
2816 5058 2891 5104 ac
2933 5037 2988 5104 si
3049 5056 3384 5123 nunquam
3440 5039 3777 5123 existeret,

2235 5151 2388 5240 quia
2444 5160 2574 5213 tam
2644 5144 2904 5232 proprie
2964 5164 3091 5209 non
3160 5155 3281 5222 est,
3364 5145 3535 5212 sicut
3606 5147 3777 5233 quod

2236 5275 2572 5343 nunquam
2630 5251 2866 5332 extitit,
2930 5251 3034 5316 vel
3076 5250 3368 5318 futurum
3414 5251 3539 5319 erit
3577 5274 3782 5340 quan-

2235 5378 2373 5433 tum
2415 5362 2493 5429 ad
2555 5380 2884 5448 praesens;
2922 5378 3079 5444 ergo
3109 5357 3304 5424 etiam
3356 5379 3544 5446 aeque
3593 5381 3778 5448 repu-

2237 5483 2398 5561 gnat
2439 5469 2563 5558 ipsi
2623 5488 2896 5535 causare
2944 5466 3238 5554 physice,
3286 5464 3458 5534 sicut
3507 5467 3563 5533 ei
3609 5470 3778 5555 quod

2241 5597 2578 5669 nunquam
2620 5573 2856 5642 extitit.

3808 554 4087 681 Resggt'xsio

2213 673 2625 741 concedendo
2733 687 2941 742 totum
3041 674 3213 762 quod
3298 673 3761 763 praetenditur,
3829 680 4066 731 ahorum.

3878 1502 4019 1551 Solo.

3880 2599 4049 2657 musa.

3843 2652 4052 2696 tet-mim

3223 2784 3292 2839 ut
3367 2773 3757 2861 principium
3787 2772 4115 2838 principium.

3874 2918 3991 2967 Non

3818 2985 4105 3044 generatur

3795 3042 3960 3093 forma
3984 3041 4125 3107 ignis

3826 3121 4126 3222 ωἰοῖἓὲῑὶο·

3893 3247 4025 3282 nem.
