4287 6313
631 427 710 490 46
1820 423 1962 486 LlB.
2000 423 2098 484 lv.
2132 417 2730 485 SENTENTIARUM

626 589 844 669 cedo,
939 587 1127 680 quia
1207 586 1520 660 scilicet
1618 583 2181 678 praesupponit

628 704 1015 796 seipsum,
1082 702 1291 778 sicut
1334 721 1579 794 agere
1623 699 2184 794 praesupponit

624 842 827 904 esse,
889 826 969 896 et
1037 821 1302 914 ipsum
1361 824 1486 894 est
1535 819 1867 893 effectus
1937 814 2182 910 primi

628 937 972 1031 agentis.
1026 936 1141 1009 Ad
1195 936 1419 1008 illam
1464 935 2180 1018 introductionem,

631 1076 808 1148 quae
852 1054 1172 1127 videtur
1215 1053 1564 1145 probare
1618 1052 2019 1125 minorem
2070 1072 2185 1123 se-

630 1175 974 1249 cundum
1060 1172 1413 1265 primum
1482 1171 2012 1252 intellectum,
2077 1167 2185 1241 di-

630 1312 749 1373 co,
813 1289 1017 1383 quod
1079 1309 1216 1360 ars
1270 1288 1338 1361 si
1383 1292 1650 1381 potest
1702 1286 1781 1359 in
1824 1285 2182 1376 aliquam

631 1406 1012 1487 formam,
1067 1426 1230 1477 non
1291 1407 1565 1478 tamen
1629 1403 1787 1474 nisi
1851 1403 1924 1473 in
1980 1401 2183 1473 acci-

632 1523 1033 1596 dentalem
1068 1528 1423 1603 tantum;
1480 1519 2001 1594 accidentalis
2051 1540 2186 1592 au-

351 1687 524 1746 Qum
636 1642 800 1713 tem
870 1639 1333 1713 necessario
1387 1638 1736 1732 requirit
1816 1638 2185 1710 substan-

358 1747 546 1800 artifex

338 1807 572 1876 Μαίνῃ
636 1756 836 1831 tiam
906 1777 1052 1850 pro
1124 1755 1522 1845 sub‚iecto;
1589 1775 1752 1826 non
1814 1752 2184 1846 sequitur

286 1876 828 1993 sffijgffiffiergo
882 1871 1086 1961 quod
1136 1868 1465 1951 artifex,
1511 1868 1730 1960 (quia
1762 1871 1888 1941 est
1934 1886 2181 1959 agens

633 1986 1303 2075 subordinatum,)
1367 1985 1760 2078 requirat,
1812 1984 1938 2057 vel
1982 2004 2181 2077 prae·

633 2104 1040 2192 supponat
1125 2100 1516 2172 effectum
1630 2102 1975 2181 naturae,
2092 2103 2181 2174 ut

630 2237 963 2309 passum
1044 2236 1304 2301 suum,
1388 2215 1521 2288 sed
1587 2214 1776 2307 quia
1845 2215 2018 2306 agit
2086 2215 2183 2287 ad

627 2332 876 2404 talem
920 2332 1386 2413 terminum,
1436 2330 1570 2422 qui
1615 2330 1961 2422 requirit
2005 2330 2183 2402 sub-

629 2446 1047 2530 stantiam,
1135 2447 1215 2518 in
1312 2466 1549 2539 quam
1638 2444 2180 2521 substantiam

631 2564 1223 2657 producendam
1330 2583 1489 2634 non
1613 2565 1880 2656 potest
1996 2581 2169 2635 ars.

630 2680 849 2764 Quod
910 2683 1179 2752 autem
1250 2677 1401 2751 hoc
1480 2698 1641 2752 non
1715 2678 1821 2752 sit
1896 2699 1995 2751 ex
2056 2700 2181 2751 or-

627 2796 806 2870 dine
882 2795 1323 2888 agentium,
1422 2799 1642 2888 patet
1724 2796 2175 2878 manifeste,

631 2913 815 3007 quia
883 2919 1182 2987 natura
1232 2912 1311 2984 in
1380 2912 1701 2987 actione
1765 2933 1912 2985 sua
1982 2933 2180 3006 prae·

630 3031 1013 3124 supponit
1131 3030 1514 3103 effectum
1620 3034 1972 3113 naturae,
2090 3034 2178 3104 ut

629 3170 984 3244 passum,
1050 3146 1260 3222 sicut
1310 3147 1392 3220 in
1445 3146 1937 3222 alteratione
1981 3168 2180 3241 prae-

628 3267 1011 3361 supponit
1092 3263 1685 3344 substantiam;
1766 3270 1890 3338 est
1975 3285 2176 3357 ergo

623 3404 872 3457 causa
915 3381 1367 3455 communis
1434 3401 1532 3452 ex
1578 3384 1811 3472 parte
1855 3387 2173 3456 naturae

623 3507 702 3575 et
770 3501 978 3573 artis
1065 3500 1145 3571 in
1225 3499 1920 3592 praesupponendo
2000 3501 2178 3573 sub·

625 3616 1044 3699 stantiam,
1121 3616 1432 3709 quando
1525 3614 1837 3689 scilicet
1924 3621 2177 3708 agunt

624 3735 718 3807 ad
761 3733 1153 3815 accidenS,
1220 3733 1426 3825 quod
1468 3753 1625 3804 non
1674 3735 1940 3826 potest
1995 3753 2175 3826 pro-

622 3852 800 3925 duci
863 3850 1020 3923 nisi
1082 3850 1162 3922 in
1223 3850 1705 3924 substantia.
1775 3849 1855 3924 Si
1900 3855 2172 3924 autem

624 3969 898 4061 aliqua
952 3966 1411 4041 substantia
1490 3986 1895 4059 corporea
1957 3969 2171 4040 esset

624 4086 1085 4159 immediate
1133 4085 1525 4177 producta
1567 4104 1613 4154 a
1657 4086 1821 4157 Deo
1874 4084 2173 4176 absque

623 4203 944 4277 actione
1011 4207 1355 4286 naturae,
1408 4199 1937 4272 nihilominus
1991 4221 2173 4292 pos·

626 4324 747 4393 set
790 4340 927 4391 ars
970 4318 1192 4393 circa
1251 4318 1464 4392 istud
1526 4337 1854 4410 passum
1898 4336 2168 4409 agere,

626 4437 694 4509 si
736 4440 951 4510 esset
1002 4455 1263 4528 capax
1302 4433 1637 4509 termini
1680 4433 1912 4516 artis,
1968 4454 2061 4507 ac
2104 4433 2172 4505 si

624 4552 965 4628 effectus
1052 4555 1369 4627 naturae
1457 4549 2014 4644 praecessisset
2089 4549 2171 4620 in

624 4691 744 4744 eo.
811 4668 1211 4745 Similiter
1254 4669 1476 4760 patet
1538 4666 1737 4757 quod
1801 4665 2014 4740 ratio
2073 4685 2173 4736 ex

626 4789 787 4862 isto
859 4785 1138 4860 ordine
1202 4781 1618 4874 agentium
1688 4793 1848 4855 non
1924 4780 2169 4865 valet,

622 4901 1185 4997 distinguendo
1230 4899 1506 4993 plures
1573 4898 1896 4972 ordines
1938 4918 2174 4990 agen-

625 5020 883 5100 tium;
949 5037 1136 5090 nam
1209 5015 1288 5088 in
1385 5015 1661 5088 ordine
1755 5014 2171 5107 agentium

624 5134 1122 5211 naturaliter
1190 5137 1460 5227 potest
1520 5132 1866 5205 inveniri
1921 5152 2171 5223 agens

631 5252 1083 5335 materiale,
1167 5252 1374 5344 quod
1440 5254 1565 5324 est
1642 5248 2010 5332 inferiUS,
2092 5254 2173 5324 et

628 5393 875 5465 agens
953 5367 1527 5449 immateriale,
1603 5367 1808 5459 quod
1855 5369 1980 5440 est
2049 5387 2174 5439 su-

628 5489 945 5585 perius3
990 5506 1152 5560 non
1211 5490 1482 5560 tamen
1525 5482 1919 5575 sequitur,
1967 5483 2170 5575 quod

630 5626 880 5701 agens
934 5603 1362 5678 materiale
1421 5601 2002 5695 praesupponat
2065 5600 2173 5672 ef-

2296 582 2593 656 fectum
2656 581 2972 673 agentis
3033 577 3607 654 immaterialis
3668 597 3845 651 cre-

2297 699 2453 782 ati;
2535 720 2678 772 nec
2769 698 3164 791 sequitur,
3268 697 3335 770 si
3417 697 3844 771 materiale

2299 821 2882 910 praesupponat
2939 815 3322 890 effectum
3371 814 3511 887 Dei
3559 814 3843 888 imme-

2296 935 2534 1018 diate,
2595 936 2678 1009 in
2747 935 2951 1027 quod
3017 939 3233 1026 agat,
3314 953 3511 1026 ergo
3593 952 3842 1025 agens

2296 1053 2865 1138 immateriale,
2943 1053 3149 1147 quod
3223 1056 3348 1126 est
3436 1050 3839 1144 superius,

2296 1168 2501 1240 nihil
2560 1168 3143 1262 praesupponit.

2387 1288 2697 1366 Quarta
2739 1283 2956 1357 ratio
3018 1283 3121 1373 (h)
3180 1303 3341 1356 non
3409 1281 3834 1365 concludit,
3991 1286 4071 1336 ¹5·

2298 1401 2486 1494 quia
2555 1400 2695 1472 illa
2779 1399 3369 1493 potentialitas,
3444 1418 3619 1492 quae
3711 1400 3834 1471 est
3867 1347 4188 1475 ἓὲυῑέἓῖῑὶῖ

2297 1512 2751 1588 communis
2818 1517 3252 1595 creaturae,
3315 1512 3483 1615 siye
3544 1509 3838 1584 intelli,
3911 1478 4162 1607 rogalia,

2298 1635 2543 1724 gatur
2595 1629 3012 1719 objectiva,
3066 1631 3437 1721 respectu
3489 1652 3624 1696 esse
3669 1648 3839 1702 cre·
3892 1602 4173 1710 “cgffiva

3895 1722 4166 1775 inhaesiva.
4261 1760 4262 1763 ,

2297 1753 2581 1830 aturae,
2664 1747 2834 1820 sive
2904 1748 3418 1839 intelligatur
3468 1745 3839 1840 subjecti·

2294 1885 2419 1948 va,
2501 1867 2595 1938 ad
2676 1865 3219 1964 recipiendum
3290 1863 3499 1938 sicut
3571 1866 3844 1956 poten·

2293 1983 2513 2064 tiale,
2616 1982 2739 2054 vel
2836 1982 2929 2054 ad
2999 1980 3550 2053 inhaerendum
3638 1981 3849 2055 sicut

2294 2097 2566 2171 forma
2621 2098 2748 2171 vel
2818 2101 3074 2181 actuS,
3168 2119 3332 2171 non
3401 2096 3702 2171 sufficit
3756 2098 3850 2170 ad

2294 2214 2825 2298 inferendum,
2904 2215 3109 2308 quod
3187 2215 3402 2288 actio
3495 2215 3671 2307 ejus
3742 2214 3848 2289 sit

2295 2351 2476 2405 cum
2562 2335 2786 2405 motu
2883 2329 3015 2401 vel
3103 2328 3608 2411 mutatione3
3719 2330 3853 2402 sed

2295 2449 2498 2541 quod
2558 2447 2775 2523 actio
2846 2445 3136 2534 illa„si
3202 2451 3325 2521 est
3368 2448 3847 2527 immanens,

2296 2567 2530 2642 habet
2593 2566 3279 2661 potentialitatem
3362 2566 3588 2638 illam
3651 2585 3850 2658 prae-

2295 2684 2592 2759 dictam
2664 2684 2786 2755 vel
2885 2688 3343 2775 utramque.
3426 2682 3506 2757 Si
3593 2682 3843 2757 etiam

2293 2803 2414 2872 est
2482 2799 2922 2882 transiens,
2986 2822 3080 2873 eo
3162 2800 3394 2873 modo
3492 2821 3645 2892 quo
3717 2802 3841 2872 est

2295 2917 2373 2989 in
2434 2917 2600 2999 illo,
2665 2917 2745 2991 in
2806 2938 2962 3012 quo
3005 2917 3332 2999 transit,
3401 2921 3486 2991 ut
3544 2916 3625 2989 in
3684 2920 3845 2990 ter-

2295 3034 2539 3118 min0,
2599 3032 2834 3107 habet
2898 3032 3586 3127 potentialitatem
3652 3031 3846 3108 alte-

2293 3172 2472 3224 ram
2546 3152 2674 3225 vel
2730 3156 3223 3246 utramque3
3305 3171 3450 3225 nec
3503 3154 3847 3244 propter

2290 3267 2439 3343 hoc
2494 3273 2619 3343 est
2679 3274 2910 3344 actus
2987 3270 3265 3352 fluenS,
3348 3269 3476 3341 vel
3537 3267 3842 3360 raptim

2289 3385 2727 3470 transiens,
2792 3385 3005 3462 sicut
3074 3391 3344 3461 motus
3403 3386 3530 3458 vel
3586 3389 3851 3459 muta-

2292 3502 2435 3575 tio.

2747 3755 3394 3820 COMMENTARIUS.

2362 3989 2455 4072 (gl
2491 3992 2708 4053 Tertia
2756 3992 2925 4051 ratio
2965 3990 3356 4065 principalis
3399 4008 3524 4052 non
3578 3993 3829 4055 conclu·
3976 4000 4066 4072 μ,
4152 4063 4167 4074 .

2283 4110 2396 4180 dit,
2447 4113 2573 4170 etc.
2620 4104 2915 4186 AEgidius
2960 4105 3179 4182 quedl.
3239 4108 3302 4168 5.
3361 4124 3422 4184 q.
3490 4108 3539 4169 l.
3592 4112 3659 4169 et
3714 4062 4205 4179 Ρθ-Ὶὲῗὲιῗυιιζῗυο

2286 4227 2420 4285 trus
2467 4222 2549 4284 de
2604 4222 2976 4283 Tar-amasia
3025 4225 3092 4283 in
3133 4224 3195 4283 2.
3257 4224 3320 4285 d.
3364 4224 3419 4283 1.
3469 4229 3691 4300 quaest.
3762 4225 3823 4286 3.
3864 4187 4208 4302 εῗξξέἐῗζξ-

2284 4339 2567 4416 probant
2626 4337 3117 4401 conclusionem
3151 4355 3233 4399 ex
3267 4354 3344 4400 eo
3397 4338 3573 4416 quod
3620 4354 3828 4419 agens
3909 4314 4061 4424 „32³
4081 4374 4158 4427 „d

2281 4452 2554 4516 inferius
2594 4455 3067 4531 praesupponat
3096 4453 3159 4515 in
3205 4452 3466 4530 agendo
3520 4454 3828 4517 effectum
3866 4443 4211 4552 iffiffisstzh

2283 4568 2660 4646 superioriS,
2715 4573 2790 4629 ut
2827 4584 2931 4629 ars
2977 4566 3291 4631 effectum
3333 4573 3613 4643 naturae,
3662 4573 3830 4634 circa
3923 4561 4129 4615 Deum.

2285 4703 2479 4768 quem
2553 4689 2711 4766 agit,
2773 4691 3005 4747 natura
3074 4702 3230 4748 vero
3290 4686 3536 4766 aliquid
3593 4695 3827 4764 poten-

2285 4803 2460 4875 tiale,
2505 4801 2752 4863 scilicet
2799 4805 3164 4877 materiam,
3208 4817 3358 4880 quae
3409 4806 3507 4864 est
3555 4801 3832 4865 effectus

2283 4918 2471 4995 primi
2540 4918 2798 4996 agentis
2871 4920 2937 4977 et
2991 4916 3289 4989 increati,
3371 4922 3438 4978 et
3503 4916 3570 4979 id
3629 4918 3832 4998 exigit

2286 5031 2445 5095 ordo
2493 5033 2874 5108 agentium:
2925 5047 3085 5110 ergo
3145 5047 3351 5111 agens
3417 5038 3708 5096 creatum
3762 5036 3828 5097 in

2284 5148 2545 5228 agendo
2604 5149 2919 5227 supponit
2977 5145 3289 5210 effectum
3343 5148 3484 5222 Dei,
3546 5155 3614 5212 et
3669 5169 3831 5213 con-

2281 5267 2645 5344 sequenter
2700 5264 3042 5327 materiam
3112 5264 3420 5343 aliquam,
3485 5282 3566 5327 ex
3638 5268 3828 5348 quus

2282 5381 2573 5458 potentia
2607 5378 2826 5441 educit
2875 5377 3169 5451 formam,
3221 5396 3379 5459 ergo
3412 5381 3642 5459 nequit
3686 5397 3826 5443 cre-

2285 5514 2420 5572 are,
2470 5501 2602 5559 etc.

2364 5613 2539 5673 Hanc
2592 5608 2803 5689 rejicit
2859 5612 3103 5672 Doctor
3159 5614 3388 5688 primo,
3435 5612 3586 5690 quia
3630 5612 3683 5673 si
3727 5612 3826 5673 in-
