4287 6313
559 358 676 421 328

566 521 768 602 Idem,
813 522 880 588 in
929 524 1090 591 actis
1129 523 1459 589 Laurentii
1510 520 1818 608 martyris
1866 520 2109 604 legitur

565 640 948 727 aspersione
1004 641 1365 729 baptizasse
1420 640 1708 706 instante
1763 659 1884 705 suo
1939 658 2108 703 mar-

566 756 768 843 tyrio,

657 874 917 943 Accedit
972 875 1255 963 denique
1314 875 1478 940 ratio
1546 885 1610 940 et
1650 870 2105 958 congruentia,

568 991 721 1078 quia
754 992 897 1057 ideo
929 995 1296 1078 Baptismus
1329 991 1672 1057 institutus
1712 1000 1812 1054 est
1842 988 1907 1052 in
1941 1007 2108 1074 aqua

569 1121 639 1175 ut
697 1109 964 1176 materia
1012 1111 1153 1196 ejus
1204 1121 1468 1195 propter
1516 1106 1971 1173 necessitatem
2006 1127 2113 1172 es-

564 1237 663 1290 set
705 1225 951 1310 pervia,
997 1224 1150 1292 data
1194 1237 1293 1290 est
1323 1222 1593 1289 cuilibet
1651 1232 1941 1308 potestas
2002 1221 2111 1286 ba·

568 1339 848 1425 ptizandi
919 1339 1134 1407 valide
1200 1362 1281 1407 ex
1350 1340 1576 1406 eadem
1627 1337 1924 1415 ratione;
1998 1333 2113 1400 sed

574 1456 758 1523 multi
791 1466 946 1523 sunt
974 1475 1166 1521 casus
1202 1467 1464 1540 propter
1495 1453 1966 1531 infirmitatem,
2005 1461 2117 1518 aut

568 1572 895 1639 defectum
937 1590 1149 1658 aquae,
1196 1570 1261 1635 in
1298 1570 1537 1657 quibus
1569 1570 1742 1636 trina
1783 1566 2116 1634 immersio

574 1705 705 1754 non
762 1698 938 1754 esset
1005 1685 1363 1773 possibilis,
1409 1705 1568 1772 ergo
1614 1704 1744 1750 non
1800 1683 1922 1751 fuit
1958 1703 2118 1749 con-

575 1825 816 1892 gruum
865 1802 943 1870 ad
993 1823 1133 1868 cam
1177 1801 1365 1888 ligari
1401 1805 1914 1867 Sacramentum.

667 1919 911 1986 Deinde
958 1919 1100 1985 sive
1139 1917 1390 1984 dicatur
1437 1916 1746 1983 denotare
1794 1930 1927 1982 tres
1977 1936 2120 2000 per·

580 2058 798 2115 sonas,
835 2036 977 2103 sive
1006 2036 1200 2101 etiam
1243 2034 1646 2120 sepulturam
1687 2033 1951 2114 Christi,
1991 2052 2119 2098 non

582 2153 959 2242 requiritur,
1021 2153 1171 2241 quia
1230 2162 1363 2218 tres
1423 2171 1720 2237 personae
1772 2148 2121 2236 perfectius

580 2284 644 2339 et
673 2271 1046 2359 expressius
1082 2290 1196 2356 per
1233 2269 1507 2335 formam
1541 2267 1873 2353 Baptismi,
1927 2287 2120 2354 quam

581 2407 696 2474 per
753 2379 989 2451 trinam
1054 2383 1541 2452 immersionem
1585 2381 2016 2460 denotantur;
2061 2392 2126 2447 et

581 2503 722 2589 ipse
789 2512 973 2567 actus
1050 2498 1418 2586 baptizandi
1506 2498 1629 2564 sub
1713 2496 2124 2562 invocatione

579 2618 777 2684 trium
838 2634 1265 2702 personarum
1350 2613 1753 2681 sufficienter
1800 2611 2126 2701 significa-

579 2748 686 2801 tur
744 2754 858 2820 per
916 2732 1216 2798 formam.
1272 2733 1364 2797 Ex
1425 2729 1732 2816 Apostolo
1785 2728 2127 2813 desumpta

584 2846 946 2917 similitudo
1007 2846 1235 2913 mortis
1304 2857 1369 2913 et
1446 2846 1806 2932 sepulturae
1884 2843 2126 2912 Christi

582 2963 988 3033 sufficienter
1043 2962 1387 3030 denotatur
1444 2983 1560 3048 per
1619 2982 1812 3027 unam
1865 2961 2129 3027 immer-

584 3082 861 3162 sionem,
892 3080 1044 3169 quia
1077 3080 1361 3145 maxime
1392 3078 1779 3166 intelligitur
1810 3078 1889 3143 de
1922 3091 2130 3144 morte

584 3200 853 3295 peccati,
898 3208 962 3265 et
1000 3197 1478 3264 resurrectione
1526 3196 1607 3262 ab
1655 3196 1821 3282 ipso,
1867 3207 1938 3262 ut
1989 3196 2129 3282 ipse

584 3316 823 3383 Paulus
863 3314 1159 3381 insinuat
1199 3313 1278 3379 ad
1319 3315 1604 3379 Roman.
1650 3316 1714 3378 6.
1753 3333 1911 3399 ergo
1953 3313 2129 3380 nulla

582 3431 996 3519 congruitate
1061 3430 1233 3495 trina
1300 3429 1638 3495 immersio
1697 3427 1848 3515 poni
1918 3440 2131 3515 potest

585 3548 664 3615 ad
704 3536 1056 3614 essentiam
1097 3544 1494 3612 Sacramenti
1537 3556 1854 3630 spectare.

226 877 525 952 Congruen-

332 948 402 992 tm
413 979 428 995 .

384 3693 430 3743 7.
674 3667 898 3750 Neque
961 3662 1176 3727 obstat
1254 3660 1525 3747 epistola
1602 3661 1882 3727 Cornelii
1958 3660 2129 3746 apud

243 3753 562 3870 ἳξΐξξξζῗέῗ
589 3780 943 3848 Eusebium
1012 3778 1092 3844 de
1148 3778 1474 3864 Baptismo
1532 3778 1761 3843 Novati
1822 3778 1944 3844 sub
2002 3796 2129 3842 una

593 3896 940 3976 mersione,
1010 3895 1381 3963 revocantis
1434 3895 1498 3960 in
1565 3893 1835 3960 dubium
1913 3893 2130 3979 Bapti-

591 4033 805 4079 smum
846 4012 1039 4099 ejus:
1087 4012 1168 4077 Si
1222 4011 1439 4090 modo,
1486 4010 1719 4097 inquit,
1766 4011 1958 4076 talem
2010 4011 2129 4074 ho-

590 4132 836 4196 minem
919 4129 1337 4213 Baptismum
1393 4127 1717 4212 accepisse
1775 4126 2133 4193 dicendum

589 4249 697 4327 sic,
745 4259 870 4326 etc,
905 4245 1058 4334 quia
1101 4244 1182 4309 de
1228 4244 1355 4309 ritu
1396 4262 1522 4307 non
1573 4241 1847 4320 dubitat,
1892 4244 2000 4309 sed
2054 4243 2135 4310 de

594 4365 807 4430 fructu
842 4360 1150 4448 Baptismi
1186 4358 1549 4448 insshomine
1582 4379 1916 4443 perverso,
1953 4360 2134 4446 Obji-

592 4480 761 4547 citur
798 4478 992 4546 etiam
1025 4494 1235 4543 canon
1284 4474 1598 4560 praefatus
1646 4474 2130 4561 Apostolorum,

593 4596 704 4665 ubi
738 4594 1124 4682 reprobatur
1154 4591 1342 4659 unica
1373 4590 1712 4657 immersio
1753 4590 1816 4657 in
1864 4605 2137 4657 mortem

596 4711 859 4791 Christi,
906 4711 1076 4777 sicut
1113 4721 1178 4775 et
1216 4730 1470 4775 canone
1517 4712 1584 4774 Ἴ,
1621 4708 1850 4794 primae
1893 4708 2137 4795 Synodi

597 4826 1333 4913 Constantinopolitanae
1428 4825 1825 4891 damnantur
1925 4829 2138 4891 Euno-

602 4946 822 5024 miani‚
896 4943 1067 5032 quod
1127 4943 1194 5008 in
1256 4962 1384 5009 una
1444 4941 1893 5022 immersione,
1948 4953 2012 5008 et
2071 4942 2138 5008 in

600 5074 873 5130 mortem
958 5058 1198 5126 Christi
1257 5079 1386 5124 non
1461 5057 1758 5125 invocata
1824 5057 2139 5126 Trinitate

600 5177 1032 5266 baptizarint;
1077 5176 1157 5240 de
1197 5175 1437 5262 quibus
1489 5175 1957 5254 Theodoretus‚
2022 5197 2138 5244 seu

596 5300 677 5364 de
725 5314 948 5361 eorum
1010 5302 1273 5359 auctore
1338 5291 1658 5358 Eunomio
1712 5291 1890 5371 dicit,
1967 5293 2137 5379 quod

600 5413 806 5481 sancti
849 5408 1160 5497 Baptismi
1204 5408 1400 5473 ritum
1438 5429 1474 5473 a
1514 5408 1773 5475 Christo
1823 5420 1887 5476 et
1966 5415 2140 5494 Apo-

603 5530 789 5601 stolis
828 5527 1136 5596 traditum
1167 5523 1512 5592 subvertit.

1809 359 1953 421 LIB.
1987 359 2081 423 lV.
2121 356 2727 423 SEN'I'ENTIARUM

2309 520 2760 607 Respondetur
2798 541 2879 587 ex
2918 519 3131 598 dictis,
3177 517 3316 584 dari
3356 514 3757 603 Baptismum
3809 538 4118 604 Responsio.

2222 659 2348 704 una
2414 638 2858 718 immersione,
2923 648 2986 703 et
3045 637 3109 702 in
3173 636 3436 702 nomine
3518 631 3760 699 Christi

2220 756 2481 836 mortui,
2529 777 2645 822 seu
2686 756 2751 821 in
2796 766 3069 822 mortem
3118 753 3361 821 Christi
3414 753 3618 818 fuisse
3667 771 3763 816 re-

2221 874 2604 958 probatum;
2667 885 2805 938 tum
2895 872 3044 959 quia
3126 870 3336 937 forma
3419 868 3765 934 subverte-

2222 991 2433 1066 batur,
2467 1009 2615 1076 quae
2674 987 2796 1054 fuit
2836 988 3132 1054 Maltltoei
3178 988 3435 1063 ullimO,
3483 995 3546 1051 et
3602 983 3770 1048 hanc

2221 1108 2540 1172 rationem
2644 1104 3079 1172 damnationis
3180 1102 3443 1170 adducit
3557 1120 3765 1167 canon

2224 1222 2683 1307 Apostolorum
2712 1246 2727 1299 ;
2762 1234 2900 1288 tum
2944 1220 3096 1309 quia
3129 1220 3292 1286 ritus
3324 1238 3535 1285 novus
3567 1215 3762 1283 indu-

2223 1340 2492 1405 cebatur
2551 1337 2629 1404 ad
2688 1336 2883 1403 finem
2944 1336 3211 1415 erroriS,
3269 1345 3338 1401 ut
3378 1333 3768 1401 Eunomiani

2228 1456 2571 1534 faciebant,
2615 1454 2726 1541 qui
2769 1455 3096 1541 negabant
3133 1452 3543 1531 Trinitatem,
3589 1463 3653 1517 et
3691 1450 3770 1517 ad

2229 1572 2700 1656 professionem
2763 1569 2909 1636 talis
2947 1568 3192 1634 erroris
3233 1568 3585 1634 utebantur
3631 1578 3772 1632 tan·-

2229 1699 2368 1753 tum
2411 1708 2538 1754 una
2599 1685 3047 1764 immersione,
3110 1684 3280 1751 sicut
3355 1683 3768 1769 postmodum

2229 1803 2451 1871 Ariani
2510 1802 2682 1870 trina
2741 1801 2818 1868 ad
2873 1800 3343 1888 professionem
3403 1799 3646 1866 erroris
3707 1808 3770 1863 et

2230 1919 2660 2006 separationis
2719 1919 2915 1985 trium
2957 1937 3381 2006 personarum
3425 1917 3491 1981 in
3541 1926 3771 1981 natura
3818 1920 4123 1991 Gregorius.

2231 2049 2296 2104 et
2325 2034 3022 2111 consubstantialitate,
3068 2046 3140 2101 ut
3169 2033 3367 2100 refert
3417 2032 3771 2120 Gregorius

2235 2155 2510 2237 Magnus
2558 2170 2780 2238 supra.

2322 2271 2487 2335 Hinc
2535 2267 2839 2354 Synodus
2897 2264 3602 2351 Constantinopolitana
3659 2263 3769 2331 do·
3944 2276 3998 2324 8.

2234 2397 2335 2452 cet
2365 2384 2808 2451 Eunomianos
2867 2384 3213 2450 redeuntes
3280 2383 3356 2449 ad
3417 2381 3767 2448 Ecclesiam
3821 2338 4118 2452 (ιεοῖἓῗὲἒῧ-

2234 2522 2381 2567 esse
2412 2499 2853 2586 baptizandos.
2892 2498 3074 2565 Unde
3114 2498 3221 2565 illa
3262 2518 3390 2564 una
3439 2498 3774 2564 immersio
3851 2464 4076 2530 ”⁰⁹⁰¹n‘

2210 2619 2792 2685 ⁴Eunomianorum
2836 2638 2966 2684 non
3000 2618 3121 2683 fuit
3153 2617 3582 2703 baptismalis,
3628 2614 3778 2703 quia

2240 2757 2367 2801 non
2408 2733 2760 2822 recipiebat
2815 2734 3419 2800 determinationem
3480 2754 3593 2819 per
3649 2733 3821 2799 for-¹

2239 2870 2410 2916 mam
2450 2850 2839 2936 legitimam,
2875 2848 3210 2915 autetiam
3272 2847 3581 2914 validam.
3619 2847 3783 2923 Quia

2238 2965 2387 3033 licet
2442 2965 3201 3052 dicamusBaptismum
3244 2964 3465 3030 datum
3528 2966 3594 3029 in
3666 2983 3786 3029 no-

2241 3083 2418 3148 mine
2474 3083 2712 3149 Christi
2789 3081 3009 3148 valere
3064 3081 3446 3158 etiamnum,
3509 3093 3581 3148 ut
3640 3081 3787 3170 qui-

2238 3200 2386 3267 dam
2420 3201 2671 3280 volunt,
2708 3200 2812 3266 vel
2853 3212 3027 3266 certe
3067 3220 3183 3287 pro
3221 3198 3441 3285 aliquo
3488 3210 3783 3285 tempore

2237 3318 2528 3385 valuisse
2556 3328 2858 3384 currente
2891 3317 3157 3395 motivo,
3196 3327 3267 3381 ut
3296 3335 3488 3382 causa
3522 3316 3788 3403 dispen-

2240 3433 2511 3500 sationis
2586 3434 2792 3510 factae‚
2857 3453 2985 3498 non
3054 3443 3154 3498 est
3214 3432 3383 3498 idem
3457 3431 3786 3518 baptizare

2240 3550 2305 3614 in
2351 3548 2615 3615 nomine
2653 3561 2717 3614 et
2756 3559 3072 3635 potestate
3121 3548 3386 3628 Christi,
3445 3568 3520 3614 ac
3569 3548 3782 3635 bapti-

2237 3686 2382 3732 zare
2415 3666 2482 3731 in
2514 3679 2784 3731 mortem
2844 3664 3106 3742 Christi,
3154 3663 3257 3731 vel
3317 3664 3384 3728 in
3445 3665 3777 3731 Christum
3810 3699 4122 3757 Differennin

2240 3779 2732 3867 reduplicative,
2770 3780 3153 3867 inquantum
3198 3791 3493 3846 mortuus
3533 3790 3673 3847 erat
3717 3791 3781 3847 et
3813 3768 4149 3883 cm‘ffi‘l’gffifi

2239 3897 2556 3983 sepultuS.
2629 3897 2803 3963 Licet
2868 3895 3043 3962 enim
3104 3896 3475 3982 Baptismus
3537 3914 3779 3983 reprae·
3875 3904 4077 4004 ⁸522?

2241 4025 2449 4081 sentet
2502 4013 2838 4099 analogice
2926 4025 3197 4079 mortem
3256 4023 3318 4077 et
3377 4014 3775 4098 sepulturam
3849 3972 4009 4079 snssra
4043 4019 4147 4089 in,

2242 4129 2508 4209 Christi,
2561 4149 2641 4194 ex
2700 4129 2803 4194 his
2859 4141 3075 4195 tamen
3144 4150 3271 4195 non
3322 4130 3524 4196 sumit
3563 4131 3781 4199 effica-
3826 4080 4151 4207 Ρέῗςῇῗέιῗιῗῃ

2243 4246 2435 4325 ciam,
2508 4245 2677 4312 sicut
2736 4265 2947 4332 neque
3019 4246 3258 4312 Christi
3331 4247 3635 4314 meritum
3702 4247 3782 4313 ad
3910 4220 4049 4257 mus.

2248 4376 2519 4429 mortem
2601 4376 2665 4428 et
2748 4363 3149 4449 sepulturam
3238 4365 3650 4444 extenditur3
3724 4376 3789 4431 et

2245 4479 2415 4546 sicut
2470 4494 2700 4545 natura
2758 4479 3043 4544 humana
3102 4478 3296 4546 desiit
3345 4501 3461 4568 per
3509 4493 3787 4547 mortem

2247 4597 2575 4663 destructa
2640 4595 2881 4662 unione
2938 4594 3177 4662 animae
3235 4596 3312 4663 ad
3377 4617 3641 4683 corpus,
3696 4599 3790 4666 sic

2248 4711 2445 4778 etiarn
2487 4731 2699 4796 neque
2745 4709 3044 4776 Christus
3105 4710 3247 4791 fuit,
3304 4710 3366 4776 id
3417 4726 3539 4791 est,
3588 4712 3792 4779 Filius

2249 4823 2618 4894 subsistens
2662 4826 2726 4890 in
2769 4837 2998 4891 natura
3047 4825 3335 4891 humana
3368 4825 3795 4893 'subsistente
3872 4886 3873 4889 ,

2249 4964 2328 5009 ex
2379 4941 2671 5029 partibus
2731 4940 2931 5007 unitis
2983 4942 3259 5008 durante
3321 4954 3529 5009 morte
3580 4958 3643 5010 et
3691 4964 3792 5010 se-

2251 5059 2534 5147 pultura.

2339 5174 2659 5242 Particula
2708 5195 2865 5241 vero
2923 5175 2997 5240 in
3051 5176 3322 5241 nomine
3368 5175 3649 5243 refertur
3709 5178 3786 5243 ad
3961 5198 4018 5248 9.

2250 5294 2580 5360 Christum
2624 5293 3116 5371 subsistentem,
3172 5293 3344 5361 sicut
3392 5306 3456 5360 et
3506 5306 3791 5381 potestas

2253 5411 2615 5497 designata,
2662 5409 2984 5509 invocatio
3028 5409 3222 5476 etiam
3280 5410 3615 5477 Trinitatis
3674 5411 3790 5477 im-

2254 5520 2474 5607 plicita
2504 5519 2572 5585 in
2604 5518 2868 5585 nomine
2913 5517 3182 5601 Christi,
3225 5518 3306 5585 de
3333 5540 3462 5607 qua
3518 5520 3792 5587 Ambro-
