<?xml version="1.0" encoding="UTF-8"?>
<!DOCTYPE html PUBLIC "-//W3C//DTD XHTML 1.0 Transitional//EN"
    "http://www.w3.org/TR/xhtml1/DTD/xhtml1-transitional.dtd">
<html xmlns="http://www.w3.org/1999/xhtml" xml:lang="en" lang="en">
 <head>
  <title>
</title>
<meta http-equiv="Content-Type" content="text/html;charset=utf-8" />
  <meta name='ocr-system' content='tesseract 3.04.00' />
  <meta name='ocr-capabilities' content='ocr_page ocr_carea ocr_par ocr_line ocrx_word'/>
</head>
<body>
  <div class='ocr_page' id='page_1' title='image "./joannisdunsscot01waddgoog_0637.png"; bbox 0 0 4287 6313; ppageno 0'>
   <div class='ocr_carea' id='block_1_1' title="bbox 1601 396 2448 473">
    <p class='ocr_par' dir='ltr' id='par_1_1' title="bbox 1601 396 2448 473">
     <span class='ocr_line' id='line_1_1' title="bbox 1601 396 2448 473; baseline -0.004 -9"><span class='ocrx_word' id='word_1_1' title='bbox 1601 402 1777 464; x_wconf 90' lang='lat' dir='ltr'>DlST</span> <span class='ocrx_word' id='word_1_2' title='bbox 1829 401 1927 461; x_wconf 87' lang='lat' dir='ltr'>Vl.</span> <span class='ocrx_word' id='word_1_3' title='bbox 1977 396 2344 473; x_wconf 81' lang='lat' dir='ltr'>QUAESTIO</span> <span class='ocrx_word' id='word_1_4' title='bbox 2375 400 2448 461; x_wconf 84' lang='lat' dir='ltr'>X.</span> 
     </span>
    </p>
   </div>
   <div class='ocr_carea' id='block_1_2' title="bbox 402 561 1962 5648">
    <p class='ocr_par' dir='ltr' id='par_1_2' title="bbox 402 561 1957 3069">
     <span class='ocr_line' id='line_1_2' title="bbox 407 561 1944 658; baseline -0.001 -27"><span class='ocrx_word' id='word_1_5' title='bbox 407 565 612 655; x_wconf 86' lang='lat' dir='ltr'>quod</span> <span class='ocrx_word' id='word_1_6' title='bbox 653 563 855 637; x_wconf 90' lang='lat' dir='ltr'>nihil</span> <span class='ocrx_word' id='word_1_7' title='bbox 885 570 1011 639; x_wconf 88' lang='lat' dir='ltr'>est</span> <span class='ocrx_word' id='word_1_8' title='bbox 1069 588 1168 639; x_wconf 82' lang='lat' dir='ltr'>ex</span> <span class='ocrx_word' id='word_1_9' title='bbox 1203 565 1433 658; x_wconf 89' lang='lat' dir='ltr'>cujus</span> <span class='ocrx_word' id='word_1_10' title='bbox 1476 561 1944 654; x_wconf 82' lang='lat' dir='ltr'>cognitione</span> 
     </span>
     <span class='ocr_line' id='line_1_3' title="bbox 402 678 1945 775; baseline -0.001 -24"><span class='ocrx_word' id='word_1_11' title='bbox 402 701 565 752; x_wconf 89' lang='lat' dir='ltr'>non</span> <span class='ocrx_word' id='word_1_12' title='bbox 635 682 899 775; x_wconf 91' lang='lat' dir='ltr'>possit</span> <span class='ocrx_word' id='word_1_13' title='bbox 970 684 1330 755; x_wconf 77' lang='lat' dir='ltr'>devenir-i</span> <span class='ocrx_word' id='word_1_14' title='bbox 1409 683 1490 755; x_wconf 92' lang='lat' dir='ltr'>in</span> <span class='ocrx_word' id='word_1_15' title='bbox 1550 678 1945 770; x_wconf 92' lang='lat' dir='ltr'>cognitio-</span> 
     </span>
     <span class='ocr_line' id='line_1_4' title="bbox 402 793 1944 885; baseline -0.003 -17"><span class='ocrx_word' id='word_1_16' title='bbox 402 817 584 869; x_wconf 86' lang='lat' dir='ltr'>nem</span> <span class='ocrx_word' id='word_1_17' title='bbox 634 797 1004 881; x_wconf 90' lang='lat' dir='ltr'>alterius,</span> <span class='ocrx_word' id='word_1_18' title='bbox 1052 798 1345 872; x_wconf 90' lang='lat' dir='ltr'>saltem</span> <span class='ocrx_word' id='word_1_19' title='bbox 1406 801 1494 870; x_wconf 90' lang='lat' dir='ltr'>ut</span> <span class='ocrx_word' id='word_1_20' title='bbox 1541 817 1637 868; x_wconf 85' lang='lat' dir='ltr'>ex</span> <span class='ocrx_word' id='word_1_21' title='bbox 1677 793 1944 885; x_wconf 92' lang='lat' dir='ltr'>cogni·</span> 
     </span>
     <span class='ocr_line' id='line_1_5' title="bbox 406 901 1943 997; baseline -0.003 -21"><span class='ocrx_word' id='word_1_22' title='bbox 406 901 627 976; x_wconf 89' lang='lat' dir='ltr'>tione</span> <span class='ocrx_word' id='word_1_23' title='bbox 714 906 1205 997; x_wconf 88' lang='lat' dir='ltr'>posterioris</span> <span class='ocrx_word' id='word_1_24' title='bbox 1275 904 1357 977; x_wconf 89' lang='lat' dir='ltr'>in</span> <span class='ocrx_word' id='word_1_25' title='bbox 1425 903 1680 997; x_wconf 88' lang='lat' dir='ltr'>prius,</span> <span class='ocrx_word' id='word_1_26' title='bbox 1756 901 1943 993; x_wconf 86' lang='lat' dir='ltr'>quin</span> 
     </span>
     <span class='ocr_line' id='line_1_6' title="bbox 406 1018 1946 1117; baseline 0.005 -27"><span class='ocrx_word' id='word_1_27' title='bbox 406 1018 600 1092; x_wconf 90' lang='lat' dir='ltr'>illud</span> <span class='ocrx_word' id='word_1_28' title='bbox 643 1023 1057 1114; x_wconf 79' lang='lat' dir='ltr'>posterius</span> <span class='ocrx_word' id='word_1_29' title='bbox 1091 1023 1354 1117; x_wconf 81' lang='lat' dir='ltr'>possit</span> <span class='ocrx_word' id='word_1_30' title='bbox 1386 1020 1541 1093; x_wconf 88' lang='lat' dir='ltr'>dici</span> <span class='ocrx_word' id='word_1_31' title='bbox 1584 1020 1946 1111; x_wconf 80' lang='lat' dir='ltr'>signum;</span> 
     </span>
     <span class='ocr_line' id='line_1_7' title="bbox 404 1136 1948 1232; baseline -0.001 -24"><span class='ocrx_word' id='word_1_32' title='bbox 404 1141 484 1210; x_wconf 90' lang='lat' dir='ltr'>et</span> <span class='ocrx_word' id='word_1_33' title='bbox 545 1137 660 1211; x_wconf 90' lang='lat' dir='ltr'>sic</span> <span class='ocrx_word' id='word_1_34' title='bbox 736 1140 1111 1224; x_wconf 92' lang='lat' dir='ltr'>conced0,</span> <span class='ocrx_word' id='word_1_35' title='bbox 1158 1138 1362 1232; x_wconf 91' lang='lat' dir='ltr'>quod</span> <span class='ocrx_word' id='word_1_36' title='bbox 1432 1156 1679 1229; x_wconf 91' lang='lat' dir='ltr'>super</span> <span class='ocrx_word' id='word_1_37' title='bbox 1738 1136 1948 1209; x_wconf 87' lang='lat' dir='ltr'>rela-</span> 
     </span>
     <span class='ocr_line' id='line_1_8' title="bbox 407 1251 1950 1348; baseline -0.001 -23"><span class='ocrx_word' id='word_1_38' title='bbox 407 1251 714 1326; x_wconf 81' lang='lat' dir='ltr'>tionem</span> <span class='ocrx_word' id='word_1_39' title='bbox 827 1255 1186 1348; x_wconf 83' lang='lat' dir='ltr'>aliquam</span> <span class='ocrx_word' id='word_1_40' title='bbox 1298 1253 1602 1327; x_wconf 87' lang='lat' dir='ltr'>realem</span> <span class='ocrx_word' id='word_1_41' title='bbox 1683 1256 1950 1344; x_wconf 88' lang='lat' dir='ltr'>potest</span> 
     </span>
     <span class='ocr_line' id='line_1_9' title="bbox 408 1367 1950 1463; baseline 0.001 -24"><span class='ocrx_word' id='word_1_42' title='bbox 408 1367 729 1443; x_wconf 84' lang='lat' dir='ltr'>fundari</span> <span class='ocrx_word' id='word_1_43' title='bbox 801 1372 1098 1446; x_wconf 87' lang='lat' dir='ltr'>relatio</span> <span class='ocrx_word' id='word_1_44' title='bbox 1181 1371 1396 1463; x_wconf 88' lang='lat' dir='ltr'>signi</span> <span class='ocrx_word' id='word_1_45' title='bbox 1471 1371 1567 1442; x_wconf 88' lang='lat' dir='ltr'>ad</span> <span class='ocrx_word' id='word_1_46' title='bbox 1649 1369 1950 1461; x_wconf 86' lang='lat' dir='ltr'>aliquid</span> 
     </span>
     <span class='ocr_line' id='line_1_10' title="bbox 412 1484 1950 1576; baseline 0 -21"><span class='ocrx_word' id='word_1_47' title='bbox 412 1484 679 1576; x_wconf 90' lang='lat' dir='ltr'>prius;</span> <span class='ocrx_word' id='word_1_48' title='bbox 728 1486 859 1559; x_wconf 88' lang='lat' dir='ltr'>sed</span> <span class='ocrx_word' id='word_1_49' title='bbox 930 1488 1121 1560; x_wconf 89' lang='lat' dir='ltr'>talis</span> <span class='ocrx_word' id='word_1_50' title='bbox 1193 1487 1486 1560; x_wconf 88' lang='lat' dir='ltr'>relatio</span> <span class='ocrx_word' id='word_1_51' title='bbox 1556 1505 1713 1558; x_wconf 92' lang='lat' dir='ltr'>non</span> <span class='ocrx_word' id='word_1_52' title='bbox 1784 1488 1950 1557; x_wconf 88' lang='lat' dir='ltr'>tan-</span> 
     </span>
     <span class='ocr_line' id='line_1_11' title="bbox 412 1601 1952 1696; baseline -0.001 -22"><span class='ocrx_word' id='word_1_53' title='bbox 412 1606 581 1674; x_wconf 89' lang='lat' dir='ltr'>tum</span> <span class='ocrx_word' id='word_1_54' title='bbox 638 1601 858 1676; x_wconf 87' lang='lat' dir='ltr'>ducit</span> <span class='ocrx_word' id='word_1_55' title='bbox 916 1602 999 1675; x_wconf 91' lang='lat' dir='ltr'>in</span> <span class='ocrx_word' id='word_1_56' title='bbox 1039 1604 1588 1696; x_wconf 84' lang='lat' dir='ltr'>cognitionem</span> <span class='ocrx_word' id='word_1_57' title='bbox 1632 1602 1780 1683; x_wconf 90' lang='lat' dir='ltr'>sui,</span> <span class='ocrx_word' id='word_1_58' title='bbox 1820 1602 1952 1673; x_wconf 92' lang='lat' dir='ltr'>sed</span> 
     </span>
     <span class='ocr_line' id='line_1_12' title="bbox 410 1714 1948 1792; baseline 0 -6"><span class='ocrx_word' id='word_1_59' title='bbox 410 1714 658 1788; x_wconf 89' lang='lat' dir='ltr'>etiam</span> <span class='ocrx_word' id='word_1_60' title='bbox 731 1716 1101 1791; x_wconf 88' lang='lat' dir='ltr'>alterius.</span> <span class='ocrx_word' id='word_1_61' title='bbox 1159 1720 1260 1792; x_wconf 89' lang='lat' dir='ltr'>Et</span> <span class='ocrx_word' id='word_1_62' title='bbox 1336 1717 1487 1790; x_wconf 91' lang='lat' dir='ltr'>hoc</span> <span class='ocrx_word' id='word_1_63' title='bbox 1576 1716 1810 1789; x_wconf 93' lang='lat' dir='ltr'>modo</span> <span class='ocrx_word' id='word_1_64' title='bbox 1882 1714 1948 1787; x_wconf 89' lang='lat' dir='ltr'>si</span> 
     </span>
     <span class='ocr_line' id='line_1_13' title="bbox 412 1831 1950 1929; baseline 0.001 -28"><span class='ocrx_word' id='word_1_65' title='bbox 412 1831 591 1923; x_wconf 91' lang='lat' dir='ltr'>quis</span> <span class='ocrx_word' id='word_1_66' title='bbox 648 1833 964 1909; x_wconf 87' lang='lat' dir='ltr'>videret</span> <span class='ocrx_word' id='word_1_67' title='bbox 1024 1833 1607 1929; x_wconf 76' lang='lat' dir='ltr'>paternitatem</span> <span class='ocrx_word' id='word_1_68' title='bbox 1673 1833 1752 1904; x_wconf 94' lang='lat' dir='ltr'>in</span> <span class='ocrx_word' id='word_1_69' title='bbox 1804 1852 1950 1904; x_wconf 89' lang='lat' dir='ltr'>suo</span> 
     </span>
     <span class='ocr_line' id='line_1_14' title="bbox 412 1945 1950 2044; baseline 0 -24"><span class='ocrx_word' id='word_1_70' title='bbox 412 1945 960 2036; x_wconf 83' lang='lat' dir='ltr'>fundamentO,</span> <span class='ocrx_word' id='word_1_71' title='bbox 1018 1956 1294 2044; x_wconf 88' lang='lat' dir='ltr'>posset</span> <span class='ocrx_word' id='word_1_72' title='bbox 1390 1974 1566 2025; x_wconf 90' lang='lat' dir='ltr'>esse</span> <span class='ocrx_word' id='word_1_73' title='bbox 1629 1951 1950 2042; x_wconf 91' lang='lat' dir='ltr'>signum</span> 
     </span>
     <span class='ocr_line' id='line_1_15' title="bbox 413 2066 1954 2160; baseline 0.001 -24"><span class='ocrx_word' id='word_1_74' title='bbox 413 2069 1140 2141; x_wconf 87' lang='lat' dir='ltr'>rememorativum</span> <span class='ocrx_word' id='word_1_75' title='bbox 1208 2070 1438 2141; x_wconf 88' lang='lat' dir='ltr'>actus</span> <span class='ocrx_word' id='word_1_76' title='bbox 1499 2066 1954 2160; x_wconf 89' lang='lat' dir='ltr'>generatio-</span> 
     </span>
     <span class='ocr_line' id='line_1_16' title="bbox 407 2179 1952 2273; baseline 0 -23"><span class='ocrx_word' id='word_1_77' title='bbox 407 2179 534 2251; x_wconf 91' lang='lat' dir='ltr'>nis</span> <span class='ocrx_word' id='word_1_78' title='bbox 631 2181 1088 2273; x_wconf 82' lang='lat' dir='ltr'>praeteriti;</span> <span class='ocrx_word' id='word_1_79' title='bbox 1149 2188 1232 2256; x_wconf 91' lang='lat' dir='ltr'>et</span> <span class='ocrx_word' id='word_1_80' title='bbox 1320 2183 1478 2255; x_wconf 90' lang='lat' dir='ltr'>isto</span> <span class='ocrx_word' id='word_1_81' title='bbox 1559 2182 1791 2254; x_wconf 89' lang='lat' dir='ltr'>modo</span> <span class='ocrx_word' id='word_1_82' title='bbox 1873 2180 1952 2251; x_wconf 92' lang='lat' dir='ltr'>in</span> 
     </span>
     <span class='ocr_line' id='line_1_17' title="bbox 412 2298 1953 2390; baseline 0 -22"><span class='ocrx_word' id='word_1_83' title='bbox 412 2298 876 2390; x_wconf 89' lang='lat' dir='ltr'>proposito;</span> <span class='ocrx_word' id='word_1_84' title='bbox 951 2306 1033 2373; x_wconf 92' lang='lat' dir='ltr'>et</span> <span class='ocrx_word' id='word_1_85' title='bbox 1124 2300 1474 2371; x_wconf 81' lang='lat' dir='ltr'>maxime</span> <span class='ocrx_word' id='word_1_86' title='bbox 1577 2318 1736 2370; x_wconf 91' lang='lat' dir='ltr'>non</span> <span class='ocrx_word' id='word_1_87' title='bbox 1830 2299 1953 2369; x_wconf 91' lang='lat' dir='ltr'>est</span> 
     </span>
     <span class='ocr_line' id='line_1_18' title="bbox 406 2407 1954 2506; baseline 0.001 -26"><span class='ocrx_word' id='word_1_88' title='bbox 406 2407 560 2482; x_wconf 92' lang='lat' dir='ltr'>hoc</span> <span class='ocrx_word' id='word_1_89' title='bbox 633 2411 1229 2495; x_wconf 77' lang='lat' dir='ltr'>inconvenienS,</span> <span class='ocrx_word' id='word_1_90' title='bbox 1279 2413 1467 2506; x_wconf 87' lang='lat' dir='ltr'>quia</span> <span class='ocrx_word' id='word_1_91' title='bbox 1527 2412 1689 2484; x_wconf 89' lang='lat' dir='ltr'>ista</span> <span class='ocrx_word' id='word_1_92' title='bbox 1752 2411 1954 2484; x_wconf 87' lang='lat' dir='ltr'>rela-</span> 
     </span>
     <span class='ocr_line' id='line_1_19' title="bbox 412 2525 1957 2619; baseline -0.001 -22"><span class='ocrx_word' id='word_1_93' title='bbox 412 2525 528 2598; x_wconf 92' lang='lat' dir='ltr'>tio</span> <span class='ocrx_word' id='word_1_94' title='bbox 580 2525 793 2619; x_wconf 86' lang='lat' dir='ltr'>signi</span> <span class='ocrx_word' id='word_1_95' title='bbox 843 2550 1004 2602; x_wconf 89' lang='lat' dir='ltr'>non</span> <span class='ocrx_word' id='word_1_96' title='bbox 1041 2533 1190 2611; x_wconf 87' lang='lat' dir='ltr'>est,</span> <span class='ocrx_word' id='word_1_97' title='bbox 1273 2529 1432 2601; x_wconf 90' lang='lat' dir='ltr'>nisi</span> <span class='ocrx_word' id='word_1_98' title='bbox 1497 2527 1789 2601; x_wconf 88' lang='lat' dir='ltr'>relatio</span> <span class='ocrx_word' id='word_1_99' title='bbox 1833 2545 1957 2597; x_wconf 87' lang='lat' dir='ltr'>ra·</span> 
     </span>
     <span class='ocr_line' id='line_1_20' title="bbox 414 2643 1953 2739; baseline -0.001 -24"><span class='ocrx_word' id='word_1_100' title='bbox 414 2643 688 2728; x_wconf 90' lang='lat' dir='ltr'>tionis,</span> <span class='ocrx_word' id='word_1_101' title='bbox 736 2647 1129 2739; x_wconf 90' lang='lat' dir='ltr'>loquendo</span> <span class='ocrx_word' id='word_1_102' title='bbox 1170 2648 1260 2720; x_wconf 87' lang='lat' dir='ltr'>de</span> <span class='ocrx_word' id='word_1_103' title='bbox 1304 2647 1535 2739; x_wconf 89' lang='lat' dir='ltr'>signo</span> <span class='ocrx_word' id='word_1_104' title='bbox 1577 2644 1953 2718; x_wconf 87' lang='lat' dir='ltr'>instituto</span> 
     </span>
     <span class='ocr_line' id='line_1_21' title="bbox 415 2759 1955 2856; baseline -0.003 -22"><span class='ocrx_word' id='word_1_105' title='bbox 415 2764 508 2835; x_wconf 87' lang='lat' dir='ltr'>ad</span> <span class='ocrx_word' id='word_1_106' title='bbox 580 2763 999 2856; x_wconf 88' lang='lat' dir='ltr'>placitum,</span> <span class='ocrx_word' id='word_1_107' title='bbox 1066 2762 1522 2856; x_wconf 86' lang='lat' dir='ltr'>cujusmodi</span> <span class='ocrx_word' id='word_1_108' title='bbox 1572 2764 1695 2835; x_wconf 87' lang='lat' dir='ltr'>est</span> <span class='ocrx_word' id='word_1_109' title='bbox 1775 2759 1955 2832; x_wconf 91' lang='lat' dir='ltr'>cha-</span> 
     </span>
     <span class='ocr_line' id='line_1_22' title="bbox 415 2877 1956 2973; baseline -0.001 -25"><span class='ocrx_word' id='word_1_110' title='bbox 415 2882 690 2951; x_wconf 89' lang='lat' dir='ltr'>racter</span> <span class='ocrx_word' id='word_1_111' title='bbox 783 2883 1158 2973; x_wconf 90' lang='lat' dir='ltr'>respectu</span> <span class='ocrx_word' id='word_1_112' title='bbox 1233 2877 1588 2971; x_wconf 88' lang='lat' dir='ltr'>suscepti</span> <span class='ocrx_word' id='word_1_113' title='bbox 1660 2880 1956 2952; x_wconf 89' lang='lat' dir='ltr'>Sacra-</span> 
     </span>
     <span class='ocr_line' id='line_1_23' title="bbox 420 2996 695 3069; baseline -0.007 -2"><span class='ocrx_word' id='word_1_114' title='bbox 420 2996 695 3069; x_wconf 90' lang='lat' dir='ltr'>menti.</span> 
     </span>
    </p>

    <p class='ocr_par' dir='ltr' id='par_1_3' title="bbox 411 3111 1958 5510">
     <span class='ocr_line' id='line_1_24' title="bbox 508 3111 1954 3195; baseline -0.001 -11"><span class='ocrx_word' id='word_1_115' title='bbox 508 3112 728 3195; x_wconf 81' lang='lat' dir='ltr'>Quod</span> <span class='ocrx_word' id='word_1_116' title='bbox 807 3112 1130 3187; x_wconf 87' lang='lat' dir='ltr'>additur</span> <span class='ocrx_word' id='word_1_117' title='bbox 1199 3111 1305 3185; x_wconf 92' lang='lat' dir='ltr'>ibi</span> <span class='ocrx_word' id='word_1_118' title='bbox 1380 3113 1471 3186; x_wconf 90' lang='lat' dir='ltr'>de</span> <span class='ocrx_word' id='word_1_119' title='bbox 1555 3111 1954 3185; x_wconf 79' lang='lat' dir='ltr'>relatione</span> 
     </span>
     <span class='ocr_line' id='line_1_25' title="bbox 417 3228 1951 3321; baseline 0 -22"><span class='ocrx_word' id='word_1_120' title='bbox 417 3228 1121 3320; x_wconf 88' lang='lat' dir='ltr'>configurationis,</span> <span class='ocrx_word' id='word_1_121' title='bbox 1169 3229 1338 3302; x_wconf 90' lang='lat' dir='ltr'>sive</span> <span class='ocrx_word' id='word_1_122' title='bbox 1400 3228 1951 3321; x_wconf 83' lang='lat' dir='ltr'>obligationis,</span> 
     </span>
     <span class='ocr_line' id='line_1_26' title="bbox 417 3345 1953 3439; baseline 0.002 -24"><span class='ocrx_word' id='word_1_123' title='bbox 417 3364 579 3418; x_wconf 91' lang='lat' dir='ltr'>non</span> <span class='ocrx_word' id='word_1_124' title='bbox 654 3347 896 3439; x_wconf 87' lang='lat' dir='ltr'>cogit.</span> <span class='ocrx_word' id='word_1_125' title='bbox 938 3348 1217 3420; x_wconf 88' lang='lat' dir='ltr'>Potest</span> <span class='ocrx_word' id='word_1_126' title='bbox 1257 3345 1470 3418; x_wconf 90' lang='lat' dir='ltr'>enim</span> <span class='ocrx_word' id='word_1_127' title='bbox 1518 3346 1953 3437; x_wconf 89' lang='lat' dir='ltr'>religiosus</span> 
     </span>
     <span class='ocr_line' id='line_1_27' title="bbox 420 3462 1955 3556; baseline -0.002 -20"><span class='ocrx_word' id='word_1_128' title='bbox 420 3483 566 3556; x_wconf 89' lang='lat' dir='ltr'>per</span> <span class='ocrx_word' id='word_1_129' title='bbox 611 3467 894 3536; x_wconf 83' lang='lat' dir='ltr'>votum</span> <span class='ocrx_word' id='word_1_130' title='bbox 956 3462 1381 3555; x_wconf 89' lang='lat' dir='ltr'>religionis</span> <span class='ocrx_word' id='word_1_131' title='bbox 1435 3463 1784 3554; x_wconf 87' lang='lat' dir='ltr'>obligari</span> <span class='ocrx_word' id='word_1_132' title='bbox 1863 3462 1955 3534; x_wconf 88' lang='lat' dir='ltr'>ad</span> 
     </span>
     <span class='ocr_line' id='line_1_28' title="bbox 416 3578 1956 3671; baseline -0.001 -20"><span class='ocrx_word' id='word_1_133' title='bbox 416 3581 904 3652; x_wconf 87' lang='lat' dir='ltr'>servandum</span> <span class='ocrx_word' id='word_1_134' title='bbox 984 3578 1492 3671; x_wconf 89' lang='lat' dir='ltr'>religionem,</span> <span class='ocrx_word' id='word_1_135' title='bbox 1537 3581 1616 3651; x_wconf 91' lang='lat' dir='ltr'>et</span> <span class='ocrx_word' id='word_1_136' title='bbox 1678 3578 1812 3671; x_wconf 92' lang='lat' dir='ltr'>qui</span> <span class='ocrx_word' id='word_1_137' title='bbox 1846 3578 1956 3651; x_wconf 85' lang='lat' dir='ltr'>fe-</span> 
     </span>
     <span class='ocr_line' id='line_1_29' title="bbox 414 3692 1955 3788; baseline -0.001 -21"><span class='ocrx_word' id='word_1_138' title='bbox 414 3694 526 3768; x_wconf 90' lang='lat' dir='ltr'>cit</span> <span class='ocrx_word' id='word_1_139' title='bbox 558 3695 1060 3787; x_wconf 88' lang='lat' dir='ltr'>homagium,</span> <span class='ocrx_word' id='word_1_140' title='bbox 1114 3715 1257 3788; x_wconf 88' lang='lat' dir='ltr'>per</span> <span class='ocrx_word' id='word_1_141' title='bbox 1290 3697 1563 3768; x_wconf 90' lang='lat' dir='ltr'>actum</span> <span class='ocrx_word' id='word_1_142' title='bbox 1616 3692 1955 3765; x_wconf 83' lang='lat' dir='ltr'>faciendi</span> 
     </span>
     <span class='ocr_line' id='line_1_30' title="bbox 414 3807 1950 3902; baseline -0.001 -21"><span class='ocrx_word' id='word_1_143' title='bbox 414 3808 886 3901; x_wconf 89' lang='lat' dir='ltr'>homagium</span> <span class='ocrx_word' id='word_1_144' title='bbox 959 3809 1308 3902; x_wconf 89' lang='lat' dir='ltr'>obligari</span> <span class='ocrx_word' id='word_1_145' title='bbox 1367 3807 1690 3881; x_wconf 91' lang='lat' dir='ltr'>domino</span> <span class='ocrx_word' id='word_1_146' title='bbox 1779 3830 1950 3890; x_wconf 89' lang='lat' dir='ltr'>suo,</span> 
     </span>
     <span class='ocr_line' id='line_1_31' title="bbox 412 3924 1956 4019; baseline 0 -23"><span class='ocrx_word' id='word_1_147' title='bbox 412 3931 495 4000; x_wconf 89' lang='lat' dir='ltr'>et</span> <span class='ocrx_word' id='word_1_148' title='bbox 571 3925 1154 4001; x_wconf 89' lang='lat' dir='ltr'>universaliter</span> <span class='ocrx_word' id='word_1_149' title='bbox 1233 3926 1314 3998; x_wconf 91' lang='lat' dir='ltr'>in</span> <span class='ocrx_word' id='word_1_150' title='bbox 1395 3924 1720 4007; x_wconf 87' lang='lat' dir='ltr'>talibus,</span> <span class='ocrx_word' id='word_1_151' title='bbox 1813 3946 1956 4019; x_wconf 91' lang='lat' dir='ltr'>per</span> 
     </span>
     <span class='ocr_line' id='line_1_32' title="bbox 419 4043 1957 4136; baseline 0.001 -23"><span class='ocrx_word' id='word_1_152' title='bbox 419 4043 1047 4134; x_wconf 88' lang='lat' dir='ltr'>promissionem</span> <span class='ocrx_word' id='word_1_153' title='bbox 1151 4043 1777 4136; x_wconf 75' lang='lat' dir='ltr'>praecedentem;</span> <span class='ocrx_word' id='word_1_154' title='bbox 1876 4047 1957 4116; x_wconf 91' lang='lat' dir='ltr'>et</span> 
     </span>
     <span class='ocr_line' id='line_1_33' title="bbox 417 4156 1957 4248; baseline -0.002 -18"><span class='ocrx_word' id='word_1_155' title='bbox 417 4160 689 4230; x_wconf 88' lang='lat' dir='ltr'>tamen</span> <span class='ocrx_word' id='word_1_156' title='bbox 765 4177 927 4230; x_wconf 91' lang='lat' dir='ltr'>non</span> <span class='ocrx_word' id='word_1_157' title='bbox 993 4160 1116 4230; x_wconf 89' lang='lat' dir='ltr'>est</span> <span class='ocrx_word' id='word_1_158' title='bbox 1170 4156 1275 4229; x_wconf 92' lang='lat' dir='ltr'>ibi</span> <span class='ocrx_word' id='word_1_159' title='bbox 1345 4157 1617 4248; x_wconf 89' lang='lat' dir='ltr'>aliqua</span> <span class='ocrx_word' id='word_1_160' title='bbox 1686 4156 1957 4228; x_wconf 87' lang='lat' dir='ltr'>forma</span> 
     </span>
     <span class='ocr_line' id='line_1_34' title="bbox 414 4270 1957 4366; baseline -0.003 -22"><span class='ocrx_word' id='word_1_161' title='bbox 414 4272 812 4356; x_wconf 86' lang='lat' dir='ltr'>absoluta,</span> <span class='ocrx_word' id='word_1_162' title='bbox 905 4293 1151 4366; x_wconf 88' lang='lat' dir='ltr'>super</span> <span class='ocrx_word' id='word_1_163' title='bbox 1238 4292 1479 4363; x_wconf 87' lang='lat' dir='ltr'>quam</span> <span class='ocrx_word' id='word_1_164' title='bbox 1575 4270 1957 4345; x_wconf 88' lang='lat' dir='ltr'>fundatur</span> 
     </span>
     <span class='ocr_line' id='line_1_35' title="bbox 416 4388 1956 4482; baseline -0.001 -19"><span class='ocrx_word' id='word_1_165' title='bbox 416 4390 577 4464; x_wconf 84' lang='lat' dir='ltr'>ista</span> <span class='ocrx_word' id='word_1_166' title='bbox 657 4389 1073 4482; x_wconf 90' lang='lat' dir='ltr'>obligatio,</span> <span class='ocrx_word' id='word_1_167' title='bbox 1145 4409 1288 4462; x_wconf 91' lang='lat' dir='ltr'>nec</span> <span class='ocrx_word' id='word_1_168' title='bbox 1375 4388 1587 4461; x_wconf 86' lang='lat' dir='ltr'>forte</span> <span class='ocrx_word' id='word_1_169' title='bbox 1683 4388 1956 4481; x_wconf 87' lang='lat' dir='ltr'>aliqua</span> 
     </span>
     <span class='ocr_line' id='line_1_36' title="bbox 418 4502 1957 4586; baseline -0.002 -9"><span class='ocrx_word' id='word_1_170' title='bbox 418 4504 713 4580; x_wconf 88' lang='lat' dir='ltr'>relatio</span> <span class='ocrx_word' id='word_1_171' title='bbox 770 4502 929 4576; x_wconf 90' lang='lat' dir='ltr'>nisi</span> <span class='ocrx_word' id='word_1_172' title='bbox 1003 4504 1379 4586; x_wconf 85' lang='lat' dir='ltr'>rationis,</span> <span class='ocrx_word' id='word_1_173' title='bbox 1433 4509 1514 4577; x_wconf 91' lang='lat' dir='ltr'>et</span> <span class='ocrx_word' id='word_1_174' title='bbox 1558 4503 1674 4577; x_wconf 89' lang='lat' dir='ltr'>ita</span> <span class='ocrx_word' id='word_1_175' title='bbox 1715 4503 1957 4575; x_wconf 90' lang='lat' dir='ltr'>abun-</span> 
     </span>
     <span class='ocr_line' id='line_1_37' title="bbox 415 4620 1956 4715; baseline -0.001 -21"><span class='ocrx_word' id='word_1_176' title='bbox 415 4622 703 4695; x_wconf 89' lang='lat' dir='ltr'>danter</span> <span class='ocrx_word' id='word_1_177' title='bbox 770 4623 1044 4715; x_wconf 89' lang='lat' dir='ltr'>posset</span> <span class='ocrx_word' id='word_1_178' title='bbox 1116 4620 1423 4694; x_wconf 87' lang='lat' dir='ltr'>salvari</span> <span class='ocrx_word' id='word_1_179' title='bbox 1493 4621 1707 4696; x_wconf 87' lang='lat' dir='ltr'>ratio</span> <span class='ocrx_word' id='word_1_180' title='bbox 1764 4621 1956 4694; x_wconf 91' lang='lat' dir='ltr'>obli-</span> 
     </span>
     <span class='ocr_line' id='line_1_38' title="bbox 413 4739 1956 4833; baseline 0 -21"><span class='ocrx_word' id='word_1_181' title='bbox 413 4739 797 4833; x_wconf 88' lang='lat' dir='ltr'>gationis,</span> <span class='ocrx_word' id='word_1_182' title='bbox 859 4740 927 4811; x_wconf 92' lang='lat' dir='ltr'>si</span> <span class='ocrx_word' id='word_1_183' title='bbox 981 4743 1426 4831; x_wconf 88' lang='lat' dir='ltr'>poneretur</span> <span class='ocrx_word' id='word_1_184' title='bbox 1484 4739 1779 4815; x_wconf 88' lang='lat' dir='ltr'>relatio</span> <span class='ocrx_word' id='word_1_185' title='bbox 1836 4761 1956 4812; x_wconf 87' lang='lat' dir='ltr'>re-</span> 
     </span>
     <span class='ocr_line' id='line_1_39' title="bbox 411 4851 1956 4946; baseline 0.002 -20"><span class='ocrx_word' id='word_1_186' title='bbox 411 4854 599 4936; x_wconf 87' lang='lat' dir='ltr'>alis,</span> <span class='ocrx_word' id='word_1_187' title='bbox 665 4853 876 4927; x_wconf 90' lang='lat' dir='ltr'>sicut</span> <span class='ocrx_word' id='word_1_188' title='bbox 951 4851 1243 4926; x_wconf 88' lang='lat' dir='ltr'>filiatio</span> <span class='ocrx_word' id='word_1_189' title='bbox 1304 4852 1385 4924; x_wconf 92' lang='lat' dir='ltr'>in</span> <span class='ocrx_word' id='word_1_190' title='bbox 1442 4853 1609 4925; x_wconf 88' lang='lat' dir='ltr'>filio</span> <span class='ocrx_word' id='word_1_191' title='bbox 1684 4860 1956 4946; x_wconf 91' lang='lat' dir='ltr'>posset</span> 
     </span>
     <span class='ocr_line' id='line_1_40' title="bbox 413 4966 1956 5063; baseline 0 -19"><span class='ocrx_word' id='word_1_192' title='bbox 413 4992 593 5044; x_wconf 91' lang='lat' dir='ltr'>esse</span> <span class='ocrx_word' id='word_1_193' title='bbox 643 4966 1254 5042; x_wconf 86' lang='lat' dir='ltr'>fundamentum</span> <span class='ocrx_word' id='word_1_194' title='bbox 1331 4968 1678 5063; x_wconf 87' lang='lat' dir='ltr'>alicujus</span> <span class='ocrx_word' id='word_1_195' title='bbox 1741 4970 1956 5044; x_wconf 87' lang='lat' dir='ltr'>habi-</span> 
     </span>
     <span class='ocr_line' id='line_1_41' title="bbox 414 5085 1958 5181; baseline -0.001 -19"><span class='ocrx_word' id='word_1_196' title='bbox 414 5086 715 5162; x_wconf 90' lang='lat' dir='ltr'>tudinis</span> <span class='ocrx_word' id='word_1_197' title='bbox 760 5086 905 5160; x_wconf 81' lang='lat' dir='ltr'>filii</span> <span class='ocrx_word' id='word_1_198' title='bbox 974 5085 1068 5157; x_wconf 90' lang='lat' dir='ltr'>ad</span> <span class='ocrx_word' id='word_1_199' title='bbox 1117 5089 1463 5178; x_wconf 88' lang='lat' dir='ltr'>patrem,</span> <span class='ocrx_word' id='word_1_200' title='bbox 1520 5090 1715 5181; x_wconf 89' lang='lat' dir='ltr'>puta</span> <span class='ocrx_word' id='word_1_201' title='bbox 1767 5088 1958 5162; x_wconf 91' lang='lat' dir='ltr'>obli-</span> 
     </span>
     <span class='ocr_line' id='line_1_42' title="bbox 414 5201 1958 5294; baseline 0.001 -19"><span class='ocrx_word' id='word_1_202' title='bbox 414 5203 770 5294; x_wconf 89' lang='lat' dir='ltr'>gationis</span> <span class='ocrx_word' id='word_1_203' title='bbox 829 5203 922 5275; x_wconf 90' lang='lat' dir='ltr'>ad</span> <span class='ocrx_word' id='word_1_204' title='bbox 1015 5201 1534 5274; x_wconf 90' lang='lat' dir='ltr'>dilectionem</span> <span class='ocrx_word' id='word_1_205' title='bbox 1622 5206 1958 5277; x_wconf 86' lang='lat' dir='ltr'>natura-</span> 
     </span>
     <span class='ocr_line' id='line_1_43' title="bbox 414 5317 1958 5413; baseline 0.003 -24"><span class='ocrx_word' id='word_1_206' title='bbox 414 5318 595 5404; x_wconf 92' lang='lat' dir='ltr'>lem,</span> <span class='ocrx_word' id='word_1_207' title='bbox 649 5320 803 5393; x_wconf 89' lang='lat' dir='ltr'>etsi</span> <span class='ocrx_word' id='word_1_208' title='bbox 878 5317 1264 5413; x_wconf 89' lang='lat' dir='ltr'>possibile</span> <span class='ocrx_word' id='word_1_209' title='bbox 1322 5321 1539 5390; x_wconf 89' lang='lat' dir='ltr'>esset</span> <span class='ocrx_word' id='word_1_210' title='bbox 1626 5320 1958 5394; x_wconf 89' lang='lat' dir='ltr'>filiatio-</span> 
     </span>
     <span class='ocr_line' id='line_1_44' title="bbox 415 5435 1155 5510; baseline -0.003 -3"><span class='ocrx_word' id='word_1_211' title='bbox 415 5457 598 5508; x_wconf 91' lang='lat' dir='ltr'>nem</span> <span class='ocrx_word' id='word_1_212' title='bbox 659 5435 919 5509; x_wconf 87' lang='lat' dir='ltr'>solam</span> <span class='ocrx_word' id='word_1_213' title='bbox 952 5457 1155 5510; x_wconf 84' lang='lat' dir='ltr'>esse.</span> 
     </span>
    </p>

    <p class='ocr_par' dir='ltr' id='par_1_4' title="bbox 510 5552 1962 5648">
     <span class='ocr_line' id='line_1_45' title="bbox 510 5552 1962 5648; baseline 0.001 -22"><span class='ocrx_word' id='word_1_214' title='bbox 510 5556 609 5626; x_wconf 86' lang='lat' dir='ltr'>Et</span> <span class='ocrx_word' id='word_1_215' title='bbox 641 5552 737 5625; x_wconf 89' lang='lat' dir='ltr'>ad</span> <span class='ocrx_word' id='word_1_216' title='bbox 807 5552 1034 5626; x_wconf 89' lang='lat' dir='ltr'>illam</span> <span class='ocrx_word' id='word_1_217' title='bbox 1086 5552 1691 5645; x_wconf 90' lang='lat' dir='ltr'>probationem,</span> <span class='ocrx_word' id='word_1_218' title='bbox 1759 5554 1962 5648; x_wconf 91' lang='lat' dir='ltr'>quod</span> 
     </span>
    </p>
   </div>
   <div class='ocr_carea' id='block_1_3' title="bbox 3518 394 3630 456">
    <p class='ocr_par' dir='ltr' id='par_1_5' title="bbox 3518 394 3630 456">
     <span class='ocr_line' id='line_1_46' title="bbox 3518 394 3630 456; baseline 0 0"><span class='ocrx_word' id='word_1_219' title='bbox 3518 394 3630 456; x_wconf 80' lang='lat'>621</span> 
     </span>
    </p>
   </div>
   <div class='ocr_carea' id='block_1_4' title="bbox 2062 556 3898 650">
    <p class='ocr_par' dir='ltr' id='par_1_6' title="bbox 2062 556 3898 650">
     <span class='ocr_line' id='line_1_47' title="bbox 2062 556 3898 650; baseline -0.001 -21"><span class='ocrx_word' id='word_1_220' title='bbox 2062 561 2254 632; x_wconf 91' lang='lat' dir='ltr'>tunc</span> <span class='ocrx_word' id='word_1_221' title='bbox 2296 560 2511 631; x_wconf 91' lang='lat' dir='ltr'>esset</span> <span class='ocrx_word' id='word_1_222' title='bbox 2555 578 2996 650; x_wconf 60' lang='lat' dir='ltr'>‘processus</span> <span class='ocrx_word' id='word_1_223' title='bbox 3070 558 3148 630; x_wconf 89' lang='lat' dir='ltr'>in</span> <span class='ocrx_word' id='word_1_224' title='bbox 3191 556 3592 630; x_wconf 87' lang='lat' dir='ltr'>infinitum</span> <span class='ocrx_word' id='word_1_225' title='bbox 3690 580 3767 630; x_wconf 71' lang='lat' dir='ltr'>ne</span> <span class='ocrx_word' id='word_1_226' title='bbox 3795 581 3898 629; x_wconf 85' lang='lat' dir='ltr'>hoc</span> 
     </span>
    </p>
   </div>
   <div class='ocr_carea' id='block_1_5' title="bbox 2060 642 3953 766">
    <p class='ocr_par' dir='ltr' id='par_1_7' title="bbox 2060 642 3953 766">
     <span class='ocr_line' id='line_1_48' title="bbox 2060 642 3953 766; baseline 0.004 -22"><span class='ocrx_word' id='word_1_227' title='bbox 2060 673 2141 744; x_wconf 92' lang='lat' dir='ltr'>in</span> <span class='ocrx_word' id='word_1_228' title='bbox 2205 673 2768 757; x_wconf 88' lang='lat' dir='ltr'>relationibus,</span> <span class='ocrx_word' id='word_1_229' title='bbox 2798 674 2974 747; x_wconf 89' lang='lat' dir='ltr'>dico</span> <span class='ocrx_word' id='word_1_230' title='bbox 3037 674 3242 766; x_wconf 89' lang='lat' dir='ltr'>quod</span> <span class='ocrx_word' id='word_1_231' title='bbox 3273 669 3436 745; x_wconf 88' lang='lat' dir='ltr'>non</span> <span class='ocrx_word' id='word_1_232' title='bbox 3466 691 3599 743; x_wconf 84' lang='lat' dir='ltr'>va·</span> <span class='ocrx_word' id='word_1_233' title='bbox 3631 642 3953 755; x_wconf 48' lang='lat' dir='ltr'>dssfudffism</span> 
     </span>
    </p>
   </div>
   <div class='ocr_carea' id='block_1_6' title="bbox 2058 767 3966 1005">
    <p class='ocr_par' dir='ltr' id='par_1_8' title="bbox 2058 767 3966 1005">
     <span class='ocr_line' id='line_1_49' title="bbox 2060 767 3925 881; baseline 0 -21"><span class='ocrx_word' id='word_1_234' title='bbox 2060 789 2170 861; x_wconf 91' lang='lat' dir='ltr'>let</span> <span class='ocrx_word' id='word_1_235' title='bbox 2210 789 2302 862; x_wconf 93' lang='lat' dir='ltr'>de</span> <span class='ocrx_word' id='word_1_236' title='bbox 2345 789 2701 862; x_wconf 88' lang='lat' dir='ltr'>realibus</span> <span class='ocrx_word' id='word_1_237' title='bbox 2791 790 3349 869; x_wconf 87' lang='lat' dir='ltr'>relationibus,</span> <span class='ocrx_word' id='word_1_238' title='bbox 3411 786 3598 879; x_wconf 83' lang='lat' dir='ltr'>quia.</span> <span class='ocrx_word' id='word_1_239' title='bbox 3661 767 3925 881; x_wconf 47' lang='lat' dir='ltr'>‘¹⁰3⁵‘5f&#39;</span> 
     </span>
     <span class='ocr_line' id='line_1_50' title="bbox 2058 893 3966 1005; baseline 0 -31"><span class='ocrx_word' id='word_1_240' title='bbox 2058 902 2334 996; x_wconf 87' lang='lat' dir='ltr'>aliqua</span> <span class='ocrx_word' id='word_1_241' title='bbox 2406 909 2531 977; x_wconf 88' lang='lat' dir='ltr'>est</span> <span class='ocrx_word' id='word_1_242' title='bbox 2584 904 2877 977; x_wconf 88' lang='lat' dir='ltr'>relatio</span> <span class='ocrx_word' id='word_1_243' title='bbox 2933 902 3245 982; x_wconf 90' lang='lat' dir='ltr'>ultima,</span> <span class='ocrx_word' id='word_1_244' title='bbox 3314 900 3395 972; x_wconf 92' lang='lat' dir='ltr'>in</span> <span class='ocrx_word' id='word_1_245' title='bbox 3451 920 3606 993; x_wconf 89' lang='lat' dir='ltr'>qua</span> <span class='ocrx_word' id='word_1_246' title='bbox 3635 893 3966 1005; x_wconf 52' lang='lat' dir='ltr'>relatiffiibus</span> 
     </span>
    </p>
   </div>
   <div class='ocr_carea' id='block_1_7' title="bbox 2060 1017 3959 5192">
    <p class='ocr_par' dir='ltr' id='par_1_9' title="bbox 2060 1017 3954 1576">
     <span class='ocr_line' id='line_1_51' title="bbox 2061 1017 3903 1131; baseline -0.001 -41"><span class='ocrx_word' id='word_1_247' title='bbox 2061 1040 2222 1091; x_wconf 90' lang='lat' dir='ltr'>non</span> <span class='ocrx_word' id='word_1_248' title='bbox 2308 1025 2577 1113; x_wconf 91' lang='lat' dir='ltr'>potest</span> <span class='ocrx_word' id='word_1_249' title='bbox 2667 1019 2987 1094; x_wconf 83' lang='lat' dir='ltr'>fundari</span> <span class='ocrx_word' id='word_1_250' title='bbox 3095 1020 3258 1092; x_wconf 89' lang='lat' dir='ltr'>alia</span> <span class='ocrx_word' id='word_1_251' title='bbox 3328 1018 3602 1098; x_wconf 84' lang='lat' dir='ltr'>realis,</span> <span class='ocrx_word' id='word_1_252' title='bbox 3688 1017 3903 1131; x_wconf 46' lang='lat' dir='ltr'>”3222ss</span> 
     </span>
     <span class='ocr_line' id='line_1_52' title="bbox 2060 1135 3954 1229; baseline 0.001 -22"><span class='ocrx_word' id='word_1_253' title='bbox 2060 1137 2269 1209; x_wconf 89' lang='lat' dir='ltr'>sicut</span> <span class='ocrx_word' id='word_1_254' title='bbox 2312 1136 2637 1229; x_wconf 87' lang='lat' dir='ltr'>aliquod</span> <span class='ocrx_word' id='word_1_255' title='bbox 2676 1143 2802 1211; x_wconf 89' lang='lat' dir='ltr'>est</span> <span class='ocrx_word' id='word_1_256' title='bbox 2837 1138 3205 1211; x_wconf 85' lang='lat' dir='ltr'>accidens</span> <span class='ocrx_word' id='word_1_257' title='bbox 3249 1137 3364 1212; x_wconf 86' lang='lat' dir='ltr'>ita</span> <span class='ocrx_word' id='word_1_258' title='bbox 3406 1135 3599 1209; x_wconf 91' lang='lat' dir='ltr'>ulti·</span> <span class='ocrx_word' id='word_1_259' title='bbox 3639 1156 3954 1208; x_wconf 68' lang='lat' dir='ltr'>processum·</span> 
     </span>
     <span class='ocr_line' id='line_1_53' title="bbox 2067 1252 3608 1346; baseline 0.003 -24"><span class='ocrx_word' id='word_1_260' title='bbox 2067 1271 2286 1323; x_wconf 92' lang='lat' dir='ltr'>mum</span> <span class='ocrx_word' id='word_1_261' title='bbox 2329 1252 2409 1323; x_wconf 91' lang='lat' dir='ltr'>in</span> <span class='ocrx_word' id='word_1_262' title='bbox 2460 1252 2805 1331; x_wconf 89' lang='lat' dir='ltr'>entibus,</span> <span class='ocrx_word' id='word_1_263' title='bbox 2870 1255 3076 1346; x_wconf 89' lang='lat' dir='ltr'>quod</span> <span class='ocrx_word' id='word_1_264' title='bbox 3125 1274 3288 1326; x_wconf 92' lang='lat' dir='ltr'>non</span> <span class='ocrx_word' id='word_1_265' title='bbox 3339 1258 3608 1346; x_wconf 88' lang='lat' dir='ltr'>potest</span> 
     </span>
     <span class='ocr_line' id='line_1_54' title="bbox 2065 1366 3609 1461; baseline 0 -21"><span class='ocrx_word' id='word_1_266' title='bbox 2065 1366 2414 1440; x_wconf 88' lang='lat' dir='ltr'>ulterius</span> <span class='ocrx_word' id='word_1_267' title='bbox 2474 1389 2652 1440; x_wconf 90' lang='lat' dir='ltr'>esse</span> <span class='ocrx_word' id='word_1_268' title='bbox 2733 1368 3183 1459; x_wconf 88' lang='lat' dir='ltr'>subjectum</span> <span class='ocrx_word' id='word_1_269' title='bbox 3260 1368 3609 1461; x_wconf 86' lang='lat' dir='ltr'>alicujus</span> 
     </span>
     <span class='ocr_line' id='line_1_55' title="bbox 2063 1482 3607 1576; baseline 0.001 -22"><span class='ocrx_word' id='word_1_270' title='bbox 2063 1482 2525 1565; x_wconf 90' lang='lat' dir='ltr'>accidentis,</span> <span class='ocrx_word' id='word_1_271' title='bbox 2596 1488 2677 1557; x_wconf 90' lang='lat' dir='ltr'>et</span> <span class='ocrx_word' id='word_1_272' title='bbox 2747 1484 2920 1558; x_wconf 89' lang='lat' dir='ltr'>ideo</span> <span class='ocrx_word' id='word_1_273' title='bbox 2989 1506 3150 1557; x_wconf 91' lang='lat' dir='ltr'>non</span> <span class='ocrx_word' id='word_1_274' title='bbox 3212 1485 3607 1576; x_wconf 85' lang='lat' dir='ltr'>sequitur,</span> 
     </span>
    </p>

    <p class='ocr_par' dir='ltr' id='par_1_10' title="bbox 2065 1599 3622 2025">
     <span class='ocr_line' id='line_1_56' title="bbox 2069 1599 3617 1694; baseline 0.001 -22"><span class='ocrx_word' id='word_1_275' title='bbox 2069 1599 2138 1672; x_wconf 91' lang='lat' dir='ltr'>si</span> <span class='ocrx_word' id='word_1_276' title='bbox 2210 1600 2584 1674; x_wconf 90' lang='lat' dir='ltr'>accidens</span> <span class='ocrx_word' id='word_1_277' title='bbox 2675 1606 2948 1694; x_wconf 89' lang='lat' dir='ltr'>potest</span> <span class='ocrx_word' id='word_1_278' title='bbox 3012 1623 3190 1676; x_wconf 89' lang='lat' dir='ltr'>esse</span> <span class='ocrx_word' id='word_1_279' title='bbox 3270 1602 3347 1674; x_wconf 92' lang='lat' dir='ltr'>in</span> <span class='ocrx_word' id='word_1_280' title='bbox 3416 1600 3617 1675; x_wconf 90' lang='lat' dir='ltr'>acci-</span> 
     </span>
     <span class='ocr_line' id='line_1_57' title="bbox 2065 1715 3621 1810; baseline 0.003 -23"><span class='ocrx_word' id='word_1_281' title='bbox 2065 1715 2324 1800; x_wconf 89' lang='lat' dir='ltr'>dente,</span> <span class='ocrx_word' id='word_1_282' title='bbox 2389 1718 2597 1810; x_wconf 89' lang='lat' dir='ltr'>quod</span> <span class='ocrx_word' id='word_1_283' title='bbox 2677 1718 2755 1789; x_wconf 92' lang='lat' dir='ltr'>in</span> <span class='ocrx_word' id='word_1_284' title='bbox 2850 1718 3400 1792; x_wconf 87' lang='lat' dir='ltr'>accidentibus</span> <span class='ocrx_word' id='word_1_285' title='bbox 3494 1722 3621 1791; x_wconf 90' lang='lat' dir='ltr'>est</span> 
     </span>
     <span class='ocr_line' id='line_1_58' title="bbox 2072 1832 3622 1924; baseline 0.003 -21"><span class='ocrx_word' id='word_1_286' title='bbox 2072 1852 2507 1924; x_wconf 78' lang='lat' dir='ltr'>processus</span> <span class='ocrx_word' id='word_1_287' title='bbox 2576 1833 2657 1906; x_wconf 92' lang='lat' dir='ltr'>in</span> <span class='ocrx_word' id='word_1_288' title='bbox 2731 1832 3157 1909; x_wconf 83' lang='lat' dir='ltr'>infinitum.</span> <span class='ocrx_word' id='word_1_289' title='bbox 3222 1836 3335 1908; x_wconf 91' lang='lat' dir='ltr'>De</span> <span class='ocrx_word' id='word_1_290' title='bbox 3416 1834 3622 1907; x_wconf 86' lang='lat' dir='ltr'>rela-</span> 
     </span>
     <span class='ocr_line' id='line_1_59' title="bbox 2065 1948 3614 2025; baseline 0.001 -3"><span class='ocrx_word' id='word_1_291' title='bbox 2065 1948 2423 2022; x_wconf 89' lang='lat' dir='ltr'>tionibus</span> <span class='ocrx_word' id='word_1_292' title='bbox 2482 1954 2757 2022; x_wconf 90' lang='lat' dir='ltr'>tamen</span> <span class='ocrx_word' id='word_1_293' title='bbox 2809 1950 3159 2025; x_wconf 86' lang='lat' dir='ltr'>rationis</span> <span class='ocrx_word' id='word_1_294' title='bbox 3200 1951 3395 2024; x_wconf 92' lang='lat' dir='ltr'>bene</span> <span class='ocrx_word' id='word_1_295' title='bbox 3428 1973 3614 2024; x_wconf 93' lang='lat' dir='ltr'>con-</span> 
     </span>
    </p>

    <p class='ocr_par' dir='ltr' id='par_1_11' title="bbox 2066 2066 3702 2160">
     <span class='ocr_line' id='line_1_60' title="bbox 2066 2066 3702 2160; baseline 0.001 -23"><span class='ocrx_word' id='word_1_296' title='bbox 2066 2066 2255 2137; x_wconf 91' lang='lat' dir='ltr'>cedo</span> <span class='ocrx_word' id='word_1_297' title='bbox 2332 2067 2537 2157; x_wconf 86' lang='lat' dir='ltr'>quod</span> <span class='ocrx_word' id='word_1_298' title='bbox 2590 2067 2697 2139; x_wconf 93' lang='lat' dir='ltr'>ibi</span> <span class='ocrx_word' id='word_1_299' title='bbox 2745 2071 3012 2160; x_wconf 88' lang='lat' dir='ltr'>potest</span> <span class='ocrx_word' id='word_1_300' title='bbox 3062 2088 3241 2140; x_wconf 88' lang='lat' dir='ltr'>esse</span> <span class='ocrx_word' id='word_1_301' title='bbox 3294 2087 3619 2160; x_wconf 88' lang='lat' dir='ltr'>proces·</span> <span class='ocrx_word' id='word_1_302' title='bbox 3690 2077 3702 2090; x_wconf 85' lang='lat'>&#39;</span> 
     </span>
    </p>

    <p class='ocr_par' dir='ltr' id='par_1_12' title="bbox 2070 2183 3614 2600">
     <span class='ocr_line' id='line_1_61' title="bbox 2070 2183 3609 2277; baseline 0.001 -23"><span class='ocrx_word' id='word_1_303' title='bbox 2070 2203 2208 2254; x_wconf 92' lang='lat' dir='ltr'>sus</span> <span class='ocrx_word' id='word_1_304' title='bbox 2285 2184 2364 2255; x_wconf 92' lang='lat' dir='ltr'>in</span> <span class='ocrx_word' id='word_1_305' title='bbox 2444 2183 2877 2264; x_wconf 87' lang='lat' dir='ltr'>infinitum,</span> <span class='ocrx_word' id='word_1_306' title='bbox 2961 2185 3149 2277; x_wconf 90' lang='lat' dir='ltr'>quia</span> <span class='ocrx_word' id='word_1_307' title='bbox 3238 2184 3609 2277; x_wconf 79' lang='lat' dir='ltr'>quaelibet</span> 
     </span>
     <span class='ocr_line' id='line_1_62' title="bbox 2072 2298 3604 2382; baseline 0 -12"><span class='ocrx_word' id='word_1_308' title='bbox 2072 2299 2365 2374; x_wconf 88' lang='lat' dir='ltr'>relatio</span> <span class='ocrx_word' id='word_1_309' title='bbox 2437 2300 2605 2372; x_wconf 88' lang='lat' dir='ltr'>sive</span> <span class='ocrx_word' id='word_1_310' title='bbox 2669 2298 2942 2382; x_wconf 80' lang='lat' dir='ltr'>realiS,</span> <span class='ocrx_word' id='word_1_311' title='bbox 3009 2300 3178 2372; x_wconf 87' lang='lat' dir='ltr'>sive</span> <span class='ocrx_word' id='word_1_312' title='bbox 3232 2299 3604 2381; x_wconf 84' lang='lat' dir='ltr'>rationis,</span> 
     </span>
     <span class='ocr_line' id='line_1_63' title="bbox 2073 2410 3614 2504; baseline 0.001 -19"><span class='ocrx_word' id='word_1_313' title='bbox 2073 2418 2343 2504; x_wconf 89' lang='lat' dir='ltr'>potest</span> <span class='ocrx_word' id='word_1_314' title='bbox 2405 2414 2751 2488; x_wconf 90' lang='lat' dir='ltr'>ulterius</span> <span class='ocrx_word' id='word_1_315' title='bbox 2803 2410 3140 2487; x_wconf 86' lang='lat' dir='ltr'>fundare</span> <span class='ocrx_word' id='word_1_316' title='bbox 3201 2413 3446 2487; x_wconf 90' lang='lat' dir='ltr'>aliam</span> <span class='ocrx_word' id='word_1_317' title='bbox 3502 2434 3614 2487; x_wconf 86' lang='lat' dir='ltr'>re·</span> 
     </span>
     <span class='ocr_line' id='line_1_64' title="bbox 2071 2525 2900 2600; baseline -0.001 -3"><span class='ocrx_word' id='word_1_318' title='bbox 2071 2525 2461 2600; x_wconf 90' lang='lat' dir='ltr'>lationem</span> <span class='ocrx_word' id='word_1_319' title='bbox 2524 2526 2900 2600; x_wconf 70' lang='lat' dir='ltr'>rationis</span> 
     </span>
    </p>

    <p class='ocr_par' dir='ltr' id='par_1_13' title="bbox 2069 2642 3833 4718">
     <span class='ocr_line' id='line_1_65' title="bbox 2161 2642 3833 2735; baseline 0.001 -21"><span class='ocrx_word' id='word_1_320' title='bbox 2161 2643 2437 2717; x_wconf 76' lang='lat' dir='ltr'>Tertia·</span> <span class='ocrx_word' id='word_1_321' title='bbox 2475 2642 2725 2717; x_wconf 87' lang='lat' dir='ltr'>etiam</span> <span class='ocrx_word' id='word_1_322' title='bbox 2768 2643 2867 2735; x_wconf 90' lang='lat' dir='ltr'>(b)</span> <span class='ocrx_word' id='word_1_323' title='bbox 2899 2643 3114 2717; x_wconf 88' lang='lat' dir='ltr'>ratio</span> <span class='ocrx_word' id='word_1_324' title='bbox 3170 2663 3333 2716; x_wconf 91' lang='lat' dir='ltr'>non</span> <span class='ocrx_word' id='word_1_325' title='bbox 3366 2643 3609 2727; x_wconf 89' lang='lat' dir='ltr'>valet,</span> <span class='ocrx_word' id='word_1_326' title='bbox 3784 2644 3833 2696; x_wconf 78' lang='lat'>⁷·</span> 
     </span>
     <span class='ocr_line' id='line_1_66' title="bbox 2074 2758 3606 2853; baseline 0.001 -23"><span class='ocrx_word' id='word_1_327' title='bbox 2074 2759 2263 2849; x_wconf 89' lang='lat' dir='ltr'>quia</span> <span class='ocrx_word' id='word_1_328' title='bbox 2319 2759 2445 2831; x_wconf 84' lang='lat' dir='ltr'>vel</span> <span class='ocrx_word' id='word_1_329' title='bbox 2497 2758 2952 2851; x_wconf 76' lang='lat' dir='ltr'>aequivocat</span> <span class='ocrx_word' id='word_1_330' title='bbox 3007 2760 3098 2831; x_wconf 91' lang='lat' dir='ltr'>de</span> <span class='ocrx_word' id='word_1_331' title='bbox 3176 2761 3606 2853; x_wconf 84' lang='lat' dir='ltr'>potestate,</span> 
     </span>
     <span class='ocr_line' id='line_1_67' title="bbox 2069 2873 3606 2969; baseline 0.003 -25"><span class='ocrx_word' id='word_1_332' title='bbox 2069 2873 2196 2946; x_wconf 86' lang='lat' dir='ltr'>vel</span> <span class='ocrx_word' id='word_1_333' title='bbox 2301 2873 2539 2949; x_wconf 89' lang='lat' dir='ltr'>habet</span> <span class='ocrx_word' id='word_1_334' title='bbox 2616 2893 2859 2946; x_wconf 90' lang='lat' dir='ltr'>unam</span> <span class='ocrx_word' id='word_1_335' title='bbox 2956 2874 3606 2969; x_wconf 88' lang='lat' dir='ltr'>propositionem</span> 
     </span>
     <span class='ocr_line' id='line_1_68' title="bbox 2071 2988 3612 3084; baseline 0.001 -22"><span class='ocrx_word' id='word_1_336' title='bbox 2071 2988 2388 3064; x_wconf 87' lang='lat' dir='ltr'>falsam.</span> <span class='ocrx_word' id='word_1_337' title='bbox 2430 2989 2513 3064; x_wconf 86' lang='lat' dir='ltr'>Si</span> <span class='ocrx_word' id='word_1_338' title='bbox 2568 2991 2784 3064; x_wconf 92' lang='lat' dir='ltr'>enim</span> <span class='ocrx_word' id='word_1_339' title='bbox 2852 2990 3309 3083; x_wconf 87' lang='lat' dir='ltr'>accipiatur</span> <span class='ocrx_word' id='word_1_340' title='bbox 3351 2995 3612 3084; x_wconf 91' lang='lat' dir='ltr'>potes-</span> 
     </span>
     <span class='ocr_line' id='line_1_69' title="bbox 2072 3107 3613 3202; baseline 0.002 -21"><span class='ocrx_word' id='word_1_341' title='bbox 2072 3112 2202 3181; x_wconf 86' lang='lat' dir='ltr'>tas</span> <span class='ocrx_word' id='word_1_342' title='bbox 2282 3107 2771 3201; x_wconf 86' lang='lat' dir='ltr'>simpliciter</span> <span class='ocrx_word' id='word_1_343' title='bbox 2855 3109 2950 3184; x_wconf 87' lang='lat' dir='ltr'>ad</span> <span class='ocrx_word' id='word_1_344' title='bbox 3048 3108 3402 3202; x_wconf 85' lang='lat' dir='ltr'>aliquem</span> <span class='ocrx_word' id='word_1_345' title='bbox 3489 3130 3613 3184; x_wconf 89' lang='lat' dir='ltr'>ac-</span> 
     </span>
     <span class='ocr_line' id='line_1_70' title="bbox 2073 3222 3616 3317; baseline -0.001 -19"><span class='ocrx_word' id='word_1_346' title='bbox 2073 3229 2268 3307; x_wconf 90' lang='lat' dir='ltr'>tum,</span> <span class='ocrx_word' id='word_1_347' title='bbox 2317 3223 2453 3317; x_wconf 91' lang='lat' dir='ltr'>qui</span> <span class='ocrx_word' id='word_1_348' title='bbox 2522 3222 2693 3297; x_wconf 90' lang='lat' dir='ltr'>sine</span> <span class='ocrx_word' id='word_1_349' title='bbox 2748 3222 2889 3295; x_wconf 90' lang='lat' dir='ltr'>illa</span> <span class='ocrx_word' id='word_1_350' title='bbox 2961 3228 3363 3316; x_wconf 83' lang='lat' dir='ltr'>potestate</span> <span class='ocrx_word' id='word_1_351' title='bbox 3425 3224 3616 3297; x_wconf 91' lang='lat' dir='ltr'>sim-</span> 
     </span>
     <span class='ocr_line' id='line_1_71' title="bbox 2075 3340 3610 3434; baseline 0.001 -22"><span class='ocrx_word' id='word_1_352' title='bbox 2075 3340 2400 3434; x_wconf 85' lang='lat' dir='ltr'>pliciter</span> <span class='ocrx_word' id='word_1_353' title='bbox 2501 3359 2662 3411; x_wconf 89' lang='lat' dir='ltr'>non</span> <span class='ocrx_word' id='word_1_354' title='bbox 2732 3344 3004 3433; x_wconf 86' lang='lat' dir='ltr'>posset</span> <span class='ocrx_word' id='word_1_355' title='bbox 3094 3341 3401 3425; x_wconf 83' lang='lat' dir='ltr'>haberi,</span> <span class='ocrx_word' id='word_1_356' title='bbox 3496 3342 3610 3415; x_wconf 91' lang='lat' dir='ltr'>sic</span> 
     </span>
     <span class='ocr_line' id='line_1_72' title="bbox 2071 3458 3620 3560; baseline 0.001 -30"><span class='ocrx_word' id='word_1_357' title='bbox 2071 3477 2278 3549; x_wconf 90' lang='lat' dir='ltr'>nego</span> <span class='ocrx_word' id='word_1_358' title='bbox 2375 3458 2944 3531; x_wconf 88' lang='lat' dir='ltr'>characterem</span> <span class='ocrx_word' id='word_1_359' title='bbox 2994 3479 3212 3560; x_wconf 31' lang='lat' dir='ltr'>‘esse</span> <span class='ocrx_word' id='word_1_360' title='bbox 3276 3462 3620 3551; x_wconf 87' lang='lat' dir='ltr'>potesta·</span> 
     </span>
     <span class='ocr_line' id='line_1_73' title="bbox 2074 3574 3618 3668; baseline 0 -20"><span class='ocrx_word' id='word_1_361' title='bbox 2074 3579 2263 3648; x_wconf 91' lang='lat' dir='ltr'>tem.</span> <span class='ocrx_word' id='word_1_362' title='bbox 2331 3576 2539 3646; x_wconf 88' lang='lat' dir='ltr'>Nam</span> <span class='ocrx_word' id='word_1_363' title='bbox 2599 3574 3064 3668; x_wconf 85' lang='lat' dir='ltr'>baptizatus</span> <span class='ocrx_word' id='word_1_364' title='bbox 3143 3576 3224 3648; x_wconf 93' lang='lat' dir='ltr'>in</span> <span class='ocrx_word' id='word_1_365' title='bbox 3308 3576 3618 3648; x_wconf 91' lang='lat' dir='ltr'>nullum</span> 
     </span>
     <span class='ocr_line' id='line_1_74' title="bbox 2072 3693 3620 3787; baseline 0.002 -23"><span class='ocrx_word' id='word_1_366' title='bbox 2072 3696 2345 3766; x_wconf 87' lang='lat' dir='ltr'>actum</span> <span class='ocrx_word' id='word_1_367' title='bbox 2391 3693 2883 3786; x_wconf 87' lang='lat' dir='ltr'>simpliciter</span> <span class='ocrx_word' id='word_1_368' title='bbox 2916 3697 3208 3787; x_wconf 90' lang='lat' dir='ltr'>potest,</span> <span class='ocrx_word' id='word_1_369' title='bbox 3254 3693 3336 3766; x_wconf 92' lang='lat' dir='ltr'>in</span> <span class='ocrx_word' id='word_1_370' title='bbox 3389 3714 3620 3785; x_wconf 90' lang='lat' dir='ltr'>quem</span> 
     </span>
     <span class='ocr_line' id='line_1_75' title="bbox 2070 3809 3618 3903; baseline 0.001 -24"><span class='ocrx_word' id='word_1_371' title='bbox 2070 3829 2232 3880; x_wconf 90' lang='lat' dir='ltr'>non</span> <span class='ocrx_word' id='word_1_372' title='bbox 2283 3814 2561 3902; x_wconf 85' lang='lat' dir='ltr'>posset</span> <span class='ocrx_word' id='word_1_373' title='bbox 2615 3829 2774 3882; x_wconf 91' lang='lat' dir='ltr'>non</span> <span class='ocrx_word' id='word_1_374' title='bbox 2814 3809 3295 3903; x_wconf 81' lang='lat' dir='ltr'>baptizatuS,</span> <span class='ocrx_word' id='word_1_375' title='bbox 3346 3813 3427 3885; x_wconf 87' lang='lat' dir='ltr'>et</span> <span class='ocrx_word' id='word_1_376' title='bbox 3467 3809 3618 3882; x_wconf 90' lang='lat' dir='ltr'>hoc</span> 
     </span>
     <span class='ocr_line' id='line_1_76' title="bbox 2073 3925 3620 4019; baseline 0.001 -22"><span class='ocrx_word' id='word_1_377' title='bbox 2073 3925 2244 3998; x_wconf 89' lang='lat' dir='ltr'>sive</span> <span class='ocrx_word' id='word_1_378' title='bbox 2329 3925 2724 4017; x_wconf 89' lang='lat' dir='ltr'>loquendo</span> <span class='ocrx_word' id='word_1_379' title='bbox 2805 3927 2898 3999; x_wconf 91' lang='lat' dir='ltr'>de</span> <span class='ocrx_word' id='word_1_380' title='bbox 2975 3930 3159 4000; x_wconf 91' lang='lat' dir='ltr'>actu</span> <span class='ocrx_word' id='word_1_381' title='bbox 3233 3928 3314 3999; x_wconf 85' lang='lat' dir='ltr'>in</span> <span class='ocrx_word' id='word_1_382' title='bbox 3385 3947 3620 4019; x_wconf 82' lang='lat' dir='ltr'>quem</span> 
     </span>
     <span class='ocr_line' id='line_1_77' title="bbox 2075 4044 3621 4137; baseline 0.003 -24"><span class='ocrx_word' id='word_1_383' title='bbox 2075 4048 2352 4135; x_wconf 91' lang='lat' dir='ltr'>potest</span> <span class='ocrx_word' id='word_1_384' title='bbox 2403 4044 2695 4127; x_wconf 86' lang='lat' dir='ltr'>active,</span> <span class='ocrx_word' id='word_1_385' title='bbox 2756 4044 2925 4116; x_wconf 87' lang='lat' dir='ltr'>sive</span> <span class='ocrx_word' id='word_1_386' title='bbox 2976 4046 3069 4118; x_wconf 86' lang='lat' dir='ltr'>de</span> <span class='ocrx_word' id='word_1_387' title='bbox 3117 4050 3331 4127; x_wconf 90' lang='lat' dir='ltr'>actu,</span> <span class='ocrx_word' id='word_1_388' title='bbox 3387 4063 3621 4137; x_wconf 87' lang='lat' dir='ltr'>quem</span> 
     </span>
     <span class='ocr_line' id='line_1_78' title="bbox 2073 4160 3624 4254; baseline 0.003 -23"><span class='ocrx_word' id='word_1_389' title='bbox 2073 4160 2655 4251; x_wconf 89' lang='lat' dir='ltr'>quodammodo</span> <span class='ocrx_word' id='word_1_390' title='bbox 2721 4165 2989 4254; x_wconf 90' lang='lat' dir='ltr'>potest</span> <span class='ocrx_word' id='word_1_391' title='bbox 3037 4161 3135 4233; x_wconf 84' lang='lat' dir='ltr'>ab</span> <span class='ocrx_word' id='word_1_392' title='bbox 3194 4161 3356 4234; x_wconf 88' lang='lat' dir='ltr'>alio</span> <span class='ocrx_word' id='word_1_393' title='bbox 3428 4162 3624 4236; x_wconf 91' lang='lat' dir='ltr'>reci-</span> 
     </span>
     <span class='ocr_line' id='line_1_79' title="bbox 2074 4275 3620 4371; baseline 0.003 -24"><span class='ocrx_word' id='word_1_394' title='bbox 2074 4296 2315 4368; x_wconf 88' lang='lat' dir='ltr'>pere;</span> <span class='ocrx_word' id='word_1_395' title='bbox 2360 4275 2475 4349; x_wconf 91' lang='lat' dir='ltr'>ita</span> <span class='ocrx_word' id='word_1_396' title='bbox 2534 4276 2749 4349; x_wconf 90' lang='lat' dir='ltr'>enim</span> <span class='ocrx_word' id='word_1_397' title='bbox 2822 4283 3098 4369; x_wconf 88' lang='lat' dir='ltr'>posset</span> <span class='ocrx_word' id='word_1_398' title='bbox 3137 4298 3297 4350; x_wconf 91' lang='lat' dir='ltr'>non</span> <span class='ocrx_word' id='word_1_399' title='bbox 3366 4278 3620 4371; x_wconf 90' lang='lat' dir='ltr'>bapti-</span> 
     </span>
     <span class='ocr_line' id='line_1_80' title="bbox 2083 4393 3620 4484; baseline 0.003 -22"><span class='ocrx_word' id='word_1_400' title='bbox 2083 4398 2314 4466; x_wconf 84' lang='lat' dir='ltr'>zatus</span> <span class='ocrx_word' id='word_1_401' title='bbox 2357 4393 2637 4484; x_wconf 91' lang='lat' dir='ltr'>inungi</span> <span class='ocrx_word' id='word_1_402' title='bbox 2689 4394 3160 4477; x_wconf 88' lang='lat' dir='ltr'>chrismate,</span> <span class='ocrx_word' id='word_1_403' title='bbox 3213 4396 3425 4469; x_wconf 90' lang='lat' dir='ltr'>sicut</span> <span class='ocrx_word' id='word_1_404' title='bbox 3489 4395 3620 4467; x_wconf 90' lang='lat' dir='ltr'>ba—</span> 
     </span>
     <span class='ocr_line' id='line_1_81' title="bbox 2075 4508 3616 4603; baseline 0.002 -21"><span class='ocrx_word' id='word_1_405' title='bbox 2075 4508 2453 4600; x_wconf 82' lang='lat' dir='ltr'>ptizatuS,</span> <span class='ocrx_word' id='word_1_406' title='bbox 2499 4515 2580 4583; x_wconf 92' lang='lat' dir='ltr'>et</span> <span class='ocrx_word' id='word_1_407' title='bbox 2639 4512 2755 4584; x_wconf 88' lang='lat' dir='ltr'>ita</span> <span class='ocrx_word' id='word_1_408' title='bbox 2798 4515 3072 4603; x_wconf 90' lang='lat' dir='ltr'>posset</span> <span class='ocrx_word' id='word_1_409' title='bbox 3142 4511 3468 4584; x_wconf 87' lang='lat' dir='ltr'>abluere</span> <span class='ocrx_word' id='word_1_410' title='bbox 3517 4511 3616 4585; x_wconf 85' lang='lat' dir='ltr'>si·</span> 
     </span>
     <span class='ocr_line' id='line_1_82' title="bbox 2073 4625 2753 4718; baseline -0.007 -19"><span class='ocrx_word' id='word_1_411' title='bbox 2073 4630 2210 4699; x_wconf 90' lang='lat' dir='ltr'>cut</span> <span class='ocrx_word' id='word_1_412' title='bbox 2267 4625 2753 4718; x_wconf 84' lang='lat' dir='ltr'>baptizatus.</span> 
     </span>
    </p>

    <p class='ocr_par' dir='ltr' id='par_1_14' title="bbox 2070 4741 3959 5192">
     <span class='ocr_line' id='line_1_83' title="bbox 2164 4741 3948 4849; baseline 0.002 -34"><span class='ocrx_word' id='word_1_413' title='bbox 2164 4741 2245 4815; x_wconf 87' lang='lat' dir='ltr'>Si</span> <span class='ocrx_word' id='word_1_414' title='bbox 2286 4745 2559 4814; x_wconf 87' lang='lat' dir='ltr'>autem</span> <span class='ocrx_word' id='word_1_415' title='bbox 2607 4741 3041 4834; x_wconf 88' lang='lat' dir='ltr'>loquamur</span> <span class='ocrx_word' id='word_1_416' title='bbox 3071 4745 3161 4817; x_wconf 90' lang='lat' dir='ltr'>de</span> <span class='ocrx_word' id='word_1_417' title='bbox 3206 4746 3612 4836; x_wconf 89' lang='lat' dir='ltr'>potestate</span> <span class='ocrx_word' id='word_1_418' title='bbox 3637 4776 3704 4849; x_wconf 74' lang='lat' dir='ltr'>p,</span> <span class='ocrx_word' id='word_1_419' title='bbox 3764 4775 3948 4826; x_wconf 61' lang='lat' dir='ltr'>whom,</span> 
     </span>
     <span class='ocr_line' id='line_1_84' title="bbox 2070 4838 3953 4954; baseline 0.001 -24"><span class='ocrx_word' id='word_1_420' title='bbox 2070 4879 2229 4931; x_wconf 91' lang='lat' dir='ltr'>non</span> <span class='ocrx_word' id='word_1_421' title='bbox 2274 4859 2785 4951; x_wconf 87' lang='lat' dir='ltr'>simpliciter,</span> <span class='ocrx_word' id='word_1_422' title='bbox 2856 4861 2987 4934; x_wconf 88' lang='lat' dir='ltr'>sed</span> <span class='ocrx_word' id='word_1_423' title='bbox 3057 4860 3605 4943; x_wconf 89' lang='lat' dir='ltr'>ministeriali,</span> <span class='ocrx_word' id='word_1_424' title='bbox 3633 4853 3688 4888; x_wconf 83' lang='lat'>¹¹¹</span> <span class='ocrx_word' id='word_1_425' title='bbox 3713 4838 3953 4954; x_wconf 35' lang='lat'>2:333*</span> 
     </span>
     <span class='ocr_line' id='line_1_85' title="bbox 2070 4966 3935 5070; baseline 0.002 -23"><span class='ocrx_word' id='word_1_426' title='bbox 2070 4975 2222 5049; x_wconf 90' lang='lat' dir='ltr'>hoc</span> <span class='ocrx_word' id='word_1_427' title='bbox 2262 4981 2410 5059; x_wconf 86' lang='lat' dir='ltr'>est,</span> <span class='ocrx_word' id='word_1_428' title='bbox 2473 4998 2613 5069; x_wconf 89' lang='lat' dir='ltr'>per</span> <span class='ocrx_word' id='word_1_429' title='bbox 2673 4998 2911 5070; x_wconf 89' lang='lat' dir='ltr'>quam</span> <span class='ocrx_word' id='word_1_430' title='bbox 2954 4978 3250 5070; x_wconf 87' lang='lat' dir='ltr'>aliquis</span> <span class='ocrx_word' id='word_1_431' title='bbox 3292 4981 3380 5053; x_wconf 86' lang='lat' dir='ltr'>fit</span> <span class='ocrx_word' id='word_1_432' title='bbox 3421 5000 3612 5053; x_wconf 91' lang='lat' dir='ltr'>con·</span> <span class='ocrx_word' id='word_1_433' title='bbox 3730 4971 3840 5014; x_wconf 51' lang='grc' dir='ltr'>Μ·</span> <span class='ocrx_word' id='word_1_434' title='bbox 3886 4966 3935 5015; x_wconf 76' lang='lat'>²·</span> 
     </span>
     <span class='ocr_line' id='line_1_86' title="bbox 2071 5089 3959 5192; baseline 0.003 -27"><span class='ocrx_word' id='word_1_435' title='bbox 2071 5095 2401 5166; x_wconf 89' lang='lat' dir='ltr'>veniens</span> <span class='ocrx_word' id='word_1_436' title='bbox 2474 5094 2850 5168; x_wconf 88' lang='lat' dir='ltr'>minister</span> <span class='ocrx_word' id='word_1_437' title='bbox 2915 5096 3262 5191; x_wconf 90' lang='lat' dir='ltr'>alicujus</span> <span class='ocrx_word' id='word_1_438' title='bbox 3328 5098 3618 5192; x_wconf 87' lang='lat' dir='ltr'>princi·</span> <span class='ocrx_word' id='word_1_439' title='bbox 3660 5089 3959 5142; x_wconf 56' lang='lat' dir='ltr'>&#39;nimmia‘</span> 
     </span>
    </p>
   </div>
   <div class='ocr_carea' id='block_1_8' title="bbox 3736 5031 3924 5204">
    <p class='ocr_par' dir='ltr' id='par_1_15' title="bbox 3736 5031 3924 5204">
     <span class='ocr_line' id='line_1_87' title="bbox 3736 5031 3924 5079; baseline 0.005 -3"><span class='ocrx_word' id='word_1_440' title='bbox 3736 5031 3924 5079; x_wconf 71' lang='lat' dir='ltr'>otestas</span> 
     </span>
     <span class='ocr_line' id='line_1_88' title="bbox 3771 5152 3834 5204; baseline -0.016 0"><span class='ocrx_word' id='word_1_441' title='bbox 3771 5152 3834 5204; x_wconf 79' lang='lat' dir='ltr'>lis</span> 
     </span>
    </p>
   </div>
   <div class='ocr_carea' id='block_1_9' title="bbox 2074 5207 3957 5543">
    <p class='ocr_par' dir='ltr' id='par_1_16' title="bbox 2074 5207 3957 5543">
     <span class='ocr_line' id='line_1_89' title="bbox 2076 5207 3931 5329; baseline 0.002 -50"><span class='ocrx_word' id='word_1_442' title='bbox 2076 5207 2281 5302; x_wconf 88' lang='lat' dir='ltr'>palis</span> <span class='ocrx_word' id='word_1_443' title='bbox 2322 5210 2664 5302; x_wconf 90' lang='lat' dir='ltr'>agentis,</span> <span class='ocrx_word' id='word_1_444' title='bbox 2709 5214 2787 5285; x_wconf 90' lang='lat' dir='ltr'>et</span> <span class='ocrx_word' id='word_1_445' title='bbox 2842 5212 3012 5284; x_wconf 91' lang='lat' dir='ltr'>sine</span> <span class='ocrx_word' id='word_1_446' title='bbox 3072 5213 3213 5285; x_wconf 89' lang='lat' dir='ltr'>illa</span> <span class='ocrx_word' id='word_1_447' title='bbox 3264 5218 3609 5305; x_wconf 83' lang='lat' dir='ltr'>potesta·</span> <span class='ocrx_word' id='word_1_448' title='bbox 3655 5214 3931 5329; x_wconf 54' lang='lat' dir='ltr'>contiffire</span> 
     </span>
     <span class='ocr_line' id='line_1_90' title="bbox 2074 5294 3957 5415; baseline 0.001 -17"><span class='ocrx_word' id='word_1_449' title='bbox 2074 5330 2154 5399; x_wconf 92' lang='lat' dir='ltr'>te</span> <span class='ocrx_word' id='word_1_450' title='bbox 2212 5347 2371 5399; x_wconf 92' lang='lat' dir='ltr'>non</span> <span class='ocrx_word' id='word_1_451' title='bbox 2430 5331 2644 5401; x_wconf 87' lang='lat' dir='ltr'>esset</span> <span class='ocrx_word' id='word_1_452' title='bbox 2713 5329 3194 5403; x_wconf 86' lang='lat' dir='ltr'>conveniens</span> <span class='ocrx_word' id='word_1_453' title='bbox 3240 5331 3687 5404; x_wconf 80' lang='lat' dir='ltr'>ministeriu</span> <span class='ocrx_word' id='word_1_454' title='bbox 3715 5294 3957 5415; x_wconf 48' lang='lat' dir='ltr'>&amp;latione</span> 
     </span>
     <span class='ocr_line' id='line_1_91' title="bbox 2076 5411 3920 5543; baseline 0.002 -28"><span class='ocrx_word' id='word_1_455' title='bbox 2076 5443 2552 5538; x_wconf 89' lang='lat' dir='ltr'>principalis</span> <span class='ocrx_word' id='word_1_456' title='bbox 2623 5447 2984 5537; x_wconf 86' lang='lat' dir='ltr'>agentis;</span> <span class='ocrx_word' id='word_1_457' title='bbox 3048 5448 3238 5522; x_wconf 90' lang='lat' dir='ltr'>talis</span> <span class='ocrx_word' id='word_1_458' title='bbox 3351 5454 3611 5543; x_wconf 89' lang='lat' dir='ltr'>potes·</span> <span class='ocrx_word' id='word_1_459' title='bbox 3684 5411 3920 5455; x_wconf 54' lang='lat' dir='ltr'>”mm</span> 
     </span>
    </p>
   </div>
   <div class='ocr_carea' id='block_1_10' title="bbox 2076 5561 3632 5655">
    <p class='ocr_par' dir='ltr' id='par_1_17' title="bbox 2076 5561 3632 5655">
     <span class='ocr_line' id='line_1_92' title="bbox 2076 5561 3632 5655; baseline 0.004 -24"><span class='ocrx_word' id='word_1_460' title='bbox 2076 5561 2207 5631; x_wconf 86' lang='lat' dir='ltr'>tas</span> <span class='ocrx_word' id='word_1_461' title='bbox 2277 5579 2438 5634; x_wconf 90' lang='lat' dir='ltr'>non</span> <span class='ocrx_word' id='word_1_462' title='bbox 2519 5566 2848 5654; x_wconf 88' lang='lat' dir='ltr'>oportet</span> <span class='ocrx_word' id='word_1_463' title='bbox 2909 5564 3115 5655; x_wconf 89' lang='lat' dir='ltr'>quod</span> <span class='ocrx_word' id='word_1_464' title='bbox 3180 5565 3288 5638; x_wconf 90' lang='lat' dir='ltr'>sit</span> <span class='ocrx_word' id='word_1_465' title='bbox 3354 5563 3632 5638; x_wconf 85' lang='lat' dir='ltr'>forma</span> 
     </span>
    </p>
   </div>
  </div>
 </body>
</html>
