4287 6313
1661 396 1857 458 Dls'r.
1904 398 1948 458 1.
2000 397 2359 473 QUAESTIO
2405 400 2510 466 vl.

473 552 643 626 sive
725 554 1153 648 dispositio
1232 556 1313 628 in
1379 577 1649 638 carne,
1748 559 2015 632 totum

474 670 743 761 potest
807 672 1022 743 Deus
1094 692 1539 767 reparare3
1605 674 1736 745 sed
1796 673 2021 746 ultra

470 785 633 859 ista
707 788 1145 881 virginitas
1222 790 1416 865 dicit
1502 791 2017 882 negationem

471 907 897 994 quamdam
938 912 1169 982 actus
1215 908 1641 1000 praeteriti,
1687 912 1775 981 ut
1816 908 2021 982 scili-

468 1025 597 1095 cet
644 1042 1054 1114 nunquam
1107 1023 1494 1097 cecidisse
1537 1029 1826 1106 mente,
1891 1024 2018 1097 vel

469 1156 719 1210 carne
748 1136 827 1208 in
871 1143 1292 1231 peccatum
1342 1140 1617 1212 carnis
1655 1165 1671 1222 ;
1708 1163 1807 1213 ex
1860 1161 2017 1233 quo

465 1252 682 1325 enim
742 1258 973 1327 actus
1029 1257 1455 1347 praeteriit,
1519 1278 1680 1329 non
1747 1262 2017 1350 potest

328 1459 355 1470 υ
463 1373 679 1444 Deus
721 1371 1021 1459 facere,
1088 1375 1279 1467 quin
1321 1375 1752 1469 praeteriit.
1799 1376 2017 1448 Unde

119 1455 431 1581 ρῗξέᾲ..
465 1488 1019 1583 Philosophus
1049 1493 1110 1564 6.
1151 1495 1543 1561 micorum
1573 1517 1629 1562 ο.
1685 1494 1749 1564 3.
1806 1513 2018 1565 oom-

157 1596 283 1632 Μ·
311 1580 374 1633 ⁷·
465 1606 787 1680 mendat
820 1607 1127 1681 dictum
1163 1608 1617 1700 Agathonis
1662 1614 1880 1681 recte
1911 1609 2019 1682 di-

462 1723 724 1797 centis
762 1747 776 1791 :
816 1728 948 1793 Hoc
983 1728 1123 1793 solo
1149 1730 1467 1814 privatur
1496 1731 1670 1793 Deus
1713 1730 2018 1815 inqenita

458 1845 711 1927 facere,
775 1865 919 1929 quse
972 1846 1158 1929 sacta
1214 1856 1390 1910 sunl.
1442 1844 1542 1915 Et
1597 1842 1807 1913 ratio
1862 1847 2012 1926 est,

462 1955 655 2046 quia
715 1955 938 2029 nulla
989 1953 1240 2031 factio
1285 1960 1554 2050 potest
1612 1979 1789 2030 esse
1855 1978 2015 2030 non

459 2070 700 2152 entis,
771 2072 863 2145 de
951 2071 1223 2165 aliquo
1318 2093 1478 2145 non
1546 2078 1753 2156 ente,
1829 2073 2016 2164 quia

462 2188 864 2276 (maxime
959 2189 1452 2262 extendendo
1539 2189 2013 2277 factionem)

462 2303 839 2396 quaelibet
872 2310 998 2380 est
1026 2306 1154 2377 vel
1201 2306 1412 2379 entis
1453 2306 1543 2378 de
1592 2326 1752 2378 non
1801 2310 2009 2389 ente,

459 2420 588 2492 vel
631 2442 793 2494 non
827 2421 1037 2495 entis
1077 2421 1168 2493 de
1219 2427 1428 2501 ente,
1490 2422 1701 2495 sicut
1746 2422 1825 2493 in
1886 2442 2014 2494 an-

460 2536 973 2619 nihilatione,
1007 2538 1134 2611 vel
1166 2538 1376 2611 entis
1409 2539 1501 2611 de
1543 2544 1771 2619 ente;
1822 2558 2014 2631 prae-

460 2654 805 2729 teritum
892 2658 1165 2729 autern
1252 2675 1413 2728 non
1489 2660 1614 2728 est
1701 2675 1866 2737 ens,
1931 2659 2010 2730 et

458 2769 732 2862 ipsum
792 2789 952 2841 non
1015 2768 1540 2862 praeteriisse,
1603 2772 1726 2843 est
1797 2769 2013 2842 aliud

454 2907 625 2960 non
671 2907 855 2969 ens;
910 2905 1109 2978 ergo
1145 2892 1621 2982 nonpotest
1663 2908 1763 2959 ex
1805 2907 2011 2980 prae-

453 3005 714 3079 terito
746 3004 950 3089 fieri,
1009 3005 1218 3097 quod
1256 3026 1418 3078 non
1481 3004 1585 3077 sit
1647 3004 2002 3097 praeteri-

456 3122 667 3193 tum.

246 3255 296 3306 6.
552 3237 636 3311 Si
681 3238 1143 3331 objiciatur,
1206 3238 1274 3312 si
1324 3241 1538 3312 Deus
1604 3242 1865 3312 totum
1917 3237 2011 3309 il-

457 3352 594 3425 lud
629 3354 1115 3436 absolutum,
1154 3355 1359 3447 quod
1402 3358 1526 3428 est
1562 3353 1641 3426 in
1677 3353 2011 3445 virgini-

460 3474 662 3554 tate,
699 3473 966 3563 potest
1005 3470 1470 3553 restituere,
1508 3489 1706 3561 ergo
1751 3472 1832 3542 et
1883 3491 2013 3542 au-

462 3588 780 3661 reolam
818 3588 1170 3670 reddere,
1217 3608 1404 3660 nam
1434 3589 1769 3661 aureola
1804 3587 2012 3660 vide·

460 3709 608 3778 tur
658 3707 1304 3798 correspondere
1345 3704 1590 3778 alicui
1641 3704 2011 3797 perfecti·

467 3821 604 3894 oni
636 3821 1005 3895 absolute
1051 3821 1131 3893 in
1161 3821 1667 3913 virginitate.
1735 3824 2011 3896 Potest

462 3937 648 4019 dici,
702 3938 911 4029 quod
947 3941 1224 4007 aureola
1272 3937 1618 4029 virginis
1669 3940 1794 4011 est
1828 3956 2013 4028 gau-

464 4053 685 4125 dium
707 4053 1199 4128 accidentale
1222 4054 1313 4126 de
1347 4073 1493 4126 sua
1518 4054 2006 4136 innocentia,

464 4168 543 4240 id
584 4173 734 4251 est,
817 4168 909 4241 de
987 4188 1396 4262 nunquam
1480 4168 1866 4242 cecidisse
1929 4168 2010 4240 in

463 4284 663 4357 illud
725 4285 1177 4377 peccatum,
1235 4284 1327 4355 ad
1406 4284 1612 4376 quod
1658 4305 2012 4357 commu-

460 4400 685 4475 niter
752 4404 1051 4474 natura
1117 4420 1375 4493 prona
1441 4401 1591 4480 est,
1661 4399 2012 4472 maxime

461 4517 545 4588 in
586 4514 1159 4589 adolescentia.

552 4635 655 4705 Et
696 4631 765 4704 si
800 4631 1262 4724 objiciatur,
1309 4632 1514 4724 quod
1546 4631 1707 4704 ista
1776 4651 2011 4722 nega-

336 4835 359 4850 ·
458 4750 579 4821 tio
621 4768 780 4822 non
812 4754 936 4822 est
974 4747 1320 4822 materia
1351 4747 1620 4839 gaudii
1665 4749 2011 4820 multum

462 4865 968 4948 excellentiS,
1020 4864 1148 4936 vel
1179 4863 1589 4957 specialis,
1662 4886 1993 4957 respon-

458 4981 633 5063 deo,
707 4980 918 5053 sicut
966 4979 1411 5054 affirmatio
1462 4983 1587 5053 est
1655 4980 2012 5071 r'ugibilis

460 5116 603 5167 seu
655 5095 996 5178 odibilis,
1044 5096 1159 5168 sic
1200 5096 1530 5187 negatio
1589 5095 2010 5178 amabilis3

460 5213 674 5286 sicut
740 5230 938 5302 ergo
1006 5211 1410 5283 excellens
1500 5208 1785 5283 odibile
1859 5216 2010 5295 est,

459 5327 716 5400 fuisse
785 5327 1103 5419 lapsum
1166 5327 1249 5398 in
1317 5324 1479 5399 tale
1561 5331 2008 5417 peccatum,

457 5444 578 5516 ita
608 5463 710 5515 ex
741 5442 1144 5517 charitate
1187 5441 1533 5513 amabile
1564 5446 1645 5515 et
1678 5442 2015 5516 delecta-

454 5550 617 5623 bile
690 5553 841 5631 est,
895 5567 1306 5640 nunquam
1361 5549 1769 5622 cecidisse.
1837 5550 2014 5625 Etsi

625 5665 777 5719 Tom.
815 5663 961 5718 XVI.

173 3954 393 4070 ,322

3577 404 3697 470 209

2129 578 2328 651 ergo
2397 561 2778 652 gaudium
2856 564 3292 638 essentiale
3377 565 3502 638 est
3589 565 3682 637 de

2131 673 2339 747 bono
2376 677 2755 769 positivo,
2796 679 2957 752 imo
2996 680 3381 764 maximo,
3409 684 3681 754 tamen

2132 811 2293 862 non
2362 798 2486 867 est
2558 793 3130 868 inconveniens
3206 797 3428 870 ultra
3489 795 3683 868 illud

2133 907 2310 980 addi
2367 908 2691 1001 aliquod
2741 912 3124 1002 gaudium
3185 912 3681 986 accidentale

2131 1024 2223 1095 de
2261 1026 2723 1115 negatione,
2779 1027 2909 1099 cui
2965 1028 3409 1121 opponitur
3459 1026 3683 1102 affir-
3787 1050 3796 1058 ·

2136 1136 2390 1211 matio
2447 1141 2786 1214 odibilis.
2843 1143 3192 1216 Multum
3223 1143 3439 1216 enim
3472 1144 3686 1218 addit

2133 1255 2225 1326 de
2267 1257 2562 1348 gaudio
2595 1280 2756 1331 non
2797 1259 3183 1334 cecidisse
3235 1261 3314 1334 in
3356 1262 3679 1355 culpam

2133 1371 2356 1445 ultra
2406 1373 2503 1456 id,
2543 1377 2748 1468 quod
2779 1376 3074 1469 aliquis
3108 1377 3344 1453 habet
3374 1379 3466 1451 de
3496 1376 3677 1464 hoc,

2134 1491 2340 1580 quod
2439 1497 2623 1584 post
2703 1486 3487 1587 culpam'surrexit
3584 1495 3680 1567 ad

2133 1606 2518 1695 gratiam.

2225 1726 2585 1799 Concedo
2678 1744 2878 1816 ergo
2954 1723 3045 1816 (f)
3112 1725 3674 1799 conclusiones

2130 1840 2613 1914 ultimarum
2659 1841 3097 1922 rationum,
3146 1842 3353 1932 quod
3394 1843 3484 1915 de
3539 1863 3677 1927 po-

2130 1958 2390 2032 tentia
2458 1959 2831 2031 absoluta
2912 1964 3187 2052 posset
3274 1961 3488 2032 Deus
3570 1959 3678 2031 di-

2135 2072 2467 2146 mittere
2544 2074 2864 2167 culpam
2928 2075 3444 2167 originalem,
3514 2095 3675 2148 non

2129 2187 2614 2262 conferendo
2691 2190 3074 2282 gratiam,
3146 2196 3228 2265 et
3295 2192 3448 2265 hoc
3511 2210 3673 2264 ma·
3705 2227 3885 2280 Gratia
3921 2244 4023 2280 Ποῦ

2124 2300 2369 2383 xime,
2424 2321 2606 2374 cum
2659 2302 2933 2392 gratia
2987 2322 3148 2374 non
3212 2307 3674 2395 opponatur
3722 2292 4002 2405 ssssffiffi‘gf,

2127 2416 2597 2489 formaliter
2670 2421 3001 2509 peccato
3047 2417 3457 2509 originali,
3527 2440 3672 2493 nec
3730 2422 3994 2546 σξξῖὶῖιῗῆ

2127 2533 2362 2605 modo
2439 2532 2908 2607 dimittatur
2993 2533 3183 2607 illud
3246 2540 3669 2627 peccatum

2126 2670 2271 2741 per
2318 2650 2839 2723 collationem
2904 2650 3222 2742 gratiae,
3264 2651 3421 2724 nisi
3481 2652 3673 2740 quia

2121 2765 2396 2856 gratia
2483 2765 2824 2839 includit
2914 2766 3498 2857 aequivalenter
3595 2766 3674 2839 in

2126 2882 2600 2974 acceptione
2668 2881 2939 2954 divina
3016 2882 3428 2975 justitiam
3511 2883 3676 2956 ori-

2124 2997 2504 3087 ginalem,
2580 3018 2753 3091 quae
2813 2996 3282 3073 formaliter
3342 2999 3676 3093 opponi·

2126 3117 2266 3188 tur
2333 3118 2668 3207 peccato
2751 3114 3167 3209 originali.

2214 3233 2328 3305 Ad
2389 3238 2878 3323 argumenta
2928 3239 3031 3326 (g)
3095 3256 3247 3328 pro
3296 3235 3673 3329 opinione
3840 3291 3893 3342 7·

2124 3349 2655 3440 praecedente.
2715 3349 2827 3421 Ad
2879 3350 3234 3441 primum
3296 3351 3670 3435 concedo,
3706 3355 4022 3407 Adranones

2126 3465 2335 3555 quod
2416 3468 2689 3557 potest
2797 3465 2977 3536 fieri
3083 3467 3174 3538 de
3266 3467 3676 3540 immunda
3739 3418 3995 3532 -ῗεῗὲῗῖἷεάἷ

2125 3580 2443 3663 munda,
2510 3580 2908 3654 munditia
2963 3583 3378 3675 opposita,
3435 3584 3504 3656 si
3556 3604 3673 3656 re·
3766 3557 3850 3655 ἒὰ
3878 3546 3934 3658 i:

2125 3695 2522 3769 stituatur
2548 3695 2876 3789 justitia
2934 3698 3390 3790 originalis,
3430 3721 3672 3792 quam

2123 3811 2396 3902 privat
2475 3815 2899 3904 peccatum
2987 3814 3433 3906 originale,
3508 3814 3676 3888 sive

2124 3927 2319 3999 illud
2363 3928 2470 4001 sit
2516 3928 2813 4000 donum
2866 3931 3472 4021 superadditum
3531 3951 3675 4004 na-

2126 4048 2360 4124 turae,
2399 4042 2569 4115 sive
2625 4043 2727 4117 sit
2794 4045 3194 4118 rectitudo
3237 4047 3671 4129 naturalis,

2129 4160 2443 4235 scilicet
2520 4161 3062 4255 praescindens
3166 4184 3485 4236 omnem
3559 4164 3676 4237 de-

2125 4276 2672 4352 formitatem·
2696 4279 3032 4373 peccati.

2216 4394 2329 4467 Ad
2371 4395 2806 4466 secundum
2879 4397 3126 4486 patet,
3186 4396 3389 4487 quod
3465 4394 3675 4467 falsa
3767 4401 3850 4450 Ad
3896 4401 3953 4453 2·

3752 4464 3986 4514 Sumitur

2126 4514 2252 4584 est
2286 4510 2740 4603 propositio
2767 4511 2858 4583 de
2891 4511 3403 4605 oppositione
3437 4512 4026 4637 istiusjussss‘igossssn

2128 4626 2386 4719 culpae
2426 4626 2522 4698 ad
2580 4627 2963 4717 gratiam,
3029 4626 3193 4698 imo
3255 4627 3370 4700 sic
3433 4648 3671 4720 oppo-
3731 4603 3990 4712 Kabituali,

2127 4742 2355 4815 nitur
2397 4742 2637 4834 culpa
2673 4743 2831 4814 ista
2865 4741 3211 4834 justitiae
3256 4742 3669 4835 originali,
3713 4712 4021 4844 „ssgtfflne

2129 4862 2210 4931 et
2275 4878 2434 4928 non
2494 4858 2812 4948 gratiae,
2887 4856 3043 4928 nisi
3104 4857 3291 4949 quia
3352 4858 3526 4952 ipsa
3598 4836 4021 4960 ininssssffacui

2127 4971 2601 5065 acceptione
2641 4972 2909 5044 divina
2962 4972 3393 5065 aequivalet
3434 4974 3677 5065 justi·
3727 4960 3999 5088 gssffissssf

2130 5089 2265 5162 tiae
2380 5088 2794 5181 originali,
2895 5091 3028 5163 sed
3111 5093 3336 5164 nullo
3443 5093 3674 5166 modo
3730 5085 3792 5134 ‘¹⁹
3819 5098 3918 5150 ‘1¹¹⁰
3942 5083 3993 5134 ²·

2131 5207 2575 5299 opponitur
2640 5207 2931 5298 gratiae
3001 5214 3089 5283 ut
3185 5210 3519 5303 proprie
3596 5216 3677 5286 et
3766 5147 3947 5198 ‘¹⁶29'

2131 5322 2472 5414 praecise
2533 5323 2890 5415 privatio
2950 5324 3154 5416 ejus.

2217 5438 2331 5508 Ad
2402 5438 2740 5512 tertium
2790 5439 3113 5512 dubium
3182 5445 3331 5524 est,
3398 5444 3672 5514 utrum
3786 5440 3870 5491 Ad
3896 5439 3949 5492 ³·

2130 5553 2392 5645 possit
2458 5573 2619 5626 non
2686 5552 3081 5647 imputari
3158 5556 3252 5627 ad
3328 5576 3666 5649 poenam,

3456 5669 3516 5724 14
