4287 6313
524 326 642 390 266

534 494 661 565 tur,
707 492 1130 571 permittebat
1183 495 1308 574 ipsi
1352 513 1645 579 congrue
1677 514 1872 561 usum
1903 498 2070 562 alte-

527 607 662 671 rius
752 611 1172 691 Baptismatis
1242 614 1727 678 sacramentalis
1795 616 2068 680 instituti

527 739 565 785 a
637 722 915 802 Christe,
980 727 1100 790 sed
1145 737 1403 793 servato
1470 731 1846 796 discrimine
1897 733 2069 795 inter

524 844 904 922 utrumque,
949 846 1071 906 soli
1115 846 1390 923 Christ0,
1451 854 1515 910 et
1558 849 1702 930 ejus
1733 849 2067 942 discipulis

528 957 862 1035 proprium
927 978 1073 1024 esse
1148 963 1457 1038 debebat,
1518 982 1917 1045 quamquam
1976 968 2061 1029 si-

187 1099 483 1176 concursus
531 1074 667 1136 mul
742 1093 858 1153 pro
919 1079 1134 1158 aliquo
1189 1084 1489 1158 tempore
1575 1092 2061 1160 concurrerent,

178 1169 464 1232 ⁰¹¹¹⁰⁸q²¹²·
524 1199 599 1256 ut
626 1200 807 1272 patet
842 1198 1110 1261 Joannis
1139 1201 1197 1262 3.
1235 1207 1300 1262 et
1328 1200 1386 1262 4.
1432 1202 1801 1279 Baptismus
1844 1209 2066 1267 autem

522 1313 789 1375 Joannis
843 1329 1050 1376 unum
1098 1331 1339 1379 annum
1385 1318 1662 1394 circiter,
1720 1320 1828 1381 vel
1870 1322 2063 1398 paulo

527 1430 814 1507 amplius
861 1429 1139 1508 duravit,
1173 1433 1384 1496 donec
1416 1435 1649 1498 missus
1680 1443 1779 1498 est
1819 1439 1885 1501 in
1929 1457 2069 1502 car-

531 1562 774 1621 cerem,
825 1553 891 1609 et
933 1553 1092 1611 tunc
1123 1547 1450 1612 extinctus
1498 1555 1598 1612 est
1626 1569 1785 1615 usus
1815 1556 2068 1632 Baptis-

522 1661 611 1723 mi
650 1664 944 1736 JoanniS‚
991 1665 1171 1744 quod
1221 1682 1256 1725 a
1313 1666 1453 1728 solo
1513 1666 1658 1747 ejus
1706 1671 2066 1732 ministerio

524 1776 890 1855 pendebat,
953 1786 1026 1842 ut
1073 1780 1308 1856 probat
1337 1784 1972 1862 Augustinustract.
2006 1787 2066 1847 4.

523 1895 592 1954 in
636 1898 823 1956 Joan.
878 1894 1078 1958 Casus
1124 1913 1283 1977 ergo
1330 1903 1705 1988 propositus
1751 1909 1852 1965 est
1913 1920 2069 1982 spe-

529 2011 874 2087 culaturus,
923 2016 990 2073 et
1016 2029 1150 2074 non
1181 2012 1362 2087 facti,
1398 2021 1461 2077 et
1505 2018 1597 2078 sic
1629 2018 1827 2081 etiam
1860 2017 2073 2084 disse-

531 2127 718 2190 rendi
768 2130 978 2209 gratia
1032 2148 1068 2193 a
1119 2134 1405 2196 Doctore
1464 2136 1877 2213 proponitur,
1938 2152 2069 2198 non

525 2258 681 2303 vero
727 2246 1112 2309 asserend0.

253 2437 265 2449 ⁵
309 2375 363 2446 ⁴„
430 2436 441 2447 .
610 2357 735 2439 (b)
777 2361 917 2423 Atio
961 2366 1152 2426 modo
1187 2369 1394 2441 potest
1448 2366 1747 2443 inteltiqi,
1798 2371 1926 2428 etc.
1961 2367 2073 2429 Hic

200 2441 477 2565 ῗῖΪ-Ῐζᾙὲ
533 2477 733 2540 docet
784 2478 1096 2559 distingui
1141 2482 1546 2559 Baptismum
1606 2483 1835 2547 Christi
1882 2502 1917 2546 a
1946 2487 2073 2547 Ba-

209 2563 481 2679 Bffiligrgai.
533 2595 761 2672 ptismo
806 2595 1095 2659 Joannis.
1155 2597 1540 2677 Oppositum
1602 2617 1890 2664 errorem
1951 2600 2068 2662 do-

210 2686 468 2742 petiliani.
536 2712 669 2774 cuit
722 2713 1099 2787 PetilianuS,
1181 2714 1487 2776 eumdem
1564 2717 1816 2780 scilicet
1870 2714 2074 2779 fuisse

536 2829 939 2906 Baptismum
1016 2829 1247 2892 Christi
1300 2834 1367 2892 et
1444 2833 1733 2904 ioannis,
1809 2832 1874 2893 in
1941 2849 2071 2911 quo

534 2943 986 3025 distinguebat
1049 2952 1180 3008 tres
1235 2946 1514 3022 gradum
1565 2964 1771 3010 unum
1817 2949 1924 3028 qui
1955 2946 2079 3010 fuit

529 3064 595 3125 in
646 3079 843 3143 aqua,
893 3069 958 3125 et
1001 3064 1105 3126 hic
1158 3062 1275 3126 fuit
1319 3066 1617 3138 Joannis;
1683 3066 2074 3141 secundum,

528 3184 593 3245 in
676 3183 929 3261 spiritu,
1025 3187 1092 3245 et
1177 3182 1283 3246 hic
1363 3181 1487 3246 fuit
1579 3182 1850 3259 Christi3
1943 3189 2077 3247 ter-

535 3302 694 3361 tium
739 3301 803 3361 in
849 3301 1029 3381 igne,
1080 3306 1146 3363 et
1195 3300 1301 3362 hic
1360 3298 1485 3363 fuit
1532 3301 1883 3372 Paracleti;
1925 3300 2075 3364 vide

205 3430 251 3482 A
324 3428 475 3477 nstin.
532 3417 960 3498 Augustinum
1021 3417 1134 3479 lib.
1166 3419 1226 3480 2.
1275 3423 1498 3479 contra
1542 3418 1789 3479 litteras
1816 3419 2075 3480 Petilia-

231 3506 452 3608 Noz‘t'g-
534 3540 606 3598 ni
630 3553 770 3611 cap.
805 3536 906 3597 32.
931 3536 1030 3597 34.
1066 3543 1122 3596 et
1151 3536 1250 3596 37.
1287 3534 1468 3597 idem
1502 3533 1746 3597 docent
1783 3534 2078 3598 haeretici

277 3630 418 3669 ‘⁰¹¹¹'
534 3653 731 3734 huJus
777 3655 1115 3731 temporis,
1148 3653 1399 3715 nullum
1439 3652 1788 3716 discrimen
1833 3669 2079 3734 agnos-

538 3775 766 3833 centes
824 3770 997 3832 inter
1057 3776 1412 3847 utrumque
1478 3769 1900 3846 Baptismum,
1959 3766 2081 3828 nisi

538 3889 717 3967 quod
778 3890 1109 3966 Baptisma
1167 3888 1433 3950 Joannis
1489 3886 1689 3949 fuerit
1744 3883 1977 3948 efficax
2013 3885 2081 3946 in

534 4015 771 4075 virtute
803 4011 1034 4074 Christi
1079 4008 1434 4072 exhibendi
1466 4008 1529 4071 in
1559 4008 1791 4082 Cruce,
1824 4009 2074 4085 Baptis-

540 4145 622 4191 na
675 4129 904 4190 Christi
965 4128 1032 4189 in
1097 4128 1333 4189 virtute
1378 4127 1518 4206 jam
1569 4125 1860 4188 exhibiti.
1916 4123 2078 4187 Vide

234 4218 478 4271 Benarm.
541 4245 1007 4308 Bellarminum
1038 4244 1150 4305 lib.
1191 4244 1246 4305 l.
1293 4245 1370 4305 de
1398 4245 1752 4319 BaptismO,
1785 4258 1929 4319 cap.
1980 4243 2074 4305 19.

618 4365 755 4425 Haec
809 4362 1074 4424 haeresis
1138 4359 1445 4421 damnata
1492 4363 1594 4421 est
1638 4359 1718 4420 ab
1776 4358 2081 4419 omnibus

531 4479 852 4542 Patribus
927 4476 1090 4538 Vide
1164 4476 1418 4549 citatOS,
1494 4480 1561 4537 et
1632 4491 1796 4554 quos
1879 4472 2082 4535 refert

532 4606 949 4670 scholiastes.
988 4605 1349 4665 Damnatur
1389 4618 1538 4666 sess.
1584 4603 1644 4663 7.
1696 4600 1780 4662 de
1826 4599 2077 4677 Baptis-

232 4714 473 4770 Trident,
533 4741 664 4796 m0,
711 4740 747 4785 a
787 4721 1165 4783 Tridentino
1203 4740 1218 4782 ε
1255 4720 1504 4797 Siquis
1533 4719 1777 4779 dixerit
1821 4716 2078 4793 Baptis-

535 4856 646 4900 ma
672 4839 941 4901 Ioannis
967 4838 1265 4900 habuisse
1296 4836 1594 4898 eamdem
1621 4838 1752 4897 vim
1781 4853 1930 4900 cum
1958 4841 2078 4900 Ba-

533 4960 776 5034 ptismo
808 4956 1455 5029 Christi‚'anatlzema
1482 4955 1586 5026 sit,
1623 4958 1748 5013 etc.

316 5103 374 5153 5.
618 5082 935 5139 Jormnem
989 5075 1361 5150 baptizasse,
1418 5077 1544 5133 etc.
1590 5069 1928 5132 Materiam
1965 5071 2082 5133 Ba-

209 5162 510 5277 ᾑξεξξξὲζ
542 5192 756 5275 ptismi
796 5190 1066 5253 Joannis
1123 5187 1326 5252 fuisse
1386 5205 1627 5268 aquam
1679 5193 1745 5250 et
1801 5187 2078 5251 ablutio-

541 5329 718 5387 nem,
765 5311 1089 5373 habemus
1132 5309 1355 5371 Mateta,
1416 5309 1475 5370 3.
1534 5310 1738 5368 Lucae.
1784 5308 1844 5369 3.
1876 5307 2089 5367 Marci

546 5434 599 5494 l.
644 5435 831 5492 Joan.
871 5430 926 5491 l.
977 5430 1033 5488 et
1075 5427 1134 5488 3.
1168 5430 1224 5487 et
1254 5426 1313 5488 3.
1347 5427 1454 5487 Act
1489 5424 1543 5486 l.
1591 5425 1685 5484 De
1715 5421 1918 5485 forma
1952 5438 2084 5485 non

539 5549 628 5611 ita
673 5547 953 5621 constat,
997 5540 1149 5609 ideo
1207 5545 1452 5609 Doctor
1491 5542 1878 5605 alterutrum
1925 5557 2081 5623 sup·

1677 333 1820 399 LlB.
1856 337 1958 399 lv,
1989 335 2586 404 SENTENTIARUM

2197 501 2416 579 ponit;
2443 500 2723 579 primum
2783 506 3025 579 autem,
3072 504 3322 569 scilicet
3360 506 3723 585 baptizasse

2185 615 2250 678 in
2285 615 2717 716 determinata
2747 616 2979 694 forma,
3011 621 3176 685 utin
3203 623 3459 685 nomine
3497 629 3723 687 ventu·
3774 597 4063 714 ffissffissffi

2177 736 2267 807 ri,
2307 735 2396 797 ita
2425 738 2623 798 sentit
2653 737 2838 816 Hugo
2885 737 2969 798 de
3001 741 3062 800 S.
3097 738 3358 802 Victore
3399 740 3514 802 tib.
3562 743 3624 803 2.
3647 742 3725 802 de
3791 725 4038 777 affirmat.

2179 853 2481 912 Sacram.
2526 861 2704 930 part.
2738 854 2798 915 6.
2834 873 2978 932 cap.
3025 856 3086 918 6.
3136 855 3445 936 Magister
3494 858 3562 919 in
3603 856 3729 918 hac
3799 790 4010 964 311111ξέζὶ

2176 969 2322 1029 dist.
2356 986 2499 1047 cap.
2547 971 2798 1043 ultimo,
2832 989 3030 1051 quem
3074 974 3372 1053 sequitur
3423 989 3722 1035 commu·
3753 977 3820 1026 D·
3877 950 4077 1027 Thoan.

2174 1085 2275 1146 nis
2291 1086 2510 1162 opinio
2543 1092 2786 1164 praeter
2815 1086 3132 1152 citandos
3170 1091 3423 1152 Alensis
3454 1091 3512 1150 4.
3531 1095 3714 1167 part.
3784 1041 4028 1157 ἓξὲξ-ι’.

2182 1209 2396 1278 quaest.
2447 1203 2507 1264 6.
2563 1205 2631 1264 in
2679 1206 2736 1265 3.
2785 1211 2912 1266 art.
2970 1208 3023 1267 1.
3078 1207 3150 1267 D.
3184 1206 3415 1267 Thom.
3446 1207 3500 1268 3.
3538 1210 3721 1283 part.

2181 1326 2400 1399 quaest.
2446 1321 2547 1384 58.
2594 1329 2721 1385 art.
2763 1323 2821 1385 6.
2865 1327 2954 1387 ad
2994 1327 3054 1387 5.
3107 1331 3171 1387 et
3216 1329 3442 1387 noster
3488 1327 3730 1388 Doctor

2179 1443 2496 1515 tanquam
2541 1440 2754 1518 magis
2792 1446 3130 1518 receptam
3170 1441 3477 1504 eamdem
3517 1442 3730 1520 primo

2176 1554 2323 1615 loco
2356 1556 2605 1627 statuit,
2640 1558 2741 1617 cui
2782 1555 3004 1619 favent
3045 1558 3232 1621 multi
3273 1558 3522 1633 Patres,
3581 1561 3730 1622 Am-

2182 1667 2442 1731 brosius
2492 1670 2606 1731 lib.
2665 1673 2719 1734 1.
2772 1674 2850 1734 de
2888 1676 3143 1750 Spiritu
3186 1681 3431 1749 sancte,
3475 1692 3620 1752 cap.
3668 1678 3728 1738 7.

2178 1788 2458 1846 Ioannes
2500 1786 2757 1862 quidem
2785 1787 2852 1847 in
2879 1788 3274 1850 advenientis
3301 1793 3475 1861 Iesu,
3507 1804 3630 1849 non
3665 1790 3735 1849 in

2179 1916 2296 1960 suo
2356 1900 2726 1977 baptizabat
2779 1902 3053 1962 nomine.
3123 1902 3525 1982 Augustinus
3615 1902 3729 1966 lib.

2184 2017 2620 2094 quaestionum
2667 2019 2818 2080 novi
2877 2018 3305 2094 Testamenti,
3353 2022 3579 2096 quoest.
3630 2017 3729 2082 29.
3773 2024 4056 2099 Augu-tin.

2186 2130 2415 2193 dicens
2462 2135 2863 2209 Baptismum
2909 2134 3178 2194 Ioannis
3221 2150 3347 2194 non
3371 2135 3575 2210 fuisse
3601 2137 3735 2197 sine
3815 2090 4032 2140 Hmrou.

2187 2251 2502 2311 mentione
2565 2249 2824 2310 Christi.
2886 2247 3085 2310 Divus
3157 2251 3595 2331 Hieronymus
3664 2251 3732 2312 in

2185 2365 2292 2429 illa
2347 2367 2545 2429 Joelis
2601 2368 2661 2428 2.
2727 2367 3074 2442 Effundam
3119 2370 3194 2430 de
3253 2370 3504 2447 Spiritu
3563 2386 3729 2438 meo,

2187 2491 2314 2548 etc.
2364 2487 2522 2546 Item
2569 2488 2883 2546 Actorum
2939 2486 3032 2548 19.
3078 2488 3353 2548 Ioannes
3384 2485 3735 2563 baptizavit

2189 2604 2518 2679 Raptis-mo
2554 2602 2961 2678 poenitentiae,
3009 2603 3260 2664 dicens:
3295 2602 3362 2661 in
3419 2616 3568 2662 eum
3623 2604 3737 2679 qui

2187 2720 2327 2777 erat
2385 2721 2528 2793 post
2585 2718 2799 2793 ipsum
2860 2720 2931 2776 ut
2997 2717 3348 2790 crederent,
3420 2719 3547 2778 etc.
3618 2715 3732 2776 ubi

2183 2836 2447 2901 videtur
2488 2837 2622 2899 baec
2664 2834 2876 2899 forma
2918 2835 3254 2899 insinuari.

2269 2952 2662 3030 Oppositum
2705 2953 2903 3032 hujus
2936 2955 3128 3015 etiam
3170 2953 3459 3015 insinuat
3488 2953 3732 3013 Doctor
3804 2940 4061 3006 Negativa

3759 3004 4065 3072 probabili·-

2185 3071 2262 3128 ut
2305 3068 2671 3145 probabile,
2719 3083 2921 3147 quem
2951 3071 3218 3130 secutus
3254 3073 3354 3130 est
3384 3065 3735 3130 Durandus
3804 3068 4034 3181 ἓξὲξ.

2187 3186 2255 3244 in
2282 3183 2406 3244 hac
2434 3184 2577 3244 dist.
2613 3188 2813 3259 quaest
2858 3185 2918 3245 3.
2969 3183 3230 3245 Gabriel
3259 3189 3475 3261 quaest.
3508 3184 3570 3245 2.
3605 3187 3732 3243 art.
3792 3193 4028 3244 Dur-nd.

2194 3301 2249 3362 l.
2288 3299 2479 3361 Sotus
2517 3304 2736 3376 quaest.
2791 3300 2852 3361 2.
2901 3305 3022 3360 art.
3068 3303 3118 3361 l.
3162 3306 3229 3361 et
3274 3300 3401 3360 alii.
3436 3300 3511 3359 Et
3555 3302 3737 3377 patet
3837 3257 4013 3309 δοιὼ·

2194 3416 2672 3495 congruentiis,
2762 3418 2911 3495 quia
2982 3417 3168 3478 locus
3250 3417 3358 3478 ille
3430 3418 3735 3477 Actorum

2187 3533 2389 3596 habet
2470 3533 2886 3595 commodam
2974 3532 3584 3611 interpretationem
3656 3548 3735 3595 ex

2192 3647 2543 3726 superficie
2588 3650 2960 3722 verborum,
3015 3663 3259 3725 nempe
3303 3664 3383 3709 ex
3427 3665 3507 3709 eo
3554 3646 3733 3727 quod

2189 3772 2478 3832 ioannes
2511 3768 2667 3830 dum
2712 3772 3087 3848 baptizaret,
3129 3769 3510 3832 instruxerit
3539 3768 3735 3830 etiam

2195 3883 2278 3946 de
2321 3884 2453 3948 fide
2491 3887 2776 3949 venturi.
2828 3887 3162 3961 SecundO,
3212 3887 3365 3965 quia
3393 3885 3601 3948 forma
3632 3886 3741 3948 illa

2194 4015 2373 4074 esset
2420 4009 2608 4087 falsa,
2657 4028 2801 4074 cum
2849 4011 3136 4073 Christus
3171 4012 3310 4092 jam
3355 4011 3633 4085 venerit,
3663 4026 3740 4071 ac

2196 4128 2472 4205 proinde
2544 4145 2678 4190 non
2736 4133 2876 4190 erat
2930 4132 3269 4201 venturuS,
3334 4130 3400 4188 et
3454 4125 3740 4204 idipsum

2193 4243 2417 4305 scierit
2458 4246 2767 4306 JoanneS.
2815 4244 3055 4316 Tertio,
3092 4242 3245 4322 quia
3275 4241 3510 4315 eadem
3542 4245 3739 4305 etiam

2192 4358 2402 4420 forma
2472 4359 2862 4438 baptizando
2934 4360 3261 4421 Christum
3331 4355 3739 4436 proferretur

2195 4476 2359 4537 falso
2424 4495 2440 4552 ;
2502 4478 2794 4538 ioannes
2865 4480 3085 4537 autem
3153 4473 3333 4537 idem
3414 4475 3742 4550 Baptisma

2198 4593 2451 4655 Christo
2526 4599 2591 4655 et
2641 4593 2779 4655 aliis
2838 4592 3243 4666 ministravit,
3294 4592 3446 4668 quia
3489 4590 3743 4668 Baptis-

2190 4727 2297 4772 ma
2326 4712 2604 4773 Joannis
2648 4692 2781 4772 non
2814 4709 3195 4771 conferebat
3224 4710 3500 4788 gratiam
3531 4726 3546 4780 ;
3584 4723 3741 4787 ergo

2195 4846 2327 4894 non
2375 4830 2656 4893 dabatur
2693 4831 2815 4891 sub
2875 4829 3093 4907 aliqua
3140 4810 3349 4890 forma
3390 4826 3740 4889 verborum

2198 4953 2657 5022 determinata,
2717 4952 2869 5030 quia
2925 4951 3058 5012 haec
3107 4955 3355 5012 tantum
3420 4948 3609 5010 datur
3677 4949 3741 5009 iu

2200 5069 2637 5133 sacramentis
2680 5082 2873 5131 novae
2916 5067 3086 5148 legis
3115 5065 3198 5128 ad
3238 5062 3741 5145 significandum

2197 5188 2511 5251 effectum
2570 5185 2949 5248 interiorem
3024 5184 3272 5264 gratiae.
3330 5179 3431 5244 Ad
3502 5179 3737 5242 funda-

2198 5307 2494 5365 mentum
2554 5301 2879 5380 oppositae
2943 5297 3361 5379 intelligendi
3426 5302 3579 5358 sunt
3621 5295 3736 5355 Pa-

2194 5428 2351 5494 tres»,
2417 5421 2583 5481 sicut
2644 5424 2711 5481 et
2782 5418 2964 5480 locus
3018 5420 3355 5489 Actorum,
3414 5414 3499 5477 ad
3541 5430 3739 5494 quem

2200 5537 2523 5617 alludunt,
2591 5540 2730 5623 jam
2783 5536 3166 5618 praemissus
3224 5534 3611 5598 declaratur.
