4287 6313
600 405 725 465 394

281 564 571 629 Baptismus
608 565 830 629 deleat
885 567 1235 646 Baptisma,
1285 573 1361 629 ut
1401 566 1578 628 varie
1622 566 1983 647 gloriantur
2024 566 2149 628 hae-

280 628 547 740 „0233
600 682 808 755 retici,
866 683 1122 744 omissis
1180 683 1323 744 aliis
1392 682 1603 754 tocis3
1655 686 1838 760 patet
1890 683 1995 744 vel
2065 698 2151 743 ex

328 757 498 805 utura.
597 800 722 859 hoc
776 801 919 875 ipso
982 797 1220 875 capite,
1267 797 1375 859 ubi
1439 783 1870 874 reprehendit
1915 797 2138 860 Corin-

599 917 789 991 thioS,
864 916 1091 979 dicens
1126 934 1140 975 :
1173 920 1321 977 Jam
1380 916 1639 992 quidem
1682 920 1938 978 omnino
1983 916 2146 977 deli-

594 1038 765 1095 ctum
811 1038 897 1093 est
954 1036 1021 1093 in
1086 1032 1286 1107 vobis,
1348 1033 1523 1108 quod
1564 1033 1824 1107 judicia
1901 1031 2147 1092 habetis

591 1151 760 1211 inter
799 1166 945 1220 vos,-
970 1156 1035 1211 et
1076 1146 1241 1208 infra
1293 1152 1547 1220 monet,
1596 1151 1670 1209 ut
1710 1146 1967 1226 fugiant
2008 1146 2146 1210 sor-

590 1264 1010 1338 nicationem,
1071 1264 1173 1325 cui
1228 1264 1585 1342 plurimum
1655 1260 1901 1326 addicti
1959 1270 2147 1328 erant

591 1379 924 1456 Corinthii,
971 1386 1040 1441 ιιι
1101 1385 1440 1455 exponunt
1481 1379 1728 1452 PatreS,
1775 1384 1842 1439 et
1895 1380 2141 1458 colligi-

593 1501 698 1557 tur
761 1512 842 1557 ex
899 1495 1196 1572 epistolis
1266 1494 1467 1556 Pauli.
1528 1495 1712 1568 Item,
1774 1494 1856 1556 ad
1901 1496 2135 1555 Roma·

593 1628 715 1672 nos
744 1612 803 1674 8.
837 1612 1016 1673 Nihil
1057 1627 1210 1686 eryo
1240 1628 1408 1673 nuuc
1450 1612 1876 1672 damnationis
1905 1616 1991 1672 est
2032 1613 2135 1684 iis,

593 1729 877 1801 quisunt
922 1728 987 1788 iu
1034 1728 1283 1789 Christo
1330 1729 1507 1799 lesu,
1562 1734 1629 1787 et
1673 1724 1895 1787 subdit
1939 1743 2139 1789 exce-

591 1844 910 1919 ptionem,
976 1845 1092 1919 qui
1132 1859 1257 1905 non
1303 1845 1650 1904 secundum
1697 1859 1962 1905 carnem
2003 1861 2141 1904 am-

591 1959 838 2028 bulant,
874 1966 999 2021 etc.
1043 1958 1228 2021 Unde
1273 1957 1384 2035 qui
1442 1956 1811 2019 secundum
1871 1975 2135 2020 carnem

589 2074 929 2135 ambulant
1006 2073 1160 2134 licet
1215 2070 1395 2150 prius
1455 2069 1698 2134 fuerint
1763 2073 1827 2134 in
1887 2072 2136 2135 Christo

585 2196 745 2256 Jesu
804 2208 925 2270 per
985 2192 1387 2270 Baptismum
1443 2195 1845 2271 regenerati,
1891 2193 2137 2254 habent

591 2309 1108 2371 damnationem.
1171 2310 1356 2381 Item,
1418 2308 1502 2369 ad
1553 2309 1856 2371 Hebraeos
1895 2311 1957 2372 6.
2016 2314 2139 2371 Im-

585 2427 890 2503 possibile
917 2433 1007 2489 est
1039 2441 1145 2487 eos
1175 2428 1292 2503 qui
1329 2426 1528 2486 semel
1569 2426 1934 2508 illuminati
1968 2436 2133 2503 sunt,

593 2547 722 2603 etc.
771 2542 884 2603 ubi
956 2542 1128 2603 clare
1187 2541 1514 2621 colligitur
1581 2540 1942 2605 inefficacia
2013 2546 2133 2607 Ba-

592 2664 810 2740 ptismi
839 2662 925 2725 ad
972 2661 1261 2724 tollenda
1304 2671 1575 2739 peccata
1610 2666 1957 2726 commissa
1987 2669 2138 2742 post

590 2779 1034 2855 Baptisnlum;
1073 2777 1252 2857 quod
1302 2784 1483 2840 recte
1534 2778 1824 2841 definivit
1869 2780 2139 2843 Triden-

594 2897 798 2957 tinum
855 2913 1001 2957 sess.
1047 2897 1109 2957 7.
1173 2897 1252 2958 de
1312 2879 1658 2971 BaptismO,
1705 2910 1846 2958 can.
1928 2896 2020 2959 10.
2082 2901 2139 2958 et

587 3028 733 3074 sess.
786 3013 882 3074 14.
916 3029 1057 3074 can.
1101 3015 1154 3073 l.
1188 3017 1245 3072 et
1287 3014 1348 3075 2.

364 3147 419 3198 6.
667 3130 1114 3193 Fundamenta
1176 3131 1662 3206 haereticorum,
1721 3132 1830 3195 vel
1891 3150 2139 3212 suppo-

240 3208 562 3321 Fundamen-
587 3253 755 3309 nunt
781 3249 989 3309 solam
1019 3247 1219 3309 fidem
1265 3264 1412 3310 esse
1449 3248 1789 3327 justitiam,
1826 3249 1909 3311 ad
1942 3269 2135 3330 quam

268 3332 529 3446 ὴῗῖῗιξζω
593 3368 996 3426 concurrunt
1038 3366 1484 3438 Sacramenta,
1530 3371 1605 3427 ut
1632 3367 1819 3447 signa
1852 3371 2136 3431 excitan-

592 3483 697 3555 tia,
747 3481 852 3544 vel
908 3482 1508 3559 concupiscentiam
1556 3499 1705 3545 esse
1766 3492 2133 3562 peccatum,

590 3614 734 3675 quae
774 3601 1001 3659 manet
1042 3600 1104 3657 in
1150 3600 1419 3671 renatis,
1453 3616 1733 3677 quorum
1779 3606 2135 3680 utrumque

589 3711 824 3774 falsum
870 3718 993 3787 est,
1043 3716 1098 3775 si
1142 3715 1544 3793 intelligatur
1588 3723 1933 3793 peccatum
1988 3736 2135 3797 pro-

588 3829 769 3906 prie3
833 3832 886 3891 si
930 3829 1173 3904 {autem
1245 3830 1394 3903 late,
1432 3835 1761 3909 quatenus
1818 3837 2129 3914 concupi-

275 3990 533 4056 concupi-
587 3945 841 4007 scentia
895 3962 977 4008 ex
1033 3952 1308 4024 peccato
1356 3952 1480 4023 est,
1540 3953 1608 4010 et
1665 3951 1726 4009 in
1785 3959 2133 4027 peccatum

300 4057 514 4168 {ffiffiic't'o
585 4063 878 4135 inclinat,
933 4068 1005 4125 ut
1056 4065 1323 4142 exponit
1376 4065 1830 4129 Tridentinum
1870 4087 2016 4131 sess.
2069 4072 2125 4134 5.

265 4134 495 4231 quicum·
587 4193 816 4239 verum
853 4183 978 4250 est,
1011 4178 1135 4240 sed
1165 4181 1480 4243 monendi
1526 4188 1751 4243 essent
1794 4184 1887 4245 sic
1935 4185 2128 4246 intel-

262 4251 545 4306 peccatum.
585 4291 880 4372 ligendo,
911 4296 986 4353 ut
1024 4294 1516 4356 contentionem
1563 4295 1933 4374 deponant3
1982 4315 2129 4360 sen-

582 4424 722 4470 sum
772 4414 992 4471 tamen
1044 4424 1395 4470 erroneum
1442 4413 1878 4488 praetendunt,
1929 4432 2127 4493 quern

582 4540 713 4585 non
771 4523 1018 4587 faciunt
1060 4540 1164 4597 ea,
1236 4541 1381 4604 quae
1437 4524 1521 4587 de
1595 4532 2126 4605 concupiscentia

582 4639 842 4702 disserit
889 4640 1157 4714 PauluS‚
1218 4642 1325 4703 vel
1361 4638 1443 4702 de
1487 4641 1640 4722 lege
1686 4646 2124 4709 membrorum

580 4757 669 4816 ad
706 4758 1025 4818 Romanos
1055 4772 1198 4832 cap.
1231 4757 1292 4818 6.
1341 4762 1397 4817 et
1443 4756 1502 4817 7.
1550 4763 1622 4819 ut
1670 4761 1826 4823 alias
1869 4762 1935 4823 in
1984 4780 2128 4825 ma-

583 4872 738 4936 teria
794 4870 877 4933 de
926 4875 1214 4950 peccatis
1256 4871 1467 4936 fusius
1524 4873 1883 4938 disseritur.

361 5028 414 5077 7.
661 4989 951 5070 Objicies
1007 4992 1448 5070 Augustinum
1505 4993 1619 5054 lib.
1659 4993 1835 5055 l..de
1890 4997 2128 5071 nuptiis

235 5087 513 5158 ,obtecstffi
579 5110 635 5166 et
690 5107 1227 5181 concupiscentia,
1289 5124 1433 5182 cap.
1508 5108 1607 5169 32.
1669 5107 1783 5168 ubi
1853 5125 2126 5170 servans

575 5220 840 5282 oleastri
871 5226 939 5281 et
968 5221 1127 5283 oleae
1155 5222 1416 5284 insertae
1435 5222 1929 5285 similitudinem
1956 5243 1970 5297 ;
2007 5242 2128 5303 per

572 5339 854 5416 primum
896 5338 1273 5418 intelligens
1319 5344 1689 5417 peccatum,
1730 5357 1849 5418 per
1891 5359 2125 5404 secun·

572 5456 732 5517 dum
767 5455 1091 5535 justitiam
1121 5463 1185 5519 et
1212 5459 1491 5536 gratiam
1527 5476 1541 5518 :
1580 5460 1743 5530 Quia
1771 5466 1906 5520 tam
1948 5477 2127 5539 may·

570 5584 730 5634 uum
763 5578 1103 5647 peccatum
1143 5574 1298 5651 fuit,
1343 5575 1577 5654 inquit,
1612 5576 1726 5637 ubi
1779 5591 2021 5653 maqna
2065 5578 2132 5640 in

1784 403 1929 465 LIB.
1979 403 2078 465 IV.
2111 403 2708 467 SENTEN'I'IARUM

2262 567 2547 628 deterius
2569 566 2751 642 fieret
2798 571 3072 631 mutatio
3111 576 3383 641 naturae,
3429 568 3643 630 solum
3688 588 3802 647 ye-

2262 701 2382 745 nus
2428 685 2789 747 humanum
2842 687 2998 762 fecit
3046 687 3416 760 oleastrum,
3464 695 3534 749 ut
3592 705 3806 766 quem·

2263 801 2620 861 admodum
2673 819 2838 863 nunc
2880 802 2941 862 in
2996 803 3156 878 ipsis
3203 804 3491 864 videmus
3546 804 3806 865 arbori-

2260 917 2400 989 bus,
2441 920 2501 979 si
2546 921 2704 996 quid
2739 922 2886 982 iude
2927 922 2995 982 in
3038 922 3253 981 oleam
3308 925 3529 998 qratia
3584 924 3806 985 divim

2258 1036 2600 1108 convertit,·
2667 1036 2763 1095 ibi
2829 1039 3053 1097 vilium
3117 1039 3353 1113 primae
3429 1041 3802 1111 nativitatis,

2256 1151 2432 1223 quod
2472 1156 2614 1211 erat
2674 1152 2993 1228 oriqiuale
3046 1158 3382 1227 peecatum
3425 1155 3503 1214 de
3547 1154 3809 1216 carnali

2257 1266 2759 1339 concupiscentia
2801 1268 3173 1327 traductum
3241 1273 3298 1327 et
3345 1273 3648 1343 tractum,
3705 1287 3808 1332 re-

2256 1374 2575 1447 mittatur,
2630 1380 2889 1450 teyatur
2944 1382 2999 1438 et
3046 1394 3175 1438 non
3224 1380 3614 1453 imputetur;
3660 1382 3806 1441 inde

2253 1496 2468 1552 tamen
2531 1494 2810 1555 oleaster
2871 1502 3197 1569 nascatur,
3245 1498 3376 1558 nisi
3432 1503 3490 1558 et
3546 1501 3684 1576 ipse
3737 1502 3804 1559 in

2255 1610 2466 1669 oleam
2525 1612 2750 1671 eadem
2806 1615 3030 1689 qratia
3086 1621 3489 1690 renascatur,
3554 1623 3679 1679 etc.
3740 1623 3805 1680 et

2253 1738 2397 1799 cap.
2431 1725 2529 1786 33.
2580 1727 2779 1786 Beata
2806 1728 3024 1802 itaque
3067 1731 3230 1801 olea,
3277 1731 3467 1805 eujus
3523 1732 3805 1792 remissae

2252 1849 2396 1904 sunt
2452 1844 2841 1918 iniquitates,
2894 1851 2950 1906 et
3007 1848 3194 1923 cujus
3250 1852 3413 1909 tecta
3467 1858 3610 1910 sunt
3649 1865 3796 1925 pec-

2253 1963 2434 2028 cata,·
2489 1958 2700 2030 beata,
2759 1959 2869 2019 cui
2913 1976 3036 2019 non
3080 1963 3422 2037 imputavit
3495 1966 3804 2024 Dominus

2246 2079 2605 2146 peccatum,
2679 2076 2789 2146 sed
2853 2074 3025 2137 illud
3063 2081 3407 2139 remissum
3449 2084 3506 2140 et
3568 2085 3804 2140 tectum

2253 2195 2359 2260 est,
2415 2194 2470 2250 et
2527 2207 2654 2251 non
2694 2194 3054 2266 imputatur
3096 2197 3293 2284 donec
3326 2195 3442 2269 flat
3498 2198 3568 2256 in
3622 2201 3802 2256 aeter·

2250 2320 2402 2364 uam
2449 2306 2999 2369 immortalitatem
3022 2310 3223 2385 plena
3272 2315 3564 2389 mutatio,
3612 2313 3801 2374 habet

2251 2427 2385 2484 vim
2434 2430 2790 2500 quamdam
2831 2429 3175 2502 occultam,
3231 2435 3399 2494 unde
3453 2438 3802 2498 seminetur

2251 2554 2521 2600 amarus
2551 2541 2846 2612 oleaster,
2880 2544 3010 2603 nisi
3031 2544 3168 2605 illie
3196 2545 3421 2607 eadem
3463 2551 3580 2609 Dei
3624 2555 3800 2628 ayri-

2252 2656 2513 2718 cultura
2574 2661 2967 2732 remittatur,
3022 2666 3305 2737 teqalur,
3349 2679 3476 2724 non
3520 2664 3794 2740 impute-

2250 2778 2386 2844 tur,
2432 2777 2558 2834 etc.

2331 2880 2830 2962 Quibus‘verbis
2881 2888 3072 2951 docet
3123 2897 3470 2968 peccatum
3529 2895 3800 2973 quidem

2252 3003 2572 3082 originale
2618 3005 2709 3065 ita
2750 3005 3019 3079 remitti,
3051 3015 3125 3067 ut
3159 3012 3439 3087 tegatur,
3493 3026 3628 3073 non
3669 3014 3794 3075 im-

2250 3129 2559 3202 putetur;
2614 3140 2766 3203 ergo
2819 3130 3062 3188 manet.
3109 3127 3362 3191 Deinde
3410 3128 3625 3205 docet,
3670 3147 3800 3210 qua

2251 3243 2506 3304 ratione
2579 3242 2645 3303 id
2704 3242 2836 3317 fiat,
2914 3242 3141 3305 dicens
3218 3252 3798 3326 regenerationem

2253 3377 2395 3439 quae
2462 3375 2637 3420 nunc
2703 3359 2771 3423 fit
2845 3376 2962 3439 per
3026 3363 3381 3438 lavacrum,
3452 3382 3665 3445 usque
3729 3373 3793 3432 in

2248 3475 2448 3538 finem
2520 3485 2750 3540 cuncta
2798 3480 2969 3540 mala
3031 3481 3313 3543 hominis
3384 3498 3670 3562 purgare
3729 3492 3794 3548 et

2248 3609 2522 3663 sanare,
2553 3598 2618 3653 et
2645 3593 2809 3654 infra
2847 3612 2860 3652 z
2893 3597 3002 3656 Sic
3039 3597 3307 3671 inquam
3353 3601 3792 3675 accipiendum

2247 3715 2333 3769 est
2364 3710 2623 3787 (supple
2657 3709 2836 3789 quod
2882 3711 3033 3775 dicit
3072 3715 3424 3790 Apostolus
3468 3716 3552 3777 ad
3588 3719 3785 3794 Ephe-

2246 3827 2369 3886 sios
2410 3826 2470 3886 6.
2533 3823 2616 3885 de
2677 3826 3105 3891 mundatione
3166 3831 3470 3894 Ecclesiae
3530 3850 3650 3911 per
3703 3835 3790 3895 lae

2245 3953 2509 4001 vacrum
2555 3940 2761 4021 aquae)
2807 3950 2871 4003 ul
2927 3946 3144 4004 eodem
3203 3946 3468 4008 lavacro
3526 3965 3788 4026 reqene-

2244 4057 2539 4131 rationis,
2599 4066 2657 4119 el
2698 4060 2890 4120 verbo
2963 4061 3510 4137 sanctificationis,
3569 4069 3787 4128 omnia

2235 4190 2511 4249 prorsus
2589 4173 2769 4235 mala
2846 4176 3180 4235 hominum
3253 4187 3786 4253 reyeneratorum
3815 4200 4136 4260 Baptismnm

3839 4263 4006 4311 facere
4042 4268 4111 4315 nd

2241 4292 2650 4360 mundentur,
2729 4296 2918 4366 atque
2990 4297 3298 4353 sanentur
3370 4313 3494 4355 non
3571 4299 3787 4358 solum
3855 4326 4109 4379 rennssio-

2235 4412 2499 4485 peecata
2555 4423 2695 4483 quae
2753 4412 2971 4469 omnia
3014 4426 3182 4470 nune
3236 4414 3653 4474 remittuntur
3715 4419 3781 4476 in
3809 4402 4139 4518 pe'effiffinm

2239 4524 2592 4598 BaptismO,
2658 4524 2770 4584 sed
2822 4525 3013 4584 etiam
3089 4541 3228 4600 quae
3284 4527 3612 4601 posterius
3672 4518 4140 4590 hu,seq='1entium

2239 4648 2437 4698 mana
2496 4639 2886 4715 iquorantia,
2946 4639 3046 4700 vel
3089 4640 3465 4714 infirmitate
3520 4649 3779 4705 contra-

2239 4757 2501 4828 huntur,
2535 4770 2660 4814 uon
2709 4761 2775 4814 ut
2809 4756 3139 4831 Baptisma
3179 4760 3422 4833 quoties
3477 4769 3788 4833 peccatur

2237 4872 2418 4932 toties
2460 4874 2811 4945 repetatur,
2843 4873 2956 4932 sed
2980 4874 3136 4948 quia
3182 4874 3317 4946 ipso
3368 4876 3542 4950 quod
3590 4878 3787 4938 semel

2241 4989 2457 5060 datur,
2499 4988 2571 5063 stt
2602 4995 2666 5047 ut
2698 5003 2823 5047 nou
2851 4987 3060 5049 solu-m
3090 4993 3305 5060 antea,
3336 5007 3563 5051 verum
3592 4994 3788 5054 etiam

2234 5112 2451 5181 postea
2505 5107 2939 5181 quorumlibet
3001 5112 3420 5182 peecatorum
3474 5112 3662 5172 venia
3714 5112 3789 5186 fl-

2239 5222 2489 5285 delibus
2534 5224 2932 5297 impetretur.
2986 5227 3152 5294 Quid
3205 5226 3373 5284 enim
3435 5230 3788 5301 prodesset,

2241 5340 2335 5401 vel
2375 5345 2519 5399 ante
2562 5341 2962 5413 Baptismum
2999 5343 3398 5417 poenitentia,
3474 5343 3599 5404 nisi
3656 5346 3788 5403 Ba-

2239 5456 2508 5533 ptismus
2533 5463 2926 5532 sequeretur,
2972 5457 3072 5517 vel
3094 5463 3341 5533 postea,
3396 5460 3523 5522 nisi
3557 5476 3787 5534 praece·

2243 5584 2471 5645 deret?
2528 5588 2655 5645 etc.
2702 5585 2872 5664 Ergo
2932 5583 3299 5663 Baptismus
3371 5586 3569 5648 etiam
3639 5584 3794 5649 facit
