4287 6313
236 1879 478 1957 Secubda

215 1967 454 2035 probatio
466 2009 478 2021 .

281 2455 429 2506 Nihil

251 2521 464 2569 obstare

292 2581 425 2646 quin

211 2645 492 2694 restaurari

243 2770 254 2780 .
269 2714 443 2779 1³⁰⁵!st

235 2777 463 2835 justina.

223 4316 488 4378 Instantis,

261 4384 309 4426 el.
344 4380 454 4443 ejus

260 4440 459 4493 solutio.

1738 395 1916 458 Dls'r
1971 396 2016 457 1.
2053 394 2414 469 QUAES'l'lO
2447 396 2552 459 w.

550 566 848 642 respectu
905 553 1114 642 ipsius
1156 554 1437 643 justitiae
1487 555 1590 622 vel
1635 554 1899 641 gratiae3
1938 575 2095 642 ergo

549 693 758 761 neque
810 672 1429 758 inseparabilitatem
1509 673 1650 759 ejus
1734 694 1769 741 a
1855 673 2091 760 gratia,

545 789 703 876 quin
749 788 1025 855 seorsim
1091 788 1236 855 sine
1293 788 1430 875 ipsa
1479 789 1709 875 possit,
1754 789 2097 877 supposito

544 906 738 972 etiam
784 920 1070 992 peccato,
1118 908 1272 993 poni
1335 908 1400 973 in
1467 929 1623 988 esse,
1687 907 1769 974 de
1811 908 2095 996 potentia

543 1022 863 1089 absoluta.
924 1023 1046 1089 Sed
1084 1024 1403 1091 rectitudo
1458 1024 1796 1103 naturaliS,
1851 1024 2088 1113 inquit,

542 1138 598 1204 si
653 1159 781 1205 non
850 1140 1302 1226 praecessisset
1368 1162 1561 1208 suum
1611 1141 1984 1228 oppositum
2028 1139 2090 1205 in

541 1256 863 1344 subject0,
907 1268 1125 1342 posset
1182 1277 1218 1322 a
1256 1257 1467 1342 gratia
1507 1257 1798 1343 separari
1844 1277 1958 1344 per
2004 1269 2090 1337 te,

544 1371 607 1436 id
649 1384 772 1452 est,
809 1373 920 1460 qui
972 1373 1269 1460 sequeris
1310 1373 1703 1440 sententiam
1750 1371 2088 1456 Magistri;

541 1507 700 1573 ergo
777 1488 972 1553 etiam
1051 1499 1198 1574 post
1267 1499 1633 1575 peccatum.
1709 1489 1862 1552 Haec
1931 1486 2094 1552 ratio

544 1601 696 1668 facit
751 1602 946 1668 etiam
1044 1600 1120 1668 ad
1208 1601 1694 1668 conclusionem
1764 1601 2093 1687 principa-

545 1714 696 1780 lem.

635 1830 927 1895 Secunda
964 1829 1128 1896 ratio
1187 1840 1308 1908 est,
1357 1829 1507 1916 quia
1551 1833 1719 1895 Deus
1760 1828 1930 1893 sicut
1986 1850 2095 1916 po-

545 1950 669 2016 tuit
706 1968 926 2015 creare
974 1947 1304 2016 hominem
1365 1948 1723 2014 secundum
1771 1945 2093 2036 justitiam

547 2057 930 2144 originalem
1000 2057 1144 2123 sine
1209 2057 1441 2144 gratia,
1496 2069 1706 2142 potest
1763 2056 1954 2122 etiam
2017 2055 2096 2121 de

551 2174 835 2262 potentia
904 2172 1198 2239 absoluta
1259 2172 1560 2239 eumdem
1622 2184 1989 2238 restaurare
2029 2171 2092 2236 in

543 2290 797 2378 justitia
830 2289 1159 2377 originali,
1205 2290 1356 2377 quia
1398 2311 1525 2354 non
1557 2289 1775 2356 deficit
1809 2288 2094 2376 potentia

550 2428 630 2473 ex
675 2417 855 2494 parte
896 2407 1031 2484 Dei,
1071 2426 1283 2492 neque
1322 2405 1719 2491 possibilitas
1769 2426 1846 2471 ex
1916 2416 2094 2491 parte

560 2523 809 2601 sormae‚
848 2542 1059 2609 neque
1123 2521 1446 2609 capacitas
1481 2520 1543 2586 in
1587 2533 1816 2586 natura
1848 2519 2095 2586 tollitur

554 2661 667 2725 per
697 2651 1031 2726 peccatum
1098 2638 1177 2703 ad
1225 2638 1517 2703 eamdem
1567 2636 1866 2715 formam,
1903 2636 2091 2723 cujus

550 2755 727 2844 prius
768 2754 886 2820 fuit
924 2774 1127 2840 capax
1176 2765 1324 2818 ante
1355 2764 1713 2840 peccatum,
1751 2752 1903 2839 quia
1946 2772 2113 2838 pec-⁷

545 2885 759 2939 catum
802 2892 931 2936 non
974 2870 1126 2936 facit
1173 2880 1471 2936 naturam
1505 2890 1649 2935 esse
1714 2868 1936 2948 aliam,
1978 2888 2089 2935 ne-

545 3013 675 3078 que
706 2989 977 3076 proinde
1010 2987 1177 3054 tollit
1205 2989 1350 3074 eJus
1372 2986 1823 3073 capacitatem.
1871 2989 2092 3073 Agens

540 3119 761 3177 autem
794 3107 1091 3176 divinum
1154 3116 1366 3194 potest
1413 3103 1791 3190 imprimere
1842 3114 2092 3171 naturae

538 3250 803 3295 omnem
871 3227 1147 3293 formam
1178 3223 1566 3302 absolutam,
1620 3223 1808 3309 cujus
1848 3234 1946 3288 est
1990 3244 2091 3289 ea-

536 3367 665 3433 pax
714 3346 857 3412 sine
880 3342 1059 3409 omni
1092 3363 1169 3408 eo
1225 3340 1394 3429 quod
1430 3361 1556 3407 non
1589 3350 1688 3406 est
1733 3338 1811 3407 de
1844 3339 2094 3407 ratione

535 3464 767 3530 sormae
799 3461 1163 3547 impressae.
1201 3457 1485 3524 maxime
1533 3457 1589 3524 si
1637 3456 1724 3522 sit
1767 3456 2093 3542 posterius

538 3584 708 3671 ipsa,
733 3582 881 3651 talis
920 3595 1020 3647 est
1050 3580 1259 3668 gratia
1290 3593 1586 3666 respectu
1635 3578 1913 3665 justitiae
1962 3578 2088 3643 ori·

537 3700 804 3789 ginaliS,
860 3718 1092 3784 nempe
1150 3696 1217 3761 in
1290 3694 1612 3761 sententia
1672 3696 1965 3783 Magistri
2027 3708 2094 3762 et

541 3815 873 3896 Richardi,
954 3814 1064 3901 qui
1123 3814 1416 3880 sentiunt
1478 3812 1811 3878 hominem
1894 3814 2096 3880 fuisse

540 3940 832 3997 creatum
868 3948 996 3994 non
1040 3929 1101 3993 in
1141 3928 1373 4016 gratia,
1416 3928 1526 3995 sed
1564 3928 1626 3993 in
1679 3928 1813 3995 sola
1839 3928 2092 4015 justitia

542 4044 876 4133 originali,
923 4044 1224 4131 quamvis
1255 4054 1475 4130 postea
1527 4044 1584 4110 ei
1644 4044 1837 4111 fuerit
1866 4043 2095 4111 collata

546 4162 761 4248 gratia
800 4183 913 4249 per
951 4161 1156 4247 ipsos,
1794 4240 1798 4245 .

644 4278 919 4367 Subjicit
1002 4277 1374 4345 instantiam
1454 4288 1677 4344 contra
1752 4280 2088 4366 majorem,

549 4415 745 4482 quam
778 4414 929 4460 mox
962 4393 1183 4474 solvit,
1222 4394 1284 4459 in
1328 4394 1542 4461 littera
1582 4405 1681 4460 est
1726 4395 1937 4483 plana,
1986 4415 2096 4460 ex·

550 4511 801 4598 plicans
831 4530 1033 4598 quare
1064 4509 1288 4597 nequit
1329 4510 1496 4589 lieri,
1562 4510 1720 4598 quin
1804 4509 2094 4597 praeteri-

548 4641 689 4693 tum
750 4627 836 4693 sit
874 4624 1302 4712 praeteritum,
1384 4624 1695 4710 optimam
1774 4625 2092 4693 rationem

547 4767 584 4812 a
607 4744 806 4831 priori
835 4741 1215 4830 subjiciens,
1245 4742 1431 4820 Item,
1457 4740 1611 4827 quid
1637 4742 1721 4806 sit
1751 4741 2095 4828 virginitas

545 4875 612 4928 et
656 4881 781 4947 qua
830 4858 1080 4925 ratione
1121 4857 1327 4944 possit
1358 4856 1708 4923 restaurari
1760 4877 1793 4922 a
1828 4860 1981 4938 Deo,
2034 4871 2098 4924 et

547 4977 603 5044 si
649 4985 1129 5042 restauraretur
1169 4993 1297 5037 non
1337 4971 1556 5038 deberi
1590 4971 1715 5058 ipsi
1738 4971 2090 5050 aureolam,

546 5114 698 5180 quae
730 5102 826 5158 est
881 5089 1195 5177 gaudium
1246 5087 1326 5155 dc
1385 5088 1753 5154 innocentia
1819 5109 1945 5153 non
2004 5100 2095 5154 te·

547 5220 818 5285 merata,
864 5218 973 5271 aut
1014 5204 1251 5270 violata
1295 5216 1358 5269 et
1403 5203 1665 5270 amissa.
1722 5206 1907 5283 Item,
1971 5224 2098 5290 qua

544 5325 798 5392 ratione
840 5321 1046 5410 possit
1076 5318 1388 5408 gaudium
1429 5340 1576 5386 esse
1614 5319 1693 5386 de
1749 5319 2096 5406 negatione

542 5441 926 5510 excludente
976 5437 1565 5524 imperfectionem,
1648 5458 1763 5503 seu
1817 5436 2096 5503 affirma-

530 5561 793 5655 -tionem
862 5554 1148 5651 odibilis,

3647 396 3763 459 ‘213

2299 555 2517 642 Aliqui
2558 555 2763 623 citant
2809 559 3174 637 Doctorem,
3219 557 3404 645 quasi
3447 557 3644 625 fuerit
3691 559 3756 625 in
3906 587 3990 640 27.

2209 672 2436 738 eadem
2515 674 2839 741 sententia
2918 695 3069 741 cum
3140 675 3481 762 MagistrO,
3530 696 3756 763 quam·
3820 649 4077 775 ῗῗὲξζῖξέζῗ

2209 788 2430 875 plures
2469 789 2577 855 alii
2614 801 2857 869 tenent,
2905 802 3134 879 estque
3183 791 3564 878 probabiliS,
3614 792 3745 858 fun·
3784 780 4093 902 cygssitzfsshs.

2209 905 2585 973 damentum
2639 908 2834 975 habet
2873 909 2936 974 in
2971 910 3295 995 Cypriano
3325 911 3608 995 epistola
3642 912 3749 976 74.

2209 1001 2319 1087 ubi
2362 1021 2672 1109 intelligit
2702 1024 2857 1091 illud
2892 1026 3202 1091 Genesis:
3248 1037 3308 1091 ec
3348 1027 3641 1112 spiravit
3682 1027 3756 1092 in

2207 1140 2468 1222 faciem
2507 1143 2650 1226 ejus
2676 1143 3088 1227 spiraculum
3118 1144 3291 1221 vitoe,
3331 1153 3455 1209 etc.
3492 1142 3572 1208 de
3600 1162 3754 1228 gra·

2209 1254 2295 1321 tia
2363 1255 2839 1338 sanctificante,
2917 1278 3217 1325 asserens
3283 1259 3465 1345 prius
3549 1258 3754 1327 fuisse

2207 1383 2497 1438 creatum
2534 1373 2818 1458 primum
2860 1373 3220 1455 hominem,
3267 1396 3462 1463 quam
3505 1375 3754 1462 accipe-

2209 1499 2304 1553 ret
2333 1488 2636 1575 spiritum
2679 1476 2868 1567 vitae3
2906 1503 2969 1554 et
3011 1489 3073 1553 in
3117 1489 3486 1576 Augustino
3521 1494 3626 1557 13.
3672 1491 3752 1557 dc

2214 1604 2414 1668 Civic.
2473 1625 2617 1689 cap.
2691 1607 2798 1669 24.
2881 1603 3259 1690 intelligens
3318 1604 3500 1691 prius
3550 1604 3756 1671 fuisse

2208 1730 2495 1785 creatum
2529 1719 2812 1806 primum
2847 1719 3203 1796 hominem,
3259 1731 3321 1787 et
3382 1741 3496 1807 per
3549 1722 3756 1806 spira·

2207 1834 2426 1901 culum
2464 1835 2618 1901 vitae
2676 1834 2952 1922 intelligi
3005 1835 3289 1901 animam
3343 1835 3750 1915 rationalem,

2209 1951 2380 2039 quod
2412 1950 2754 2017 confirmat
2786 1951 3008 2017 verbis
3043 1952 3220 2017 Pauli
3261 1957 3316 2031 1,
3348 1952 3424 2017 ad
3459 1952 3752 2020 Corinth.

2211 2072 2315 2135 15.
2347 2067 2580 2133 Factus
2612 2078 2703 2133 ese
2729 2068 2993 2154 primas
3022 2069 3213 2133 homo
3257 2068 3472 2134 Adam
3498 2069 3572 2133 in
3604 2070 3759 2133 ani-

2209 2203 2384 2247 mam
2428 2184 2770 2261 viventem,
2817 2183 3215 2247 novissimus
3254 2182 3470 2249 Adam
3516 2184 3588 2248 in
3626 2185 3773 2269 spi-'

2207 2300 2409 2364 ritum
2479 2299 2949 2381 vivificantem,
3011 2298 3127 2364 sed
3160 2318 3296 2363 non
3339 2300 3536 2384 prius
3583 2300 3758 2385 quod

2204 2416 2512 2502 spiritale
2549 2426 2662 2494 est,
2700 2437 2893 2501 qaam
2938 2414 3113 2501 quod
3151 2416 3468 2492 animale,
3515 2426 3638 2482 etc,
3694 2430 3758 2482 et

2209 2531 2320 2597 lib.
2360 2533 2420 2596 Ξ.
2470 2531 2552 2597 dc
2594 2531 2830 2596 Genesi
2872 2530 2950 2596 ad
3002 2530 3281 2596 litteram
3343 2541 3587 2598 contra·
3620 2536 3747 2598 Ma-

2208 2647 2522 2732 nichaeOS,
2558 2668 2706 2734 cap.
2752 2652 2822 2714 8.
2877 2668 3160 2735 sequens
3210 2647 3502 2715 eamdem
3537 2648 3745 2715 inter·

2205 2765 2630 2850 pretationem
2669 2787 2682 2829 ε
2721 2765 3027 2831 Nondum
3062 2777 3300 2846 tamen,
3345 2765 3578 2854 inquit,
3612 2768 3750 2853 spi-

2203 2884 2518 2949 ritualem
2568 2883 2898 2947 hominem
2973 2882 3277 2948 debemus
3339 2885 3741 2970 inlellv'qere,

2205 3003 2319 3088 qai
2338 3003 2556 3085 sactus
2585 3012 2677 3073 esc
2707 3002 2780 3066 in
2800 3002 3094 3066 animam
3120 3003 3470 3081 viventem,
3498 3002 3615 3067 sed
3636 3001 3752 3067 ad-

2207 3120 2333 3186 lmc
2367 3120 2762 3199 animalem,·
2795 3129 2950 3185 tanc
2979 3120 3158 3185 enim
3176 3119 3561 3206 spiritualis
3596 3122 3754 3206 effe-

2203 3247 2344 3303 ctus
2373 3249 2488 3318 est,
2526 3258 2672 3302 cum
2693 3239 2766 3302 in
2794 3236 3150 3317 Paradim,
3179 3238 3300 3302 hoc
3325 3247 3438 3316 est,
3472 3239 3545 3301 in
3567 3236 3755 3302 beata

2201 3357 2339 3420 vita
2379 3356 2792 3432 constituta&
2831 3355 3243 3440 principiam
3285 3356 3489 3420 eciam
3516 3355 3752 3439 perfe-

2203 3472 2442 3538 ctionis
2472 3472 2743 3555 accepit,
2810 3481 2882 3536 ut
2925 3470 3115 3536 verbo
3159 3471 3281 3534 Dei
3335 3491 3752 3536 consumma-

2199 3600 2408 3666 retur,
2455 3600 2579 3653 etc.
2619 3589 2695 3651 Et
2738 3585 2850 3653 lib.
2904 3589 3008 3651 11.
3054 3586 3137 3651 de
3192 3587 3376 3651 civit.
3438 3607 3584 3671 cap.
3644 3591 3749 3652 13.

2202 3704 2359 3769 dicit
2412 3704 2664 3790 Justum
2722 3702 3038 3769 viatorem
3093 3714 3238 3788 post
3293 3702 3548 3788 lapsum
3607 3698 3756 3769 esse

2202 3818 2560 3886 beatiorem
2603 3817 2870 3896 Adam0,
2921 3827 3238 3904 quantum
3287 3819 3364 3884 ad
3416 3839 3599 3905 spem
3650 3819 3756 3886 vi-

2205 3945 2291 4000 tae
2329 3945 2619 4012 aeternae,
2666 3932 2837 4019 quod
2882 3952 3010 3997 non
3043 3943 3218 3998 esset
3259 3954 3514 4014 verum,
3559 3934 3612 3999 si
3673 3938 3754 4000 A·

2205 4049 2352 4116 dam
2392 4046 2729 4114 habuisset
2788 4045 2956 4113 dona
3022 4047 3609 4133 supernaturaliter
3668 4049 3753 4114 si·

2208 4163 2342 4230 mul
2361 4184 2510 4230 cum
2533 4161 2788 4248 justitia
2819 4161 3146 4249 originali.

2294 4278 2566 4345 Videtur
2612 4278 2807 4345 etiam
2849 4290 3004 4344 tunc
3051 4291 3490 4365 congruenter
3548 4278 3753 4345 fuisse

2207 4395 2692 4463 distinctionem
2726 4394 2894 4460 inter
2931 4415 3126 4478 opera
3153 4405 3424 4470 naturae,
3461 4407 3524 4460 et
3557 4415 3749 4480 opera
3781 4367 4074 4493 Conggien-

2207 4509 2476 4598 gratiae3
2514 4519 2577 4575 et
2607 4509 2775 4575 sicut
2809 4507 2888 4574 de
2938 4507 3104 4573 facto
3153 4506 3414 4574 adultus
3466 4528 3594 4574 non
3646 4509 3752 4595 ju·
3890 4492 3980 4543 ὼ·

2207 4623 2529 4691 stificatur
2585 4623 2729 4689 sine
2823 4624 3081 4709 propria
3144 4623 3591 4708 dispositione,
3670 4624 3755 4690 ita

2209 4740 2433 4818 Adam,
2489 4737 2600 4825 qui
2658 4748 2913 4804 creatus
2962 4749 3062 4804 est
3109 4759 3256 4804 cum
3310 4738 3498 4825 plena
3555 4739 3753 4807 liber-

2208 4868 2363 4937 tate,
2408 4866 2470 4922 et
2504 4854 2768 4922 relictus
2806 4856 2868 4920 in
2918 4876 3111 4922 manu
3163 4856 3419 4922 consilii
3471 4857 3598 4938 sui,
3660 4858 3754 4924 vi-

2207 4971 2398 5039 detur
2444 4971 2587 5038 sine
2632 4970 2887 5057 propria
2929 4971 3362 5057 dispositione
3414 4993 3541 5038 non
3583 4995 3757 5040 rece-

2209 5087 2384 5175 pisse
2423 5087 2729 5174 gratiam,
2777 5098 2846 5151 ut
2878 5090 3110 5152 Doctor
3142 5086 3206 5151 in
3249 5085 3447 5152 simili
3489 5088 3646 5154 dicit
3677 5089 3755 5156 de
3847 5143 3902 5192 ln
3942 5159 4041 5208 quo

2208 5203 2606 5290 Angelorum
2672 5223 2875 5283 mora,
2950 5214 3017 5269 ut
3080 5205 3143 5269 in
3198 5203 3408 5290 primo
3486 5205 3749 5272 instanti
3783 5205 4104 5318 Blfficfffiati

2208 5320 2453 5386 fuerint
2494 5317 2691 5385 creati
2745 5319 2808 5383 in
2859 5320 3301 5399 naturalibus;
3350 5320 3412 5386 in
3466 5321 3752 5387 secundo
3923 5309 3951 5332 ξ’
4033 5307 4044 5319 ’

2207 5433 2435 5501 collata
2477 5434 2670 5501 fuerit
2708 5434 2959 5522 gratia;
2998 5433 3064 5501 in
3105 5437 3295 5502 tertio
3327 5457 3483 5503 vero
3515 5436 3581 5502 hi
3617 5458 3749 5502 me-

2193 5550 2482 5632 ruerint,
2538 5551 2628 5617 illi
2679 5550 2978 5622 demeriti
3012 5551 3177 5634 sint3
3244 5551 3308 5618 in
3366 5564 3596 5644 quarto
3650 5552 3749 5642 fu-

3826 1566 4066 1631 Augusti-

3895 1644 4013 1681 nus.
