4287 6313
519 438 635 509 100

608 612 917 692 Quarto
981 610 1120 690 sic,
1209 611 1448 684 unius
1543 610 1661 684 rei
1735 613 2058 682 tantum

516 734 641 804 est
704 750 863 802 una
919 728 1277 803 definitio
1348 729 1725 822 propria;
1776 734 2058 803 Sacra-

518 848 767 921 menti
811 852 1082 921 autem
1125 846 1658 938 assignantur
1717 846 1897 918 aliae
1938 845 2058 917 de·

517 965 949 1047 finitiones,
998 967 1221 1058 patet
1268 985 1409 1057 per
1452 964 1944 1055 Magistrum
1980 961 2060 1032 in

517 1084 825 1164 littera,
895 1088 977 1157 et
1039 1084 1488 1172 Hugonem,
1526 1086 1605 1154 et
1671 1099 1812 1172 per
1868 1078 2061 1151 illud

518 1200 951 1293 Augustini
1013 1203 1120 1273 10.
1165 1200 1257 1271 de
1292 1198 1530 1272 Civit.
1577 1219 1642 1270 0.
1689 1200 1754 1270 5.
1806 1200 2057 1264 Sacra-

519 1331 809 1386 mentum
847 1328 939 1385 est
977 1339 1185 1383 sacroe
1241 1318 1343 1383 rei
1397 1318 1688 1403 siqnum.

612 1435 942 1512 Contra,
1017 1429 1421 1520 Magister
1497 1429 1576 1501 in
1639 1427 1922 1501 littera
1980 1430 2058 1498 et

519 1551 610 1623 de
685 1549 1320 1626 Consecratione
1405 1551 1565 1618 disc.
1625 1550 1693 1619 2.
1773 1548 2061 1631 Sacrifi-

517 1691 717 1736 ctum.

169 636 386 700 Argum.
426 632 480 686 4.

260 1420 410 1487 Ratio

227 1486 440 1546 opposit.

1078 1903 1161 1960 SC
1172 1902 1496 1961 HOLIUM.

579 2130 757 2186 Ponit
809 2131 1089 2201 quinque
1135 2128 1541 2196 conditionem,
1587 2133 1651 2185 ut
1696 2126 1940 2200 aliquid
1980 2128 2062 2183 sit

506 2241 658 2283 vere
690 2225 1032 2284 definibile.
1068 2226 1279 2282 Prima
1305 2225 1470 2297 quod
1501 2227 1582 2282 sit
1609 2240 1741 2282 enS.
1778 2224 2063 2281 Secunda

510 2326 672 2400 quod
696 2341 912 2383 unum.
945 2327 1174 2394 Tertia,
1207 2325 1369 2397 quod
1392 2326 1586 2383 reale.
1611 2328 1864 2396 Quarta,
1897 2323 2062 2397 quod

511 2441 633 2483 non
673 2426 1046 2497 simpliciter
1093 2426 1382 2496 simplex.
1434 2425 1683 2492 Quinta,
1716 2423 1880 2496 quod
1919 2425 2063 2480 uni-

512 2524 784 2582 versale.

607 2731 758 2803 Hic
810 2730 1075 2823 primo
1116 2730 1537 2803 videndum
1604 2731 1883 2821 (b)est,
1941 2752 2065 2804 cu-

510 2846 646 2940 jus
690 2847 950 2940 possit
1017 2867 1193 2917 esse
1262 2845 1644 2927 definitio,
1690 2852 1768 2917 et
1829 2846 2062 2936 cujus

515 2981 699 3036 non.
749 2962 1108 3035 Secundo
1186 2983 1284 3033 ex
1382 2960 1555 3043 hoc,
1651 2961 1720 3032 si
1781 2963 2063 3033 Sacra-

516 3079 763 3152 menti
803 3078 1058 3172 possit
1108 3098 1287 3151 esse
1337 3077 1611 3171 aliqua
1671 3077 2056 3151 definitiO.

507 3195 784 3270 Tertio
838 3197 906 3269 si
979 3195 1171 3275 haec.
1261 3195 1354 3267 de
1422 3216 1577 3287 qua
1621 3196 2052 3287 quaeritur.

505 3318 913 3396 Quantum
981 3312 1076 3383 ad
1143 3312 1528 3404 primum,
1601 3312 2043 3384 notandum

504 3432 653 3509 est,
719 3427 925 3518 quod
985 3431 1558 3517 quuscumque
1636 3425 1803 3497 sive
1845 3425 2058 3499 entis

510 3543 678 3616 sive
729 3563 888 3614 non
930 3544 1166 3622 entis,
1207 3543 1425 3634 quod.
1476 3547 1740 3636 potest
1793 3542 2059 3614 conci-

514 3662 592 3753 pi
626 3663 702 3734 et
738 3660 1215 3753 significari,
1266 3665 1531 3754 potest
1564 3681 1741 3732 esse
1783 3659 2057 3751 aliqua

518 3777 733 3852 ratio
776 3777 1152 3858 nominis,
1220 3798 1395 3868 quae
1437 3776 1748 3849 scilicet
1813 3776 2063 3868 expli-

516 3898 645 3967 cet
675 3893 1056 3985 explicite
1087 3895 1164 3965 et
1199 3892 1575 3965 distincte
1603 3892 1818 3974 illud,
1859 3893 2061 3984 quod

515 4030 805 4082 nomen
855 4010 1254 4101 importat
1301 4009 1694 4101 implicite
1744 4013 1823 4081 et
1884 4029 2063 4080 con-

512 4125 713 4197 fuse.
757 4128 854 4198 Et
901 4124 1275 4217 quaelibet
1311 4124 1525 4198 ratio
1564 4124 1750 4198 talis
1788 4125 2053 4216 potest

511 4242 665 4316 dici
727 4241 1111 4324 definitio,
1203 4242 1695 4315 extendendo
1766 4262 2059 4313 nomen

510 4359 1048 4441 definitionis3
1117 4358 1249 4431 sed
1318 4362 1626 4443 definitio
1723 4359 2056 4451 proprie

512 4477 730 4551 diota
782 4496 939 4548 non
989 4488 1081 4544 est
1140 4474 1296 4547 nisi
1356 4479 1575 4542 oratio
1642 4499 1866 4543 verum
1922 4499 2055 4543 csse

513 4597 928 4682 siqnificans,
997 4591 1427 4664 secundum
1476 4589 2056 4683 Philosophum

518 4712 587 4780 1.
670 4711 889 4798 Topic.
944 4711 1025 4780 et
1066 4707 1240 4779 ideo
1283 4726 1443 4778 non
1482 4711 1606 4779 est
1669 4727 2061 4799 quaecum·

518 4846 669 4918 que
732 4822 945 4896 ratio
988 4821 1365 4903 nominis,
1432 4823 1563 4892 sed
1609 4824 1848 4903 ratio,
1916 4842 2060 4914 per

518 4961 760 5034 quam
835 4939 1213 5014 distincte
1310 4939 1717 5012 indicatur
1766 4959 2054 5011 verum

515 5060 678 5148 qnid
721 5057 861 5129 rei.
901 5057 1080 5128 Non
1113 5060 1239 5129 est
1290 5074 1489 5147 ergo
1535 5056 1866 5148 proprie
1901 5076 2059 5126 non

212 5201 454 5250 Definiuo
517 5173 774 5255 entis;
827 5178 903 5246 et
957 5173 1132 5254 hoo,
1197 5173 1366 5245 sive
1397 5197 1533 5242 non
1591 5197 1706 5242 ens
1763 5171 2058 5264 accipi-

219 5278 439 5376 q⁰,{',{²,¹¹¹¹
514 5294 705 5364 atur
741 5290 1072 5382 proprie
1108 5309 1257 5382 pro
1300 5287 1812 5380 impossibili,
1853 5287 2057 5379 quod

512 5406 847 5480 includit
887 5404 1644 5488 contradictionem,
1692 5403 1860 5476 sive
1907 5424 2055 5497 pro

515 5545 718 5618 pura
819 5523 1252 5614 negatione
1339 5520 1463 5592 vel
1562 5521 2046 5612 privatione,

515 5642 704 5736 quia
772 5662 930 5714 non
999 5662 1140 5713 ens
1208 5658 1368 5711 non
1428 5639 1665 5712 habet
1717 5642 1878 5728 quid
1918 5653 2038 5709 est.

217 3840 455 3892 Desinilio

213 3905 332 3969 quid
354 3906 441 3955 sit.

223 4677 348 4744 Cap.
377 4678 424 4727 4.

1664 445 1808 511 121ss.
1857 442 1952 509 lv,
2003 444 2602 512 SENTENTIARUM

2174 615 2338 686 Nec
2378 618 2504 687 est
2565 614 2780 687 ratio
2822 613 3024 707 ejus,
3109 616 3309 708 quod
3361 635 3521 687 non
3588 619 3710 688 est

2176 747 2320 819 per
2354 752 2437 801 se
2479 750 2752 812 unum,
2800 734 2887 803 ut
2924 733 3143 823 patet
3175 753 3272 804 ex
3312 736 3377 805 7.
3423 734 3713 821 Metaplz.
3748 718 4068 843 Tessghffisst

2172 871 2228 917 c.
2272 849 2344 918 3.
2415 850 2500 919 ut
2570 852 2966 939 argutum
3038 853 3405 924 estante
3478 870 3715 942 oppo-
3775 843 4043 958 22522‘11231}

2175 963 2451 1036 situm.
2500 964 2880 1056 Intelligo
2916 970 3190 1039 autem
3224 991 3343 1053 per
3386 991 3456 1035 se
3485 990 3710 1048 unum,
3750 970 3876 1081 Meli
3903 976 3939 1019 t·
3987 971 4064 1055 ¹5·

2176 1080 2490 1155 scilicet
2542 1083 2744 1175 quod
2785 1087 2909 1156 est
2940 1082 3312 1175 simplex,
3348 1083 3473 1155 vel
3508 1101 3720 1156 com·
3749 1034 4067 1145 Ωυιῖιιυιριιῗτξε

2177 1197 2559 1289 positum,
2617 1200 2823 1291 quod
2864 1204 2986 1273 est
3036 1222 3136 1273 ex
3187 1222 3335 1294 per
3383 1223 3467 1275 se
3500 1206 3715 1284 actu,

2172 1318 2252 1388 et
2297 1334 2439 1408 per
2471 1338 2555 1388 se
2598 1317 2985 1408 potentia.
3051 1321 3214 1390 Nec
3251 1319 3410 1394 ista
3449 1317 3720 1391 unitas

2174 1428 2530 1523 impedit,
2607 1436 2814 1524 quod
2881 1435 3295 1509 definitum
3365 1435 3720 1509 includat

2175 1546 2475 1639 aliquid
2571 1553 2959 1640 tanquam
3049 1551 3493 1624 terminum
3574 1570 3725 1643 per

2178 1683 2263 1733 se
2348 1663 2914 1755 dependentiae‚
2996 1670 3085 1740 ut
3152 1667 3521 1741 accidens
3609 1667 3729 1740 in-

2176 1778 2425 1853 cludit
2468 1780 2947 1873 subjectum,
2991 1783 3119 1855 vel
3173 1783 3382 1855 sicut
3427 1782 3725 1876 aliquid

2176 1897 2383 1987 quod
2470 1896 2711 1969 simul
2798 1901 2921 1970 est
3023 1918 3298 1972 secum
3397 1905 3721 1984 natura,

2173 2016 2264 2085 ut
2345 2013 2778 2087 relativum
2875 2014 3208 2089 includit
3297 2017 3721 2090 correlati-

2176 2148 2392 2208 vum‚
2467 2129 2601 2202 sed
2654 2130 3029 2223 prohibet
3101 2134 3305 2224 quod
3355 2133 3555 2206 nihil
3616 2133 3726 2205 in-

2177 2244 2550 2319 cludatur
2656 2252 3044 2339 tanquam
3133 2270 3277 2342 per
3364 2272 3448 2322 se
3536 2270 3769 2343 pars*

2180 2360 2259 2433 in
2337 2362 2536 2454 ipSO,
2602 2365 2804 2454 quod
2875 2383 3036 2437 non
3124 2388 3207 2439 se
3265 2364 3557 2441 habeat
3632 2368 3727 2440 ad

2178 2475 2392 2548 aliud
2456 2477 2536 2549 in
2577 2480 2878 2562 eodem,
2925 2481 3139 2555 sicut
3176 2503 3320 2575 per
3362 2503 3446 2556 se
3498 2486 3729 2557 actus

2179 2594 2274 2666 ad
2309 2613 2453 2686 per
2494 2615 2578 2695 sve
2619 2596 3092 2686 potentiam,
3128 2598 3251 2671 vel
3297 2620 3484 2691 pars
3517 2600 3730 2691 ejus-

2178 2710 2354 2781 dem
2396 2715 2653 2794 actus,
2704 2713 2831 2786 vel
2890 2714 3244 2807 ejusdem
3318 2716 3725 2808 potentiae,

2178 2825 2273 2897 ad
2318 2825 2564 2900 aliam
2613 2832 2958 2920 partem.

2293 2945 2457 3017 Nec
2518 2953 2642 3020 est
2713 2948 2963 3022 tertio
3049 2948 3261 3022 entis
3348 2952 3721 3035 rationis,
3901 2966 3929 3014 3

2180 3071 2388 3159 quod
2428 3075 2549 3144 est
2622 3076 2938 3147 tantum
2999 3094 3139 3146 ens
3207 3076 3721 3160 diminutum,
3760 3026 4082 3140 Radix-'⁶²

2178 3189 2365 3282 quia
2401 3189 2732 3283 proprie
2763 3195 2944 3281 quid,
2986 3192 3198 3266 sicut
3230 3198 3310 3267 et
3350 3216 3517 3275 ens,
3568 3216 3725 3268 non
3806 3155 3953 3206 Ῥω
3982 3155 4032 3206 8‘

2179 3305 2570 3397 competit
2639 3305 2796 3378 nisi
2872 3306 3037 3379 enti
3112 3309 3338 3390 reali,
3387 3313 3609 3402 patet
3657 3313 3725 3385 5.

2174 3426 2255 3493 et
2322 3424 2388 3493 6.
2427 3425 2578 3493 Mel.
2654 3425 2817 3496 Nec
2872 3423 3246 3516 intelligo
3282 3424 3417 3499 hic
3463 3450 3578 3495 ens
3621 3451 3733 3495 ra-

2177 3539 2396 3619 tionis,
2487 3540 2687 3631 quod
2758 3544 2883 3613 est
2943 3540 3022 3611 in
3104 3541 3519 3616 intellectu
3599 3541 3730 3614 ob-

2168 3651 2469 3742 jective
2525 3656 2767 3749 (quia
2811 3659 2925 3729 sic
2974 3678 3208 3731 omne
3260 3659 3726 3732 universale

2175 3770 2417 3842 estin
2476 3771 2828 3863 anima),
2874 3793 3019 3846 nec
3086 3774 3279 3848 illud
3340 3777 3550 3867 quod
3600 3780 3726 3849 est
3845 3855 3855 3864 ,

2177 3888 2495 3960 tantum
2557 3886 2637 3959 in
2716 3889 3130 3963 intellectu
3244 3854 4057 3982 subJective‚U⁰”1f‹¹>'1⁵2⁸¹⁰

2174 4001 2431 4093 (quia
2499 4003 2614 4076 sic
2684 4004 3130 4079 intellectio
3207 4011 3288 4080 et
3384 3986 4089 4103 scientia⁶³ss23932¹⁶

2177 4124 2362 4193 sunt
2449 4120 2528 4193 in
2571 4122 2869 4204 anima,
2941 4145 3116 4215 quae
3182 4129 3458 4200 tamen
3537 4106 4095 4233 sunt{¹‚¹⁰1f²;,{¹·4}''j

2175 4235 2461 4309 formae
2534 4238 2819 4320 reales,
2864 4244 2944 4312 et
3014 4240 3094 4310 in
3142 4259 3437 4330 genere
3481 4242 3726 4336 quali·

2176 4351 2404 4442 tatis)
2441 4379 2455 4434 ;
2506 4355 2638 4426 sed
2679 4352 3058 4445 intelligo
3092 4376 3238 4427 ens
3275 4356 3352 4428 in
3423 4358 3725 4440 anima,

2174 4476 2563 4564 tanquam
2653 4472 2999 4543 secundo
3092 4473 3726 4556 consideratum,

2174 4610 2335 4662 non
2430 4593 2821 4680 tanquam
2928 4587 3194 4680 primo
3264 4590 3732 4663 considera-

2177 4711 2375 4785 tum.
2433 4705 2528 4777 ad
2578 4705 2783 4796 quod
2828 4708 3501 4780 considerandum
3564 4728 3730 4780 mo-

2174 4829 2414 4899 vetur
2458 4824 2726 4916 primo
2760 4824 3032 4896 anima
3075 4845 3122 4897 a
3157 4845 3243 4897 re
3284 4830 3548 4908 extra,
3596 4826 3726 4898 sed

2177 4946 2565 5032 tanquam
2599 4961 2741 5015 ens
2768 4941 2849 5012 in
2885 4941 3148 5033 primo
3185 4941 3725 5028 consideratO,

2176 5057 2654 5149 inquantum
2712 5056 3366 5139 consideratum;
3431 5061 3509 5129 et
3563 5059 3726 5132 tale

2177 5178 2264 5246 ut
2334 5171 2416 5244 in
2487 5193 2804 5245 summa
2846 5172 2953 5246 sit
3003 5174 3287 5255 dicere,
3361 5193 3521 5244 non
3599 5179 3720 5247 est

2173 5288 2333 5362 nisi
2430 5288 2724 5362 relatio
2788 5288 3165 5369 rationis,
3257 5288 3445 5380 quia
3521 5290 3723 5364 nihil

2172 5403 2410 5477 habet
2447 5404 2785 5498 praecise
2827 5425 3005 5477 esse
3060 5405 3135 5477 in
3177 5405 3720 5492 considerato,

2173 5524 2263 5594 ut
2336 5521 2879 5603 considerato,
2974 5518 3133 5592 nisi
3205 5523 3720 5613 comparatio

2178 5658 2333 5731 qua
2393 5638 2994 5711 consideratum
3043 5639 3580 5729 comparatur
3630 5638 3728 5711 ad
