4287 6313
1667 426 1867 490 DIST.
1931 428 1974 489 Ι.
2024 424 2387 501 QUAESTIO
2434 429 2474 489 l.

494 610 684 663 nam
736 589 931 663 illud
977 590 1183 683 quod
1223 592 1347 662 est
1392 587 1834 681 perfectius
1888 586 2043 657 for·

496 728 655 791 ma,
698 711 823 781 est
868 706 1118 781 etiam
1165 704 1606 799 perfectius
1669 703 2040 786 materia,

495 823 684 917 quia
760 823 1033 895 forma
1100 826 1225 896 est
1296 819 1739 914 perfectior
1802 842 2041 914 quam

497 941 872 1022 materia,
917 944 984 1013 7.
1048 943 1349 1029 Metaplz.
1412 960 1608 1031 ergo
1680 939 1747 1012 si
1798 957 2044 1012 causa

495 1060 766 1150 potest
809 1057 1110 1131 habere
1155 1059 1234 1130 in
1271 1058 1583 1131 virtute
1626 1077 1772 1129 sua
1841 1055 2044 1129 acti-

491 1194 594 1246 va
640 1175 1018 1256 formam,
1074 1194 1237 1246 non
1276 1174 1598 1248 videtur
1649 1191 2042 1266 repugna-

492 1312 586 1364 re
618 1288 1099 1383 perfectioni
1132 1289 1332 1381 ejus,
1372 1290 1574 1381 quod
1623 1291 1702 1362 in
1733 1289 2042 1363 virtute

489 1428 640 1483 sua
681 1404 971 1483 habeat
1016 1407 1475 1491 materiam,
1510 1413 1590 1481 et
1624 1407 1739 1480 sic
1775 1412 2037 1481 totum

484 1524 899 1598 effectum.
964 1523 1045 1599 Si
1086 1523 1336 1597 etiam
1406 1523 1681 1616 plures
1750 1522 2039 1614 Angeli

485 1641 803 1736 possint
838 1662 1018 1715 esse
1046 1642 1404 1735 ejusdem
1438 1641 1759 1734 speciei,
1804 1645 1894 1716 ut
1931 1641 2037 1714 di-

161 1761 459 1832 0⁵⁵²·2·11·⁷·
491 1759 711 1835 citur
767 1765 843 1829 in
898 1763 1183 1830 secundo
1216 1763 1409 1843 libro,
1471 1779 1633 1832 non
1692 1765 2033 1853 apparet

489 1896 744 1970 quare
811 1877 1168 1968 Angelus
1245 1897 1400 1949 non
1462 1878 1731 1968 potest
1780 1879 2030 1969 Ange-

483 1995 652 2065 lum
704 1993 1178 2086 producere‚
1218 1993 1425 2064 sicut
1470 1992 1680 2083 ignis
1734 1992 2024 2085 ignem,

477 2128 668 2181 nam
739 2107 1169 2200 utrobique
1247 2109 1729 2201 productum
1790 2107 2028 2181 habet

482 2224 1103 2320 proportionem
1171 2225 1530 2297 eamdem
1608 2225 1701 2297 ad
1772 2226 2026 2317 perse-

479 2342 837 2416 ctionem
884 2341 1435 2434 producentis.

163 2497 431 2570 mqfflph,
573 2457 753 2531 Alio
826 2457 1062 2529 modo
1143 2456 1498 2550 ponitur,
1573 2457 1777 2549 quod
1846 2478 2025 2530 con-

176 2576 344 2673 taff&
376 2625 422 2674 ,ο
484 2578 745 2652 clusio
795 2576 1177 2668 negativa
1228 2578 1493 2667 potest
1539 2574 1847 2647 ostendi
1886 2596 2027 2666 per

158 2686 442 2815 ὣὲῑῗ.
489 2694 921 2774 rationem,
974 2696 1055 2765 et
1107 2691 1254 2763 boc
1313 2692 1894 2765 universaliter
1933 2692 2024 2764 de

476 2816 838 2909 qualibet
868 2815 1279 2894 creatura,
1311 2811 1499 2904 quia
1531 2812 1742 2888 sicut
1775 2834 2024 2887 causa

477 2932 936 3006 materialis
1014 2934 1094 3005 et
1157 2929 1531 3003 formalis
1583 2932 2018 3005 secundum

468 3055 739 3126 totum
792 3069 1043 3141 genus
1100 3070 1333 3121 suum
1387 3050 1855 3122 necessario
1902 3072 2016 3123 re-

464 3169 806 3261 quirunt
883 3189 966 3240 se
1036 3166 1384 3239 invicem
1463 3167 1542 3239 in
1611 3169 2014 3241 causando

467 3305 643 3358 rem
678 3285 760 3357 in
799 3310 954 3367 esse,
1000 3287 1436 3376 (nunquam
1489 3283 1699 3356 enim
1747 3284 2013 3356 forma

460 3406 590 3478 est
658 3422 905 3476 causa
977 3399 1348 3474 formalis
1418 3401 1790 3494 alicujus,
1852 3402 2011 3474 nisi

464 3519 819 3592 materia
852 3518 1180 3591 insimul
1217 3517 1322 3591 sit
1356 3539 1601 3591 causa
1638 3518 2011 3593 materia-

459 3638 565 3710 lis
618 3636 1008 3730 ejusdem)
1050 3636 1164 3709 sic
1207 3639 1468 3710 totum
1521 3655 1773 3729 genus
1842 3634 2007 3709 effi-

458 3753 752 3829 cientis
786 3774 1079 3837 causae,
1134 3753 1338 3845 quod
1380 3752 1713 3825 includit
1775 3772 2009 3826 omne

458 3869 823 3942 efficiens
861 3866 1330 3951 limitatum,
1375 3866 1615 3941 habet
1647 3887 2005 3940 necessa-

465 3985 677 4057 riam
721 3982 1442 4056 concomitantiam
1511 4004 1693 4056 cum
1765 3990 2009 4059 mate-

459 4101 588 4173 ria
621 4104 1011 4192 quantum
1045 4100 1140 4172 ad
1169 4103 1324 4185 fieri
1358 4099 1511 4181 rei;
1550 4098 1760 4173 sicut
1791 4100 2003 4174 enim

451 4216 726 4290 forma
777 4219 854 4288 et
927 4214 1276 4287 materia
1345 4219 1532 4288 sunt
1591 4236 1855 4288 causae
1927 4217 2006 4288 in

448 4359 611 4418 esse,
651 4334 767 4406 sic
817 4331 1176 4405 efficiens
1218 4336 1298 4404 et
1343 4331 1690 4405 materia
1731 4333 1811 4405 in
1852 4338 2008 4419 sieri

453 4451 973 4545 Impossibile
1024 4454 1149 4524 est
1207 4469 1405 4542 ergo
1448 4450 1769 4543 aliquod
1836 4450 2003 4523 effi-

449 4571 679 4642 ciens
719 4567 1165 4641 limitatum
1199 4585 1445 4658 agere
1485 4568 1580 4638 ad
1628 4567 2002 4641 eflectum

458 4683 1084 4780 producendum,
1148 4682 1305 4755 nisi
1373 4682 1615 4755 simul
1671 4703 2002 4756 concur-

457 4809 595 4878 rat
671 4800 1022 4874 materia
1081 4800 1309 4892 quasi
1368 4799 1863 4893 principium
1921 4826 2004 4870 ex

449 4946 583 5013 quo
617 4917 1103 5012 requisitum
1137 4916 1213 4988 in
1245 4921 1418 5002 fieri,
1461 4917 1541 4989 in
1595 4938 1749 5010 quo
1805 4919 1999 4991 reci-

451 5039 733 5132 piatur
799 5034 1095 5116 forma,
1177 5054 1351 5125 quae
1418 5037 1539 5106 est
1597 5035 1999 5108 terminus

449 5151 831 5226 formalis
884 5148 1257 5233 actionis,
1313 5153 1524 5223 etex
1567 5171 1724 5243 qua
1774 5156 1858 5225 ut
1901 5177 1999 5227 ex

447 5274 689 5364 parte
800 5264 1338 5340 constituitur
1422 5269 1993 5360 compositum,

450 5386 662 5483 quod
718 5389 845 5459 est
898 5383 1165 5478 primo
1228 5383 1748 5476 productum3
1783 5389 1997 5462 Deus

448 5509 724 5579 autem
773 5522 942 5575 non
977 5500 1321 5593 requirit
1367 5500 1445 5573 in
1483 5502 1804 5577 actione
1855 5526 1999 5577 sua

451 5620 893 5698 materiam
925 5618 1632 5702 concomitantem‚
1660 5622 1848 5713 quia
1876 5626 1999 5695 est

189 1031 328 1085 Text.
363 1032 420 1084 7.

3631 432 3710 496 87

2160 604 2410 678 supra
2454 589 2713 662 totum
2749 609 3001 682 genus
3053 610 3319 664 causae
3359 592 3700 665 efficien-

2160 702 2292 784 tis,
2384 704 2572 795 quia
2638 710 2760 779 est
2843 724 3091 799 agens
3168 709 3699 784 illimitatum.

2160 818 2406 892 Ratio
2479 820 2636 894 ista
2704 822 2895 897 licet
2957 825 3169 899 dicat
3225 840 3504 916 propter
3550 829 3711 914 quid

2158 937 2756 1028 consequentis,
2882 941 3223 1029 (scilicet
3345 941 3709 1016 limitati-

2160 1067 2392 1122 onem
2455 1049 2911 1137 efficientis,
2976 1077 3149 1148 quae
3219 1057 3710 1131 determinat

2160 1163 2425 1256 ipsum
2479 1169 2573 1240 ad
2635 1172 3206 1262 requirendum
3273 1173 3706 1248 materiam

2158 1282 2235 1354 in
2281 1286 2642 1375 agendo)
2680 1292 2947 1359 tamen
2985 1290 3194 1363 istud
3236 1305 3508 1379 propter
3545 1294 3710 1379 quid

2154 1417 2313 1469 non
2375 1403 2498 1473 est
2544 1403 2889 1476 multum
2934 1404 3380 1479 evidentius
3436 1426 3705 1479 conse-

2156 1515 2509 1599 cutione,
2550 1523 2635 1591 ut
2688 1523 2912 1610 patet
2956 1520 3326 1594 intuenti.

2587 1774 3251 1839 COMMENTARIUS.

2234 2018 2329 2106 (x)
2378 2018 2484 2083 Ad
2533 2019 2954 2104 quoescionem
3002 2040 3179 2104 erqo,
3226 2030 3349 2084 etc.
3397 2022 3547 2085 Haec
3593 2032 3691 2087 est
3748 2104 3796 2152 R
3825 2040 3971 2155 1012}-

3797 2118 3881 2152 ΘδΟ
3902 2120 3931 2154 u
3961 2121 4006 2156 to

2141 2134 2330 2201 tertia
2391 2154 2540 2221 pars
2602 2132 2978 2221 principalis
3028 2133 3226 2223 hujus
3277 2135 3681 2221 quaestioniS,
3719 2166 4011 2235 prmcipalis

2141 2250 2206 2316 in
2251 2270 2379 2337 qua
2411 2250 2686 2315 habetur
2717 2249 3028 2315 resolutio
3069 2250 3469 2337 principaliS,
3515 2252 3684 2338 ejus·
3717 2233 4028 2361 qugfflgssis.

2141 2387 2268 2453 que
2300 2366 2617 2452 probatiO.
2665 2366 3011 2431 Praemissa
3042 2364 3282 2451 duplici
3315 2369 3687 2453 acceptione

2139 2494 2269 2547 tam
2320 2502 2538 2548 causae
2580 2479 2980 2567 principaliS,
3040 2502 3235 2567 quam
3294 2483 3688 2548 instrumen-

2137 2598 2310 2674 taliS,
2357 2596 2684 2664 concludit
2724 2595 2982 2684 quando
3032 2599 3539 2667 instrumentum
3591 2614 3690 2666 est

2138 2712 2400 2799 proprie
2456 2713 2767 2791 activum,
2833 2714 3200 2780 necessario
3271 2715 3510 2781 habere
3564 2716 3690 2781 sor-

2140 2849 2309 2895 mam
2351 2828 2633 2916 aliquam
2670 2829 3117 2910 intrinsecam,
3157 2852 3271 2918 per
3309 2852 3502 2917 quam
3536 2853 3689 2898 con-

2137 2945 2445 3011 stituatur
2479 2967 2591 3032 per
2631 2945 2894 3012 modum
2924 2958 3125 3031 ,actus
3184 2946 3375 3034 primi
3418 2947 3497 3013 ad
3530 2948 3688 3015 acti-

2133 3082 2351 3140 onem,
2415 3073 2689 3149 quaeest
2747 3072 2929 3128 actus
2996 3063 3348 3142 secunduS,
3413 3084 3687 3152 eamque

2130 3175 2403 3240 formam
2447 3175 2549 3240 vel
2600 3174 2666 3240 in
2724 3196 2858 3240 esse
2922 3175 3168 3263 quieto,
3221 3176 3326 3242 vel
3397 3177 3460 3242 in
3511 3176 3674 3257 fieri,

2133 3291 2195 3357 id
2237 3303 2358 3371 est,
2404 3291 2557 3359 dum
2591 3303 2737 3358 actu
2780 3305 3102 3371 movetur,
3161 3292 3397 3359 debere
3437 3294 3674 3364 inesse.
3720 3278 4027 3332 Instrumen-

3815 3348 3923 3393 tum

2125 3408 2301 3475 Alias
2334 3409 2385 3475 si
2423 3430 2550 3474 non
2592 3411 3034 3496 requireretur
3085 3410 3233 3476 talis
3275 3411 3486 3478 virtus
3525 3412 3678 3479 acti·
3758 3407 3974 3521 ⁸323?

2123 3544 2229 3601 va,
2263 3534 2332 3588 ut
2363 3523 2752 3610 principium
2786 3524 3049 3611 agendi,
3088 3537 3476 3612 sequeretur
3504 3527 3672 3615 quod
3779 3534 3964 3588 habere

2123 3640 2457 3726 quodlibet
2495 3640 2739 3707 assumi
2784 3652 3002 3726 posset
3051 3653 3120 3706 ut
3162 3642 3671 3710 instrumentum
3705 3612 4010 3724 Ρῗέιοῑὲῗῑῗεω

2123 3771 2420 3844 respectu
2487 3757 2857 3845 cujuslibet,
2919 3770 2983 3825 et
3048 3772 3271 3846 posset
3337 3764 3504 3826 Deus
3563 3782 3676 3846 per

2122 3893 2414 3940 muscam
2484 3895 2706 3941 creare
2764 3876 3028 3954 coelurn,
3074 3876 3246 3964 quod
3303 3889 3403 3944 est
3464 3877 3668 3957 sutile,

2122 3991 2274 4078 quia
2324 3990 2379 4057 si
2429 3990 2622 4057 alicui
2659 4003 2909 4058 naturae
2958 4004 3304 4080 repugnet,
3378 3994 3549 4082 quod
3592 3996 3679 4062 sit

2121 4106 2513 4194 principium
2582 4106 2946 4194 aliquarum
3006 4108 3366 4191 actionum,=
3409 4130 3537 4177 non
3579 4124 3675 4178 est

2121 4222 2454 4309 possibile,
2550 4241 2663 4308 per
2747 4242 3228 4311 quamcumque
3318 4226 3671 4311 potentiam

2118 4338 2502 4418 adhibitam,
2566 4352 2635 4403 ut
2693 4337 2778 4404 sit
2818 4339 3209 4426 principium
3255 4361 3502 4422 earum,
3548 4343 3671 4409 etsi

2118 4469 2334 4543 posset
2369 4461 2536 4522 Deus
2567 4455 2863 4523 absolute
2891 4477 3112 4523 creare
3149 4458 3382 4545 friguS,
3421 4479 3544 4527 non
3579 4473 3671 4527 ta-

2120 4595 2265 4641 men
2301 4595 2415 4660 per
2445 4572 2750 4653 calorem,
2792 4573 2880 4640 ita
2919 4585 2989 4639 ut
3018 4574 3191 4640 calor
3222 4575 3304 4642 sit
3354 4576 3421 4642 in
3452 4577 3670 4666 aliquo

2117 4690 2344 4758 ordine
2377 4690 2768 4777 principium
2800 4690 3085 4758 activum
3122 4692 3411 4780 frigoriS,
3449 4693 3510 4761 id
3541 4708 3663 4779 est,

2116 4809 2183 4875 in
2216 4807 2441 4874 ordine
2470 4827 2686 4873 causae
2716 4806 3094 4895 principalis
3125 4821 3235 4875 aut
3267 4810 3666 4880 instrumen-

2113 4923 2287 4996 talis,
2334 4943 2550 4989 causae
2591 4921 2903 4990 naturalis
2969 4936 3081 4991 aut
3121 4931 3659 5014 supernaturalis.

2203 5041 2366 5108 Hinc
2407 5040 2608 5106 habes
2665 5039 3127 5108 resolutionem
3172 5047 3463 5115 Doctoris
3495 5049 3661 5118 circa
3734 5064 3969 5117 Potentia

2112 5155 2466 5242 potentiam
2545 5155 2717 5220 illam
2788 5156 3284 5227 obedientialem
3355 5165 3653 5249 activam,
3700 5127 4009 5239 obedffinua.

2113 5294 2305 5360 quam
2346 5284 2642 5340 statuunt
2706 5274 2970 5362 quidam
3022 5276 3311 5344 moderni
3355 5281 3420 5346 in
3480 5286 3656 5352 omni
3762 5256 3932 5364 aava

2111 5400 2260 5454 ente
2293 5410 2406 5476 per
2436 5389 2700 5457 modum
2733 5391 2996 5458 virtutis
3028 5394 3371 5480 inchoatae,
3411 5410 3480 5466 ut
3513 5403 3653 5488 qui·
3688 5374 3987 5488 univ-{eguus

2112 5506 2260 5572 dam
2314 5491 2591 5588 volunt3
2645 5528 2785 5575 eam
2829 5513 3100 5599 negabis
3140 5534 3219 5580 ex
3279 5516 3381 5583 his
3414 5518 3649 5604 prinei·
3717 5503 3959 5629 ζ’ξὲζξζῗ

2114 5624 2263 5713 piis,
2327 5627 2479 5714 quia
2529 5628 2726 5696 nimis
2791 5629 3017 5713 libere,
3080 5643 3142 5697 et
3197 5632 3341 5703 sine
3389 5639 3647 5724 urgenti
