4287 6313
1711 403 1911 472 ms'r.
1957 402 2032 468 11.
2081 401 2442 484 QUAESTIO
2474 402 2550 470 11.

2754 711 3164 772 senonum.

960 840 1433 923 QUAESTIO
1533 844 1637 916 ῙῙ·
2250 903 2610 977 Respondet
2664 902 3047 960 affirmative
3103 917 3181 959 ex
3244 917 3299 959 c.
3376 902 3591 971 Aliud,
3659 900 3737 960 do

2188 1018 2464 1061 consecr.
2496 1001 2554 1061 d.
2603 1004 2657 1060 4.
2708 1005 2771 1059 et
2820 1003 3084 1072 August.
3145 1001 3351 1069 citato,
3404 1003 3465 1058 et
3517 1016 3595 1058 ex
3624 1000 3737 1057 illo

2179 1106 2354 1160 Joan.
2400 1102 2451 1158 1.
2511 1104 2642 1170 Eoo
2701 1102 2945 1171 baptizo
3000 1103 3070 1157 in
3125 1113 3319 1173 aqua.
3380 1100 3566 1158 Ratio
3621 1103 3733 1168 est,

2177 1200 2326 1270 quia
2366 1201 2722 1270 Baptismus
2759 1200 3014 1256 ,Ioannis
3044 1214 3163 1255 non
3206 1199 3326 1256 fuit
3364 1198 3734 1255 Sacramen-

2175 1302 2331 1364 tum,
2365 1295 2442 1353 de
2479 1312 2601 1367 quo
2647 1294 2819 1354 dedit
2872 1295 3160 1353 Christus
3216 1299 3622 1367 praeceptum,
3654 1296 3732 1352 de

2179 1408 2301 1465 quo
2353 1394 2621 1451 habetur
2668 1398 2801 1452 Act.
2854 1394 2941 1451 19.
2977 1396 3249 1450 Trident.
3300 1407 3450 1450 sess.
3492 1394 3551 1450 7.
3583 1408 3636 1451 c.
3673 1393 3726 1450 1.

515 1124 744 1193 Utrum
792 1127 1166 1214 baptizatus
1223 1130 1567 1217 Baptismo
1603 1133 1907 1214 loannis,
1953 1153 2066 1199 ne-

598 1243 887 1309 cessario
927 1244 1271 1311 tenebatur
1338 1246 1677 1333 baptizari
1742 1248 2063 1335 baptismo

601 1350 914 1417 Christo?

281 2242 461 2319 ‚iza

199 2335 447 2397 ,Argum

155 2270 278 2447 ...g

179 4070 341 4122 Ratio
363 4071 434 4142 ad

202 4139 419 4199 ‘’pm‘-

507 1574 690 1631 Alens.
719 1579 769 1633 4.
797 1592 855 1644 p.
888 1592 940 1645 q.
972 1576 1024 1633 9.
1059 1593 1139 1632 m.
1175 1581 1231 1635 7.
1267 1581 1331 1634 D.
1364 1578 1553 1635 Thom.
1584 1582 1638 1636 3.
1663 1598 1721 1651 p.
1745 1599 1796 1650 q.
1832 1581 1918 1638 38.
1953 1591 2062 1640 art.

575 1649 631 1701 6.
665 1654 712 1700 et
743 1665 796 1716 q.
829 1646 919 1703 66.
956 1656 1068 1705 art.
1102 1651 1156 1705 9.
1192 1653 1257 1706 D.
1303 1654 1506 1707 Bonav.
1545 1653 1633 1707 hic
1682 1661 1790 1708 art.
1830 1653 1881 1710 2.
1918 1671 1972 1723 q.
2006 1656 2058 1714 3.

582 1717 836 1774 Richard.
869 1728 983 1776 art.
1025 1723 1080 1777 2.
1133 1738 1186 1790 q.
1237 1721 1287 1775 4.
1336 1723 1573 1779 Durand.
1623 1742 1676 1794 q.
1718 1725 1768 1781 4.
1815 1726 1975 1782 Gabr.
2002 1745 2055 1797 q.

580 1793 635 1845 2.
688 1790 948 1847 Bellarm.
999 1795 1096 1848 lib.
1151 1794 1197 1848 l.
1237 1795 1303 1848 de
1350 1797 1646 1863 numisma,
1695 1812 1821 1864 cap.
1871 1800 1960 1854 20.
2009 1805 2058 1852 et

585 1863 765 1916 tribus
794 1879 943 1932 seqq.
977 1863 1232 1962 AbulenS.
1261 1869 1323 1919 in
1354 1883 1400 1922 c.
1431 1866 1486 1923 3.
1517 1867 1763 1939 Metapa.
1795 1886 1847 1924 α.
1881 1886 1932 1938 q.
1966 1868 2057 1927 36.

593 2160 930 2234 Videtur
962 2163 1168 2254 quod
1197 2183 1382 2248 non,
1440 2163 1624 2257 quia
1656 2164 2057 2257 Magister

463 2303 479 2319 ·
512 2286 586 2351 in
616 2284 842 2350 littera
872 2304 1016 2370 cap.
1061 2282 1285 2350 ultim.
1331 2281 1523 2355 dicit
1574 2306 1588 2350 :
1635 2281 1784 2364 Qui
1828 2303 2053 2375 Spem

509 2418 670 2470 non
732 2399 1177 2491 posuerunt
1230 2397 1308 2470 in
1358 2396 1780 2490 Baptismo
1814 2399 2051 2470 Joan-

507 2514 659 2589 niS.
723 2518 802 2590 et
863 2517 1189 2588 Patrem
1251 2518 1332 2590 et
1383 2513 1681 2588 Filium
1746 2519 1826 2590 et
1884 2517 2052 2610 Spi-

510 2632 758 2706 ritum
859 2635 1231 2706 sanctum
1336 2631 1790 2715 credebant,
1889 2654 2048 2706 non

507 2755 694 2825 sunt
773 2755 1054 2843 postea
1113 2751 1688 2845 rebaptizandi.

596 2871 827 2951 Item,
892 2868 972 2941 in
1031 2868 1495 2964 receptione
1573 2873 2048 2945 Sacramen-

506 2996 814 3068 torum‚
875 2987 1081 3080 quod
1159 2989 1400 3063 datur
1472 3009 1632 3062 non
1707 2992 1829 3064 est
1910 2991 2048 3063 ite·

511 3106 871 3191 randum,
918 3106 1050 3180 sed
1102 3106 1170 3180 si
1227 3105 1527 3200 aliquid
1587 3107 2044 3192 omittatur,

507 3226 743 3298 caute
819 3226 951 3298 est
1020 3223 1547 3318 supplendum
1611 3250 1625 3295 :
1689 3229 1912 3295 Extra
1968 3229 2049 3294 cle

512 3348 751 3413 clerico
785 3365 910 3432 per
945 3344 1195 3428 falsum
1241 3355 1568 3432 promam,
1622 3369 1767 3434 cap.
1819 3349 2040 3427 unico,

503 3474 566 3529 et
602 3463 685 3529 de
716 3463 1172 3531 Sacramentis
1217 3482 1352 3528 non
1383 3463 1738 3543 iterandis,
1784 3486 1930 3552 cap.
1978 3466 2039 3535 1.

505 3576 638 3650 sed
693 3576 772 3648 in
819 3576 1241 3669 Baptismo
1303 3578 1641 3650 Joannis
1701 3578 2047 3654 dabatur

503 3693 810 3767 ablutio
883 3695 1295 3779 exterio1‘3
1372 3714 1568 3788 ergo
1660 3696 1724 3768 si
1795 3696 2045 3772 defuit

502 3809 878 3893 interior,
937 3810 1078 3882 illa
1143 3810 1298 3885 fuit
1376 3812 1839 3906 supplenda,
1913 3815 2043 3887 sed

503 3947 663 4000 non
723 3927 1090 4002 exterior
1151 3928 1540 4002 iteranda.

592 4048 922 4126 Contra,
993 4048 1076 4114 dc
1140 4071 1388 4117 consec.
1454 4050 1610 4116 dist.
1682 4049 1746 4120 4.
1800 4051 2044 4132 Aliud,-

503 4165 581 4234 et
646 4161 1051 4253 accipitur
1108 4161 1205 4235 ab
1283 4163 1740 4251 Augustino
1801 4185 2046 4258 super

502 4279 735 4349 Joan.
826 4276 1041 4349 hom.
1138 4281 1204 4352 5.
1279 4283 1358 4348 Si
1439 4302 1597 4370 quos
1679 4282 2045 4369 baptizavit

499 4398 814 4479 Ioannes,
864 4399 1104 4462 iterum
1162 4408 1316 4464 sunt
1373 4399 1787 4485 baptizandi,
1842 4400 2046 4485 plane

498 4516 764 4593 iterum,
817 4513 934 4580 sed
990 4534 1124 4580 non
1176 4516 1415 4580 iterato
1469 4517 1850 4603 Baptism03
1888 4539 2046 4605 quos

419 4662 426 4669 ·
498 4631 675 4695 enim
727 4630 937 4697 ludas
976 4606 1361 4718 baptizavit,
1409 4644 1469 4698 et
1504 4634 1844 4715 Christus;
1887 4656 2045 4722 quos

498 4746 869 4833 baptizavit
943 4747 1253 4827 JoanncS,
1343 4769 1501 4828 non,
1598 4749 1748 4820 etc.
1838 4750 2040 4822 Item

501 4860 1006 4951 Augustinus
1081 4861 1173 4934 de
1242 4863 1662 4956 Baptismo
1753 4869 2045 4939 contra

498 4975 975 5049 Donatistas
1021 4976 1151 5049 lib.
1185 4982 1229 5052 5
1302 4982 1603 5049 Christus
1634 4985 1760 5050 eali
1812 4986 2044 5071 Bapti-

497 5117 638 5161 smo
695 5096 975 5163 mundat
1060 5097 1449 5177 Ecclesiam,
1534 5121 1658 5187 quo
1751 5111 2039 5188 accepte,

500 5214 786 5278 alterum
840 5235 976 5280 non
1033 5225 1178 5280 crat
1234 5218 1699 5283 necessarium.
1757 5218 2046 5283 Ioannes

501 5341 719 5396 autem
787 5331 912 5396 tali
991 5333 1333 5419 Baptismo
1395 5334 1834 5421 pertinycbat,
1918 5357 2042 5423 quo

501 5458 763 5535 accepto
812 5462 972 5516 essct
1012 5452 1428 5541 Baptismum
1477 5454 1881 5521 dominicum
1923 5477 2042 5522 nc-

500 5569 878 5637 cessarium.

2174 1490 2329 1548 Vide
2377 1475 2695 1548 Nazianz.
2739 1492 3016 1548 oratione
3045 1491 3132 1548 39.
3171 1491 3235 1546 in
3268 1494 3477 1548 sancta
3509 1490 3726 1547 Lumi-

2177 1604 2278 1657 na,
2330 1591 2634 1664 Chrysost.
2686 1589 2848 1646 hom.
2900 1590 2982 1646 10.
3015 1594 3078 1646 et
3110 1589 3196 1646 11.
3227 1589 3293 1645 in
3324 1588 3539 1646 Matth.
3573 1590 3725 1645 Hie-

2172 1702 2418 1761 ronym.
2473 1687 2701 1760 dialog.
2754 1692 2964 1745 contra
3015 1689 3289 1745 Lucifer.
3341 1704 3394 1745 c.
3443 1687 3497 1744 3.
3548 1689 3612 1743 et
3656 1687 3722 1744 in

2171 1803 2225 1844 c.
2257 1790 2312 1844 2.
2346 1788 2500 1844 Joel.
2532 1792 2816 1845 Ambra&
2867 1789 2978 1850 lib.
3016 1789 3066 1846 1.
3100 1786 3179 1845 de
3228 1788 3724 1858 Spiritu'sancto

2173 1904 2305 1961 cap.
2337 1891 2387 1946 3.
2418 1887 2570 1945 Vide
2616 1890 2905 1946 coccium
2960 1899 3015 1945 2.
3048 1891 3215 1946 Tom.
3260 1890 3370 1947 lib.
3417 1890 3473 1945 5.
3524 1891 3638 1945 art.
3664 1889 3721 1944 6.

2173 1987 2470 2045 citantem
2527 2000 2642 2057 pro
2699 1986 2812 2043 hoc
2869 1987 2983 2044 PP.
3035 1987 3281 2043 Graecos
3336 1990 3399 2043 et
3452 1986 3722 2055 Latinos,

2175 2089 2393 2142 contra
2450 2084 2780 2144 haereticos
2828 2099 3019 2142 novos
3065 2087 3125 2140 et
3172 2087 3438 2152 veteres,
3475 2084 3723 2157 opposi-

2169 2187 2293 2241 tum
2341 2186 2643 2242 tenentes.

2258 2400 2734 2494 Respondeo
2802 2401 2928 2491 (a),
3010 2400 3278 2493 potest
3368 2397 3715 2492 intelligi

2166 2517 2603 2610 dupliciter
2672 2518 3067 2589 Joannem
3144 2517 3709 2610 baptizavisse.

2161 2640 2337 2712 Uno
2427 2639 2704 2719 modo,
2796 2638 2875 2711 in
2968 2636 3236 2711 forma
3314 2635 3716 2730 Baptismi

2166 2757 2497 2839 Christi,
2546 2776 2785 2850 quam
2830 2755 3094 2849 potuit
3149 2753 3359 2828 scire
3402 2773 3448 2825 a
3485 2753 3717 2827 disci-

2165 2874 2376 2968 pulis
2430 2873 2762 2954 Christi,
2804 2872 2933 2945 vel
3001 2871 3101 2945 ab
3166 2870 3351 2944 aliis
3398 2868 3715 2943 audien-

2160 2990 2377 3065 tibus
2499 2990 2647 3064 hos
2753 2990 3213 3083 baptizare,
3328 2989 3409 3063 et
3520 2989 3713 3061 tunc

2160 3129 2321 3181 non
2372 3108 2784 3183 diceretur
2849 3105 3182 3201 proprie
3239 3101 3709 3199 Baptismus

2163 3225 2525 3309 Joannis,
2606 3225 2818 3301 sicut
2904 3243 3116 3298 nunc
3183 3242 3344 3296 non
3411 3222 3710 3297 dicitur

2161 3342 2629 3436 Baptismus
2690 3341 2914 3416 Petri
2953 3341 3081 3414 vel
3126 3340 3383 3413 Pauli.
3448 3342 3709 3414 Istum

2161 3462 2376 3535 enim
2452 3481 2824 3535 errorem
2900 3459 3416 3554 reprehendit
3503 3458 3711 3551 Apo-

2163 3579 2425 3653 stolus
2504 3582 2566 3651 1.
2669 3580 2761 3647 ad
2847 3581 3155 3648 Corinth.
3218 3579 3319 3650 Et
3401 3576 3469 3649 si
3547 3575 3707 3649 isto

2162 3697 2394 3769 modo
2435 3695 2889 3788 baptizaret
2941 3696 3319 3778 Joannes‚
3375 3692 3705 3787 planum

2160 3815 2283 3887 est
2361 3815 2566 3907 quod
2640 3810 2835 3885 talis
2894 3833 3056 3901 non
3121 3816 3337 3887 esset
3406 3810 3705 3885 iterum

2158 3931 2718 4024 baptizandus.

2247 4049 2430 4122 Alio
2502 4051 2734 4125 modo
2821 4051 2946 4142 (b),
3020 4050 3288 4143 potest
3356 4046 3705 4140 intelligi
3777 4056 4001 4108 Joanne-

3839 4132 3938 4169 non

2158 4167 2202 4238 J
2214 4186 2555 4240 oannem
2596 4166 3051 4260 baptizasse
3091 4187 3252 4239 non
3308 4165 3387 4238 in
3437 4162 3706 4237 forma
3757 4181 4031 4309 ¹33⁸&ssss

3775 4306 3988 4360 christi.

2157 4283 2559 4375 Baptismi
2619 4281 2951 4366 Christi,
3018 4282 3150 4355 sed
3232 4272 3360 4353 vel
3430 4280 3511 4352 in
3561 4280 3701 4353 ali-

2159 4417 2316 4491 qua
2383 4398 2544 4471 alia
2605 4396 2871 4471 forma
2949 4398 3314 4492 propria,
3392 4395 3700 4471 scilicet

2158 4514 2239 4586 in
2273 4515 2597 4587 nomine
2640 4514 2992 4599 venturi,
3037 4514 3162 4587 vel
3212 4512 3510 4606 absque
3560 4510 3697 4584 ali·

2160 4651 2316 4724 qua
2397 4630 2701 4712 forma;
2775 4634 2853 4704 et
2939 4632 3029 4703 de
3099 4630 3215 4704 sic
3292 4628 3703 4723 baptizato

2160 4748 2362 4822 satis
2456 4749 2778 4822 videtur
2866 4745 3413 4829 manifestum,
3508 4747 3707 4837 quod

2158 4868 2340 4938 erat
2409 4863 2934 4957 baptizandus
3003 4863 3424 4956 Baptismo
3484 4859 3709 4937 Chri-

2159 4980 2291 5064 sti,
2337 4983 2535 5066 tum,
2584 4984 2925 5075 propter
2977 4982 3470 5074 praeceptum
3531 4978 3705 5067 ejus

2156 5098 2537 5193 generale
2625 5098 2993 5191 obligans
3081 5118 3386 5179 omnes,
3496 5096 3703 5190 quod

2156 5221 2657 5311 praeceptum
2746 5236 2907 5288 non
3011 5215 3493 5308 impleverat
3572 5214 3701 5287 ba-

2158 5335 2511 5429 ptizatus
2589 5356 2636 5408 a
2701 5336 3012 5407 Joanne
3080 5333 3337 5423 (istud
3424 5335 3696 5407 autem

2156 5457 2649 5549 praeceptum
2703 5452 3083 5546 generale
3124 5449 3278 5526 fuit
3343 5450 3695 5525 rationa-

2148 5574 2333 5659 bile,
2378 5574 2567 5669 quia
2635 5573 3121 5650 rationabile
3195 5572 3350 5646 fuit
3413 5591 3692 5645 omnes
