4287 6313
640 376 719 441 42
1813 383 1958 447 LlB.
1994 385 2095 445 lv.
2139 385 2736 451 SENTENTIARUM

282 567 594 620 Accidenta-
636 540 835 603 docet
863 543 918 603 si
946 556 1150 619 grave
1182 546 1558 605 moveretur
1583 546 1648 606 in
1678 559 1913 617 vacu0‚
1949 547 2192 609 moveri

322 632 575 743 wolgasto
632 661 1032 724 successive.
1064 660 1229 725 Cum
1265 662 1551 724 Doctore
1593 663 1819 740 plures
1863 662 1970 724 alii
2013 663 2193 725 idem

285 759 602 871 ”iffinvffiffi‘
635 784 900 847 docent.
946 786 1087 849 Non
1141 790 1318 848 esset
1346 789 1570 846 autem
1603 788 1938 863 proportio
1970 786 2193 866 quoad

633 907 1121 970 successionem
1154 906 1655 984 accidentalem,
1690 909 1839 987 quia
1872 924 1951 968 ex
1978 924 2188 970 vacuo

633 1025 812 1087 nulla
844 1025 987 1086 talis
1019 1028 1218 1097 esset,
1266 1026 1420 1103 quia
1462 1025 1628 1086 nihil
1654 1023 1740 1084 ad
1772 1024 2030 1102 aliquid
2056 1042 2189 1088 non

637 1142 738 1201 est
778 1140 1113 1219 proportio
1172 1140 1474 1217 praecise,
1537 1156 1619 1202 ex
1668 1139 2063 1219 Philosopho
2121 1144 2191 1205 in

639 1262 843 1319 textu.

332 1370 569 1489 {53¹3
711 1376 926 1444 Dices,
961 1375 1117 1454 quid
1150 1393 1309 1457 ergo
1339 1380 1584 1455 urgent
1613 1382 2006 1457 argumenta
2037 1376 2189 1439 Phi-

313 1499 568 1610 ratixgffum
632 1496 889 1573 losophi
931 1501 1158 1558 contra
1202 1496 1536 1574 antiquos,
1587 1513 1754 1576 quos
1803 1498 2190 1578 impugnat?

289 1622 603 1689 Philosophi.
634 1609 1017 1688 Respondet
1072 1612 1315 1672 Doctor
1363 1630 1377 1671 ε
1425 1615 1596 1687 Erqo
1649 1611 1837 1670 habet
1888 1610 2187 1672 Philoso-

626 1728 800 1804 phus
828 1744 912 1788 ex
952 1728 1070 1789 hoe
1107 1733 1332 1790 contra
1364 1728 1842 1799 adversarium,
1875 1730 2191 1790 dicentem

633 1847 875 1903 motum
931 1858 1060 1904 esse
1114 1845 1183 1903 in
1229 1858 1455 1916 vacue,
1508 1845 1680 1919 quod
1716 1842 1934 1904 nultus
1982 1849 2188 1904 motus

631 1960 871 2022 habens
901 1961 1197 2038 aliquam
1224 1961 1628 2023 velocitatem
1659 1968 1771 2022 aut
1810 1963 2188 2023 tarditatem

632 2078 1095 2139 accidentalem
1135 2081 1629 2155 superadditam
1679 2076 2017 2149 essentiali,
2061 2093 2185 2152 po-

632 2198 745 2255 test
794 2210 926 2254 esse
972 2197 1039 2254 in
1086 2209 1332 2268 vacuo;
1369 2196 1427 2253 et
1470 2196 1587 2255 hoc
1615 2210 1741 2254 non
1773 2198 1860 2254 est
1891 2194 2182 2254 inconve-

631 2313 835 2385 nienS,
889 2313 952 2373 si
992 2315 1259 2387 poneret
1310 2313 1582 2387 praecise
1633 2314 1880 2370 motum
1935 2326 2064 2370 esse
2118 2310 2188 2370 in

631 2443 858 2504 vacue,
884 2431 996 2491 sed
1022 2434 1196 2501 esset,
1222 2430 1285 2490 si
1311 2444 1456 2490 cum
1483 2428 1600 2489 hoc
1620 2430 1885 2503 poneret
1906 2442 2187 2487 vacuum

636 2565 766 2610 esse
795 2549 1238 2624 promotivum
1299 2548 1368 2606 in
1427 2551 1605 2606 motu
1663 2541 1755 2623 (id
1822 2546 1948 2617 est,
2022 2544 2192 2605 sicut

634 2666 864 2727 raritas
913 2662 1102 2741 spatii
1151 2667 1497 2741 promovet
1545 2668 1817 2736 motum,
1860 2662 2038 2742 quod
2086 2680 2189 2724 re-

640 2781 854 2844 tardat
910 2779 1225 2861 densitas)
1277 2781 1379 2842 vel
1427 2783 1710 2844 medium
1753 2782 2189 2844 necessarium

636 2903 703 2961 in
746 2905 945 2971 motu,
994 2905 1121 2961 etc.
1182 2915 1425 2977 nempe
1480 2904 1554 2961 ut
1610 2899 1958 2971 docebant,
2019 2914 2187 2977 quos

633 3017 1004 3097 impugnat.
1059 3017 1535 3095 Argumentum
1598 3031 1756 3095 ergo
1814 3014 2186 3093 Philosophi

636 3133 847 3214 tangit
913 3131 1088 3195 illam
1156 3134 1648 3195 successionem
1717 3137 1959 3204 metue,
2034 3145 2185 3211 quae

634 3250 835 3313 oritur
883 3267 965 3313 ex
1007 3249 1475 3328 impedimento
1535 3249 1924 3312 accidentali
1968 3250 2181 3328 spatii,

635 3383 879 3444 nempe
914 3365 1241 3428 densitate
1274 3370 1386 3427 aut
1417 3366 1706 3427 raritate.

716 3483 1032 3545 Videatur
1089 3483 1583 3545 Commentator
1626 3483 1691 3545 in
1741 3484 1919 3544 hunc
1966 3483 2188 3545 locum

635 3599 1031 3677 Philosophi,
1061 3600 1175 3662 ubi
1204 3600 1292 3661 ait
1322 3603 1567 3660 motum
1599 3604 1666 3661 et
1694 3599 2188 3662 successionem

639 3716 788 3777 oriri
833 3731 916 3777 ex
970 3718 1339 3779 resistentia
1382 3716 1640 3780 mobilis
1697 3715 1782 3778 ad
1838 3721 2185 3794 motorem,

639 3844 711 3900 ut
756 3838 1073 3918 contingit
1100 3837 1166 3899 in
1196 3845 1377 3901 motu
1411 3854 1761 3917 corporum
1793 3839 2185 3912 coelestium,

344 3911 583 4045 εὲξὲρῗῑ.
641 3959 708 4018 in
752 3973 882 4035 quo
915 3956 1092 4017 nulla
1123 3962 1223 4018 est
1249 3955 1620 4019 resistentia
1659 3974 1740 4020 ex
1782 3962 1969 4036 parte
1999 3958 2190 4036 spatii

392 4051 521 4090 ⁰⁰¹⁸·
642 4074 1084 4153 impedIentiS,
1129 4075 1234 4135 vel
1282 4090 1365 4136 ex
1402 4081 1587 4152 parte
1616 4075 1808 4154 spatii
1838 4079 1903 4138 et
1929 4076 2190 4139 mobilis

639 4191 855 4266 simul,
904 4195 980 4252 ut
1023 4191 1339 4270 contingit
1388 4191 1453 4252 in
1503 4192 1919 4267 animalibuS,
1951 4193 2017 4255 in
2050 4194 2191 4273 qui·

638 4314 765 4376 bus
798 4310 1119 4391 contingit
1162 4311 1491 4373 successio
1535 4317 1600 4373 et
1646 4316 1865 4374 motus
1915 4331 1992 4376 ex
2041 4333 2196 4393 pro-

640 4431 945 4509 portione
988 4427 1263 4491 motoris
1321 4426 1406 4489 ad
1467 4428 1710 4490 mobile
1770 4433 1836 4490 et
1892 4430 1975 4492 ad
2034 4447 2189 4509 spa-

639 4546 841 4616 tium;
891 4548 958 4606 et
1007 4548 1308 4605 cessante
1347 4544 1841 4620 impedimento,
1878 4544 2056 4624 quod
2088 4551 2190 4609 est

642 4678 724 4725 ex
773 4661 1009 4738 spatio,
1057 4659 1272 4720 adhuc
1330 4665 1704 4722 remaneret
1753 4660 2190 4725 determinata

642 4779 975 4857 proportio
1051 4779 1362 4855 temporis
1412 4779 1478 4839 in
1541 4783 1746 4853 motu,
1817 4779 2190 4843 secundum

642 4896 1136 4972 proportionem
1179 4896 1449 4956 motoris
1493 4893 1576 4956 ad
1620 4895 1884 4957 mobile.

725 5009 905 5072 Idem
965 5009 1245 5072 admittit
1293 5011 1366 5071 D.
1417 5011 1697 5074 Thomas
1744 5012 2003 5087 ibidem,
2059 5015 2188 5075 imo

646 5128 979 5207 supponit,
1039 5130 1091 5189 si
1149 5135 1367 5190 motus
1422 5128 1610 5191 fleret
1656 5132 1720 5192 in
1767 5147 2001 5205 vacu0,
2045 5131 2189 5192 fore

642 5251 1091 5311 successivum
1148 5250 1517 5311 secundum
1569 5249 1963 5324 tarditatem,
2009 5251 2190 5313 ideo-

645 5380 776 5444 que
797 5365 1077 5429 admittit
1105 5366 1546 5446 objectionem
1577 5366 1663 5429 ad
1692 5384 1890 5447 quam
1919 5385 2192 5445 respon-

648 5485 759 5547 det
831 5483 1353 5561 Commentator,
1428 5486 1656 5548 dicens
1725 5493 2193 5567 argumentum

647 5601 1018 5684 Philosophi
1070 5602 1284 5667 locum
1334 5601 1589 5704 habere
1622 5600 1688 5667 in
1726 5607 1907 5667 motu
1938 5602 2193 5666 anima-

296 5042 367 5093 D.
421 5039 605 5091 Thom.

2301 548 2461 610 lium
2494 565 2576 612 ex
2607 554 2981 616 resistentia
3010 556 3227 632 spatii,
3263 559 3560 634 quamvis
3591 560 3655 622 S.
3689 559 3853 622 Tho-

2302 683 2442 728 mas
2504 668 2678 731 dicat
2720 687 2869 733 esse
2924 673 3485 754 redargutionem,
3549 689 3681 736 non
3741 673 3851 736 de·

2301 787 2867 849 monstrationem.

2380 902 2471 962 Ex
2523 903 2761 981 quibus
2804 908 2988 981 patet
3033 903 3119 965 ad
3167 909 3633 984 argumentum
3663 907 3847 986 Caje-

2300 1018 2455 1092 tani,
2499 1017 2892 1080 servandam
2941 1037 3089 1083 esse
3134 1024 3626 1101 proportionem
3672 1025 3850 1087 illam
3926 1006 4155 1120 Soiaesfiiur

2299 1137 2471 1197 inter
2519 1134 2650 1197 duo
2700 1137 2914 1214 spatia
2959 1138 3155 1217 plena
3227 1140 3447 1218 quoad
3481 1140 3852 1205 tarditatem
3907 1134 4167 1260 Caffgg‘r'xi.

2301 1254 2368 1311 et
2439 1251 2856 1329 densitatem,
2917 1255 3289 1332 secundum
3344 1273 3486 1335 quae
3528 1260 3595 1319 in
3638 1257 3851 1339 gradu

2296 1352 2788 1449 proportionato
2851 1377 2950 1434 est
3003 1373 3352 1450 promotio,
3412 1378 3525 1435 aut
3581 1375 3850 1437 tarditas

2297 1492 2538 1561 motus,
2595 1487 2965 1550 secundum
3009 1489 3330 1569 majorem
3380 1496 3494 1553 aut
3529 1493 3849 1554 minorem

2296 1606 2762 1666 resistentiam.
2809 1605 2934 1668 Sed
2981 1604 3218 1668 falsum
3268 1612 3391 1682 est,
3436 1608 3615 1687 quod
3660 1626 3846 1671 assu·

2299 1722 2515 1793 mitur,
2587 1738 2832 1800 nempe
2903 1723 2956 1785 si
3029 1725 3437 1801 corpulentia
3511 1725 3852 1788 decrescat
3904 1743 4181 1809 Propertio

2295 1854 2513 1916 usque
2571 1838 2654 1900 ad
2724 1854 2859 1901 non
2915 1838 3224 1920 gradum,
3289 1839 3469 1921 quod
3534 1842 3849 1904 velocitas
3923 1813 4165 1933 Βᾛὲζῗ

2295 1958 2513 2016 motus
2544 1956 2608 2016 in
2639 1956 2747 2017 illo
2779 1958 2990 2034 spatio
3014 1962 3376 2037 augeretur
3395 1960 3460 2020 in
3491 1957 3845 2033 infinitum;
3951 1931 4134 2060 §222⁸

2295 2071 2428 2131 haec
2463 2072 2987 2135 accommodatio
3037 2078 3138 2135 est
3188 2073 3413 2145 futilis,
3460 2080 3526 2136 et
3567 2091 3703 2137 non
3750 2082 3851 2138 est

2296 2186 2666 2248 secundum
2696 2192 2992 2250 mentem
3034 2188 3431 2268 Philosophi,
3477 2206 3697 2269 neque
3748 2197 3850 2254 est

2298 2302 2757 2380 Peripatetica.
2807 2305 3127 2384 Supponit
3178 2307 3354 2367 enim
3406 2305 3849 2370 resistentiam

2295 2422 2484 2500 spatii
2538 2437 2686 2483 esse
2732 2420 3043 2486 infinitam
3093 2424 3350 2486 ratione
3392 2424 3845 2501 corpulentiae,

2297 2539 2370 2596 ut
2426 2551 2503 2598 ea
2567 2543 2891 2609 cessante,
2956 2543 3023 2600 et
3065 2544 3318 2601 servata
3394 2540 3841 2619 proportione,

2300 2657 2641 2713 crescente
2671 2653 3042 2727 velocitate,
3097 2655 3239 2732 ipsa
3283 2655 3683 2717 redderetur
3709 2655 3846 2717 infi-
4074 2723 4088 2735 ,

2296 2766 2474 2840 nita;
2525 2765 2799 2831 destruit
2841 2785 3001 2850 ergo
3054 2773 3260 2847 primo
3319 2775 3841 2850 suppositionem
3876 2725 4197 2854 lsssspfflffi'or.

2296 2899 2509 2957 suam,
2579 2900 2822 2962 nempe
2885 2886 3077 2948 talem
3136 2903 3283 2949 esse
3354 2892 3845 2967 proportionem

2298 3002 2698 3063 accrementi
2724 3002 2790 3062 in
2816 3003 3190 3079 velocitate,
3225 3004 3308 3066 ad
3341 3004 3841 3069 decrementum

2296 3118 2685 3181 resistentiae
2720 3117 2917 3182 medii
2960 3119 3382 3198 impedientis
3437 3127 3553 3184 aut
3602 3140 3843 3202 corpu-

2296 3235 2526 3308 lentiae,
2555 3235 2689 3296 haec
2722 3235 2896 3298 enim
2934 3235 3113 3299 finita
3164 3243 3286 3310 est,
3339 3239 3497 3302 alias
3539 3242 3846 3320 nequiret

2296 3352 2594 3429 superari
2623 3351 2857 3414 virtute
2887 3354 3178 3414 motoris,
3214 3355 3465 3415 Desinit
3494 3356 3687 3417 etiam
3725 3373 3846 3435 per

2297 3473 2519 3546 partes
2547 3467 2861 3542 actualeS‚
2895 3473 2969 3530 ut
3004 3475 3265 3542 vocant,
3313 3486 3435 3532 seu
3483 3487 3614 3534 non
3663 3489 3844 3536 com·
3874 3440 4209 3569 ωέἕζωζε,

2297 3588 2736 3660 municanteS‚
2767 3588 2856 3667 (in
2889 3586 3125 3665 quihus
3166 3595 3265 3651 est
3312 3592 3650 3664 termium,
3686 3591 3845 3653 alias
3909 3570 4169 3684 „0¹22ssss-

2300 3719 2638 3782 nunquam
2699 3703 2963 3765 daretur
3021 3705 3338 3766 terminus
3390 3704 3662 3788 motus,)
3712 3724 3845 3770 non

2300 3825 2518 3881 autem
2550 3837 2666 3898 per
2696 3826 2913 3898 partes
2944 3822 3335 3898 potentiales
3378 3828 3446 3884 et
3474 3826 3843 3886 communi-

2301 3944 2548 4010 cantes,
2590 3939 2657 3999 in
2700 3939 2940 4016 quibus
2971 3938 3188 3999 nullus
3233 3944 3335 4001 est
3383 3943 3635 4015 status;
3685 3957 3844 4022 ergo

2300 4053 2493 4116 etiam
2528 4024 2840 4115 velocitas
2884 4058 3101 4115 motus
3158 4054 3313 4117 inde
3373 4071 3678 4118 crescens
3726 4062 3850 4120 erit

2297 4171 2498 4246 finita,
2534 4176 2601 4233 et
2628 4172 2773 4251 ejus
2804 4176 3291 4234 accrementum
3325 4174 3449 4235 erit
3477 4190 3597 4251 per
3625 4180 3848 4252 partes

2300 4307 2434 4352 non
2481 4289 3065 4352 communicantes,

2377 4405 2475 4467 Ad
2544 4406 2951 4484 propositum
3034 4422 3193 4485 ergo
3275 4405 3840 4469 accommodando
3924 4464 4158 4518 Fallacia

2299 4526 2791 4602 proportionem
2860 4522 3059 4596 illam,
3123 4524 3465 4587 committit
3522 4523 3841 4587 fallaciam
3921 4528 4149 4600 ratipnis

2301 4641 2787 4719 consequentis,
2835 4639 2986 4718 quia
3036 4655 3169 4701 non
3216 4642 3516 4719 sequitur
3557 4661 3572 4702 ε
3627 4647 3842 4706 motus
3866 4605 4186 4656 praemmae,

2300 4775 2431 4821 non
2502 4759 2704 4820 habet
2755 4758 3248 4819 successionem
3323 4774 3404 4819 ex
3473 4760 3846 4822 resistentia

2299 4877 2490 4956 spatii
2538 4875 2788 4937 ratione
2837 4874 3317 4952 impedimenti,
3369 4875 3548 4954 quod
3598 4877 3844 4939 nullum

2301 4999 2442 5066 est;
2491 5009 2649 5072 ergo
2695 5003 2829 5053 non
2870 4990 3072 5052 habet
3108 4993 3597 5053 successionem
3648 4993 3841 5056 abso-

2298 5111 2458 5172 lute.

2380 5244 2634 5306 Falsum
2693 5247 2816 5316 est,
2876 5244 3026 5320 quia
3096 5241 3299 5304 habet
3357 5242 3849 5304 successionem

2303 5380 2382 5425 ex
2410 5362 2776 5425 resistentia
2816 5361 3070 5424 mobilis
3119 5360 3204 5422 ad
3251 5365 3597 5435 motorem,
3649 5377 3848 5438 quam

2301 5482 2376 5541 D.
2408 5480 2691 5542 Thomas
2741 5486 2806 5541 et
2852 5477 3339 5540 Commentator
3379 5485 3619 5542 vocant
3663 5485 3847 5541 natu·

2300 5597 2535 5671 ratem,
2583 5602 2811 5659 noster
2848 5597 3089 5658 Doctor
3134 5598 3563 5673 essentialem‚·
3618 5601 3684 5660 et
3738 5613 3844 5660 se-
