4287 6313
332 2739 538 2831 Cajefan
549 2804 563 2819 .

349 2829 522 2878 Prima

324 2891 559 2956 objectio.

316 3592 572 3649 Solvitur.

339 4085 571 4137 Secunda

322 4149 563 4216 objectio.

327 4642 581 4707 Solvitur.

407 4933 488 4984 39.

370 4994 547 5047 Tertia

334 5056 572 5124 objectio.

613 391 729 455 302

613 556 1101 645 expressionem
1128 579 1345 626 causae
1377 556 1904 646 principaliS,sed
1947 555 2145 624 etiam

615 674 1084 761 professionem
1154 675 1328 756 fidei,
1403 687 1595 764 prout
1642 695 1865 742 omnes
1917 694 2154 761 suppo·

613 801 799 873 nunt,
843 812 991 858 cum
1051 792 1423 878 Baptismus
1499 791 1585 858 sit
1657 794 2152 859 Sacramentum

611 908 783 990 fidei,
864 921 929 976 et
1004 909 1323 996 professio
1382 909 1550 996 legis
1609 908 2056 996 Evangelicae,
2091 918 2157 972 et

608 1023 686 1090 ad
738 1037 1090 1114 utrumque
1130 1025 1420 1093 deservit
1465 1026 1805 1113 expressio
1849 1003 2155 1113 persona-

612 1162 756 1208 rum
823 1143 946 1209 sub
1010 1143 1385 1210 nominibus
1441 1142 1745 1230 propriis,

701 1260 909 1344 Negat
955 1258 1148 1325 etiam
1207 1257 1732 1346 aequivalentiam
1820 1256 2162 1343 utriusque

619 1374 870 1452 formae,
933 1385 1249 1461 quantum
1297 1374 1374 1441 ad
1443 1374 1709 1442 modum
1778 1372 2161 1460 significan-

619 1491 684 1557 di
733 1490 1154 1578 speculative,
1236 1503 1301 1557 et
1367 1503 1683 1579 quantum
1748 1490 1827 1556 ad
1898 1487 2162 1577 signifi-

620 1608 940 1674 cationem
1008 1607 1288 1695 practice
1344 1627 1460 1674 seu
1509 1605 1895 1673 efficaciam.
1973 1608 2162 1671 Com-

618 1724 964 1810 prehendit
1029 1746 1188 1811 ergo
1232 1724 1298 1789 in
1367 1744 1436 1791 re
1499 1722 1816 1812 quidquid
1846 1720 2163 1810 superad-

618 1840 714 1907 dit
795 1845 1107 1930 VasqueZ,
1162 1842 1464 1929 quamvis
1533 1852 1785 1907 tantum
1866 1839 2151 1905 declaret

620 1957 1095 2024 invocationem
1120 1957 1483 2045 respective
1505 1955 1584 2023 ad
1608 1956 1914 2023 effectum
1940 1957 2165 2021 Sacra·

620 2077 820 2141 menti
852 2088 924 2141 ut
971 2085 1069 2141 est
1098 2074 1436 2161 expressio
1495 2072 1870 2160 principalis
1950 2092 2168 2138 causae

618 2192 1309 2279 sanctificantiS,prout
1339 2191 1534 2258 etiam
1571 2203 1669 2258 est
1698 2211 1779 2256 ex
1818 2210 1940 2256 usu
1984 2192 2163 2254 Con-

623 2310 947 2390 ciliorum,
979 2310 1317 2395 speciatim
1350 2307 1703 2374 Florentini
1754 2327 1828 2372 ac
1877 2309 2164 2385 Patrum,

625 2439 849 2494 contra
901 2425 1268 2493 Donatistas
1325 2436 1390 2490 et
1448 2423 1613 2490 alios
1644 2422 1996 2489 haereticos
2028 2421 2169 2508 Jam

629 2543 1034 2631 praemissos,
1943 2629 1950 2635 ι

716 2659 952 2747 Objicit
1005 2660 1353 2747 Cajetanus
1400 2658 1466 2724 in
1518 2678 1660 2744 cap.
1744 2656 1797 2721 A
1876 2652 2165 2743 quoda-m

633 2774 885 2858 Judaeo,
936 2774 1280 2862 approbari
1321 2773 1721 2859 Baptismum
1792 2771 1859 2836 in
1905 2769 2175 2837 nomine

634 2890 991 2971 Trinitatis,
1056 2889 1160 2955 vel
1219 2888 1283 2954 in
1352 2888 1618 2954 nomine
1679 2886 1922 2952 Christi
1980 2884 2177 2951 colla-

632 3019 797 3085 tum,
843 3027 1002 3093 ergo
1068 3027 1103 3072 a
1143 3003 1394 3071 fortiori
1464 3003 1529 3068 in
1609 3001 1920 3091 praedicta
1965 3000 2175 3066 forma

630 3123 959 3203 collatum,
1040 3142 1190 3211 quae
1231 3121 1439 3209 magis
1506 3118 1752 3188 accedit
1780 3117 1858 3187 ad
1901 3118 2176 3185 formam

631 3239 1051 3320 ordinariam,
1086 3250 1150 3305 et
1186 3237 1473 3304 continet
1493 3254 1873 3321 expressam
1917 3232 2176 3299 invoca-

630 3355 873 3422 tionem
905 3354 1265 3422 Trinitatis.
1292 3351 1747 3440 Respondetur
1786 3372 1902 3436 per
1953 3349 2177 3415 Trini-

635 3484 832 3539 tatem
888 3471 1165 3558 intelligi
1228 3469 1601 3557 explicitam
1690 3467 2177 3534 invocationem

634 3608 748 3674 per
807 3586 1067 3674 propria
1142 3586 1432 3663 nomina,
1504 3585 1675 3650 sicut
1740 3582 1986 3648 dictum
2047 3591 2173 3648 est.

632 3705 955 3779 Quantum
995 3702 1074 3769 ad
1133 3699 1516 3782 secundum,
1563 3698 1641 3765 de
1689 3700 2018 3785 Baptismo
2046 3696 2177 3763 col-

633 3820 764 3887 lato
802 3819 866 3885 in
928 3817 1193 3884 nomine
1254 3816 1519 3893 Christi,
1578 3812 2077 3901 respondebitur
2110 3812 2178 3877 in

635 3935 1086 4023 sequentibus,
1142 3935 1235 3999 Ita
1293 3935 1549 3998 Doctor.

722 4051 957 4138 Objicit
1005 4049 1289 4117 secundo
1348 4047 1765 4114 Ambrosium
1809 4045 1923 4112 lib.
1984 4049 2045 4113 1.
2098 4045 2182 4111 de

633 4170 900 4254 Spiritu
996 4176 1246 4245 sancte,
1340 4164 1447 4231 ubi
1515 4163 1673 4229 dicit
1757 4183 1870 4250 per
1941 4181 2179 4228 nomen

635 4284 876 4351 Christi
908 4282 1046 4350 dari
1080 4280 1355 4367 intelligi
1387 4278 1793 4359 Trinitatem,
1855 4278 2002 4366 quia
2056 4298 2181 4344 un-

636 4415 927 4488 gentem,
1021 4410 1316 4478 unctum,
1405 4408 1469 4463 et
1540 4396 1951 4472 unctionem;
2022 4413 2183 4480 ergo

640 4528 895 4583 constat
944 4514 1420 4581 invocationem
1464 4511 1776 4598 implicite
1837 4508 2177 4578 Trinitatis

639 4633 964 4699 sufficere.
1039 4628 1491 4718 Respondetur
1578 4625 1877 4714 negando
1956 4645 2181 4691 conse-

640 4750 1071 4839 quentiam,et
1097 4745 1533 4815 declarabitur
1561 4741 1952 4810 antecedens
1987 4740 2179 4806 infra.

723 4866 959 4955 Objicit
997 4865 1185 4932 tertio
1229 4862 1598 4951 Eugenium
1691 4864 1799 4930 lv,
1851 4861 1917 4926 in
1965 4859 2187 4927 decre-

639 4997 703 5051 to
755 4982 931 5064 fidei,
982 4982 1132 5049 licet
1180 4978 1472 5067 posuerit
1519 4978 1990 5044 invocationem
2039 4978 2187 5044 Tri-

641 5101 863 5169 nitatis
904 5099 1027 5167 sub
1085 5097 1367 5185 propriis
1414 5094 1790 5163 nominibus
1847 5095 2182 5174 informa,

641 5238 771 5285 non
814 5215 1162 5304 reprobare
1217 5212 1434 5293 aliam,
1481 5231 1631 5299 quae
1683 5210 1869 5276 aliter
1919 5230 2035 5295 per
2077 5231 2188 5297 sy-

644 5336 908 5405 nonima
958 5331 1355 5418 exprimeret
1436 5327 1848 5415 mysterium,
1902 5337 1966 5393 et
2023 5325 2190 5393 insi-

642 5464 799 5523 nuat
847 5451 912 5517 in
953 5448 1229 5526 ratione,
1274 5465 1470 5533 quam
1511 5443 1772 5510 adducit
1819 5463 1937 5530 pro
1977 5441 2188 5507 forma

643 5574 1043 5645 Graecorum,
1085 5575 1149 5630 et
1204 5563 1349 5650 ejus
1389 5559 1809 5635 sufficientia,
1865 5557 2017 5646 quia
2066 5557 2182 5623 de-

1845 392 1984 457 LlB.
2036 391 2137 454 lv,
2171 391 2767 456 SENTENTIARUM

2265 575 2445 630 notat
2509 575 2725 630 actum
2805 559 3113 643 ministri,
3185 573 3250 629 et
3325 561 3807 630 invocationem

2266 680 2708 746 Sanctissimae
2766 678 3130 760 Trinitatis,
3175 690 3247 746 ut
3300 700 3519 748 causae
3567 680 3809 766 princi-

2267 793 2470 882 palis,
2523 815 2682 880 ergo
2730 794 2793 861 id
2834 794 3102 862 sufficit.
3156 795 3612 883 Respondetur
3659 815 3810 862 eum

2267 908 2627 988 intendere,
2673 909 2848 976 illam
2905 911 3407 991 invocationem,
3465 922 3535 977 ut
3582 911 3817 978 tradita

2268 1035 2370 1092 est
2408 1025 2472 1090 in
2505 1025 2754 1106 formis,
2812 1046 2976 1114 quas
3015 1027 3357 1114 approbat,
3405 1047 3534 1092 non
3594 1026 3812 1106 aliter,

2269 1139 2610 1221 sufficere3
2691 1141 3023 1209 abstinere
3097 1155 3314 1209 autem
3372 1142 3453 1210 ab
3551 1141 3819 1208 incertis

2271 1258 2714 1344 opinionibuS,
2786 1258 2939 1346 quia
2994 1259 3170 1325 illam
3276 1280 3472 1347 quam
3530 1256 3820 1325 defendit

2272 1374 2618 1461 Cajetanus
2663 1386 2725 1440 et
2774 1375 3083 1441 Ledesma
3139 1379 3197 1441 1.
3238 1386 3421 1462 part.
3484 1378 3547 1440 4.
3603 1396 3665 1460 q.
3748 1378 3811 1456 Ἶ.
3872 1373 4137 1488 [83838-

2272 1501 2402 1556 art.
2459 1495 2523 1556 5.
2559 1501 2631 1556 ut
2661 1489 3161 1577 probabiliorem
3212 1490 3399 1557 docet
3457 1489 3684 1556 Glossa
3752 1489 3817 1554 in

2275 1627 2416 1692 cap.
2489 1606 2705 1686 Multi,
2790 1606 2871 1671 de
2918 1616 3282 1673 consecrat.
3346 1606 3504 1673 dist.
3548 1610 3612 1670 4.
3680 1616 3819 1670 tan-

2277 1742 2472 1809 quam
2511 1721 2896 1810 legitimam,
2954 1734 3020 1789 et
3056 1724 3181 1790 hoc
3217 1735 3370 1790 ante
3417 1720 3814 1810 Eugenium.

2365 1838 2602 1926 Objicit
2679 1851 2935 1926 quarto,
2997 1839 3170 1927 quod
3232 1839 3341 1906 illa
3450 1836 3658 1906 forma
3736 1836 3826 1904 sit

2278 1954 2705 2040 aequivalenS,
2776 1953 2888 2021 sed
2944 1956 3069 2022 hoc
3121 1976 3204 2022 ex
3263 1954 3454 2022 dictis
3514 1966 3815 2041 negatur,
3906 1925 4108 2048 Qffg„

2278 2070 2429 2156 quia
2470 2070 2620 2136 licet
2667 2070 3072 2159 aequivalens
3112 2071 3331 2158 aliquo
3401 2071 3591 2137 modo
3668 2091 3820 2160 spe·
3886 2050 4143 2164 ξξῖξξζζ·

2282 2187 2588 2268 culative,
2626 2199 2694 2254 ut
2760 2187 3022 2275 quidam
3082 2187 3335 2268 volunt,
3417 2207 3548 2254 non
3605 2199 3820 2254 tamen
3902 2177 4115 2227 3⁰⁸¹·OE-

2283 2304 2586 2390 practice,
2640 2304 2791 2392 quia
2843 2304 2903 2369 id
2955 2303 3275 2390 dependet
3349 2304 3430 2370 ab
3495 2303 3820 2371 instituto,

2282 2419 2511 2487 Melius
2572 2431 2848 2507 negatur
2903 2418 3099 2485 etiam
3152 2419 3435 2506 primum
3460 2441 3541 2486 ex
3596 2423 3824 2485 Docto-

2285 2558 2378 2618 re,
2423 2535 2574 2624 quia
2603 2536 2904 2603 notiones
2936 2557 3066 2603 non
3097 2537 3445 2624 designant
3481 2556 3819 2623 personaS,

2284 2652 2397 2721 sed
2439 2654 2890 2740 proprietates,
2938 2654 3063 2721 Sed
3113 2665 3306 2741 urget
3356 2655 3615 2739 SuareZ,
3649 2652 3826 2741 quod
3852 2670 4013 2721 Pater
4046 2669 4181 2744 ‚sub-

2286 2771 2480 2838 etiam
2524 2773 2711 2837 Pater
2761 2769 3118 2838 formaliter
3166 2769 3496 2857 significat
3533 2769 3824 2857 proprie·
3900 2739 4181 2847 ξαἛῗζῖ

2286 2898 2508 2955 tatem.
2553 2888 3005 2975 Respondetur
3057 2888 3353 2975 negando
3411 2887 3823 2966 antecedenS,

2289 3004 2439 3092 quia
2481 3023 2608 3070 non
2649 3004 2932 3071 sumitur
2978 3006 3183 3072 Pater
3229 3005 3714 3072 denominative
3765 3005 3829 3070 in

2291 3121 2412 3187 hac
2469 3119 2699 3202 forma,
2762 3121 2876 3188 s'ed
2940 3122 3374 3203 substantive,
3440 3133 3631 3211 prout
3679 3123 3831 3189 sub-

2291 3237 2485 3318 sistit,
2524 3237 2674 3304 licet
2713 3237 3015 3326 importet
3044 3239 3140 3306 sic
3169 3238 3665 3306 constitutivum
3698 3240 3827 3318 su33

2291 3356 2469 3422 notio
2508 3366 2725 3423 autem
2776 3356 3107 3444 significat
3147 3358 3640 3445 proprietatem,
3684 3378 3830 3425 nam

2289 3472 2440 3540 licet
2508 3472 2573 3538 in
2630 3493 2701 3540 re
2765 3473 2849 3539 sit
2914 3473 3138 3540 eadem
3208 3494 3356 3540 cum
3417 3475 3828 3561 paternitate,

2291 3598 2505 3653 tamen
2581 3585 2910 3674 significat
2973 3598 3188 3654 actum
3259 3588 3681 3668 notionalem,
3764 3602 3836 3656 ut

2288 3712 2388 3768 est
2433 3702 2512 3769 ad
2555 3702 2909 3769 terminum
2969 3723 3084 3789 per
3136 3702 3398 3769 modum
3444 3716 3629 3770 actus
3681 3724 3830 3790 pro-

2290 3817 2564 3897 ductivi,
2627 3829 2689 3884 et
2748 3838 2878 3884 non
2932 3818 3468 3886 constitutionem
3538 3840 3838 3906 personae

2292 3934 2414 4002 sub
2449 3933 2555 4000 illa
2602 3934 2853 4001 ratione
2917 3945 2980 4001 et
3023 3935 3212 4002 modo
3273 3935 3687 4023 significandi
3721 3956 3842 4000 vo-

2291 4051 2428 4129 cis3
2481 4051 2858 4136 paternitas
2923 4063 3138 4118 autem
3199 4051 3530 4139 significat
3613 4051 3827 4119 subsi-

2294 4166 2596 4232 stentiam
2636 4187 2751 4251 per
2804 4166 3064 4234 modum
3087 4168 3566 4249 constituentis,
3603 4167 3699 4234 sic
3736 4187 3843 4232 er-

2293 4304 2380 4368 go
2409 4281 2720 4349 differunt
2748 4282 2878 4349 illae
2907 4303 3102 4350 voces
3135 4284 3199 4349 in
3247 4284 3434 4350 modo
3466 4283 3842 4371 significan-

2293 4397 2383 4477 di,
2419 4396 2613 4464 etiam
2664 4397 3088 4485 speculative.
3144 4398 3305 4466 Vide
3357 4403 3695 4467 Doctorem
3744 4400 3841 4464 in-

2298 4512 2393 4579 fra
2423 4534 2718 4600 respons.
2764 4514 2855 4580 ad
2895 4519 2957 4582 7.

2384 4628 2619 4715 Objicit
2659 4631 2887 4717 quinto
2927 4631 3246 4719 exempla,
3295 4644 3385 4712 ut,
3441 4634 3581 4720 Eyo
3636 4633 3845 4720 bapti·
3939 4646 4134 4721 Quinta

2297 4765 2375 4810 zo
2416 4756 2475 4810 te
2505 4746 2579 4811 in
2617 4748 2885 4813 nomine
2939 4748 3189 4829 Patri-5,
3237 4759 3297 4813 et
3345 4749 3498 4814 lesu
3561 4750 3836 4831 Christi,
3872 4711 4189 4839 Βῖῗᾶοιξιεῗὸ.

2299 4871 2361 4925 et
2412 4862 2710 4946 Spiritus
2766 4864 2983 4928 sancti
2999 4888 3026 4943 ,·
3077 4864 3149 4929 in
3188 4865 3456 4930 nomi-ne
3502 4866 3731 4931 Patris
3782 4879 3842 4930 et

2298 4976 2470 5042 Filii
2516 4988 2578 5043 et
2633 4979 2931 5064 Spiritus
2976 4981 3331 5066 paracleti.
3387 4982 3845 5069 Respondetur

2301 5092 2575 5179 primam
2627 5093 2900 5161 formam
2930 5115 3057 5161 non
3099 5116 3245 5163 esse
3275 5096 3581 5179 validam,
3608 5118 3846 5165 secun-

2303 5209 2448 5277 dam
2509 5222 2724 5275 autem
2771 5211 3051 5278 validam
3121 5234 3288 5297 esse,
3353 5214 3501 5301 quia
3579 5215 3852 5282 mutatio

2303 5327 2408 5395 illa
2476 5338 2575 5396 est
2623 5329 2828 5398 solius
2879 5330 3174 5417 epitheti,
3247 5351 3374 5398 non
3426 5332 3845 5412 substantiae,

2302 5447 2601 5531 Spiritus
2638 5446 2814 5513 enim
2855 5446 3183 5536 significat
3236 5470 3626 5536 personam;
3672 5449 3849 5518 unde

2304 5561 2361 5629 si
2436 5562 2698 5629 tollatur
2774 5563 3161 5651 epithetum,
3236 5566 3407 5633 valet
3484 5566 3845 5634 secundum

3833 773 4123 840 Responsio
4134 811 4149 824 .
