4287 6313
1589 335 1793 439 nisi·
1835 374 1878 437 1.
1930 374 2307 457 QuAEsno
2327 378 2375 441 1.

403 532 572 606 test
621 533 847 606 totus
905 535 986 606 et
1029 532 1403 607 totaliter
1451 534 1809 626 produci,
1845 536 1964 608 ni-

408 644 476 718 si
527 668 575 719 a
627 668 1011 741 supremo
1047 649 1558 743 simpliciter.
1622 652 1733 724 Ad
1780 672 1964 744 pro-

408 761 823 835 bationem
877 766 1221 858 maj0ris
1276 767 1479 849 dico,
1552 768 1756 859 quod
1804 787 1966 839 non

409 879 849 951 secundum
913 886 1168 955 totam
1225 881 1674 976 potentiam
1735 901 1965 954 suam

410 994 822 1084 producit;
859 1017 1020 1071 non
1064 997 1279 1072 enim
1334 1005 1660 1091 oportet
1717 1020 1963 1092 agens

411 1112 848 1184 secundum
918 1117 1176 1187 totam
1261 1116 1658 1190 virtutem
1736 1136 1966 1189 suam

411 1229 886 1319 producere,
933 1236 1326 1324 quantum
1369 1239 1646 1326 posset
1690 1253 1964 1306 secun-

405 1344 592 1417 dum
648 1345 874 1419 illam
946 1349 1412 1439 producere,
1473 1349 1783 1441 quando
1842 1353 1967 1422 est

406 1479 657 1552 agens
698 1461 973 1545 libere,
1010 1484 1171 1536 non
1207 1470 1698 1540 necessitate
1741 1470 1968 1539 natu-

416 1598 550 1650 rae.
607 1581 710 1653 Et
762 1602 946 1653 cum
998 1583 1347 1655 ulterius
1397 1583 1721 1665 dicitur,
1780 1587 1966 1656 tunc

410 1693 861 1784 perfectior
913 1697 1249 1771 effectus
1292 1701 1453 1770 non
1498 1698 1967 1771 manifesta·

416 1814 544 1883 ret
587 1811 982 1904 majorem
1049 1812 1629 1906 perfectionem
1672 1834 1962 1897 causae,

412 1925 791 2005 concedo,
840 1929 1042 2019 quod
1097 1930 1582 2022 quicumque
1631 1930 1967 2004 effectus

417 2040 858 2132 productus
892 2047 1116 2115 totus
1157 2052 1238 2117 et
1270 2045 1669 2127 totaliter,
1720 2045 1968 2117 mani-

118 1888 349 1947 Quomodo

132 1950 310 1999 effeetus

115 2014 351 2082 perfectior

262 2091 292 2125 8

117 2092 345 2262 ἓξὲξ,
411 2154 663 2229 festat
711 2158 1106 2248 aequalem
1153 2158 1600 2252 potentiam
1651 2181 1960 2243 causae;

139 2277 298 2373 ἐζ.
411 2271 550 2343 sed
606 2271 937 2346 effectus
991 2274 1436 2367 perfectior
1477 2275 1964 2348 eminentius

410 2389 911 2464 manifestat.
969 2393 1475 2484 Exemplum,
1548 2393 1615 2465 si
1677 2394 1775 2465 ab
1834 2414 1965 2466 eo-

403 2505 586 2577 dem
666 2507 1068 2600 principio
1127 2509 1607 2583 descendant
1688 2511 1966 2585 multae

404 2621 979 2694 conclusiones
1034 2624 1451 2706 ordinatae,
1526 2628 1701 2699 tota
1760 2627 1967 2699 veri-

403 2739 539 2807 tas
602 2738 980 2831 principii
1060 2760 1304 2814 causa
1390 2745 1513 2814 est
1582 2743 1964 2817 veritatis

402 2855 961 2928 conclusionis
1022 2857 1477 2948 cujuslibet,
1542 2864 1623 2933 et
1689 2864 1965 2933 tamen

405 2990 569 3041 una
635 2970 1152 3048 illarum·est
1220 2975 1484 3047 altera
1550 2976 1835 3048 verior
1882 2983 1964 3052 et

398 3086 898 3164 eminentius
980 3090 1451 3166 manifestat
1526 3092 1964 3168 veritatem

403 3203 820 3297 principii.

141 3326 264 3440 Aah
497 3322 610 3394 Ad
658 3322 873 3394 aliud
917 3323 1008 3396 de
1056 3326 1468 3404 annihilare,
1524 3323 1698 3397 dico
1757 3328 1961 3417 quod

87 3452 343 3523 ‚lumnam
397 3437 662 3510 solius
697 3438 841 3511 Dei
882 3443 1007 3512 est
1051 3437 1534 3522 annihilare,
1597 3440 1784 3531 quia
1826 3461 1963 3514 an-

101 3521 320 3640 αῗιιῗὲξ,
395 3552 756 3625 nihilare
787 3574 947 3626 non
977 3558 1379 3644 estagere
1417 3554 1785 3647 positive,
1827 3556 1959 3628 sed

125 3645 295 3763 <1³:30³
396 3691 569 3742 non
601 3689 870 3763 agere,
909 3670 983 3744 id
1022 3674 1172 3751 est,
1214 3690 1374 3741 non
1416 3691 1952 3752 conservare;

395 3786 663 3860 solius
718 3791 992 3860 autem
1064 3785 1205 3859 Dei
1271 3790 1395 3860 est
1463 3807 1957 3890 conservare

393 3906 666 3977 totam
732 3907 1204 3976 creaturam
1301 3906 1381 3976 et
1467 3903 1843 3976 totaliter
1876 3907 1955 3977 et

383 4019 782 4103 breviter,
859 4018 1069 4091 sicut
1131 4018 1502 4112 quaelibet
1570 4023 1955 4092 creatura

384 4134 750 4226 requirit
804 4153 1137 4207 causam
1198 4138 1829 4207 concausantem
1872 4133 1953 4205 in

371 4255 568 4338 fieri,
651 4251 967 4324 scilicet
1038 4250 1522 4343 principium
1610 4251 1952 4342 potenti-

375 4368 542 4448 ale,
592 4367 707 4442 ita
777 4388 1025 4461 super
1069 4367 1262 4439 illud
1312 4386 1472 4439 non
1518 4369 1789 4458 potest
1830 4368 1953 4440 de·

377 4486 805 4570 struendo,
849 4485 1061 4558 sicut
1100 4505 1245 4557 nec
1293 4483 1824 4576 producendo,
1870 4488 1948 4558 et

379 4624 540 4697 per
579 4621 1083 4693 consequens
1133 4599 1600 4672 necessario
1646 4599 1948 4691 aliquid

377 4717 813 4810 relinquit,
848 4716 1055 4790 sicut
1090 4714 1559 4789 necessario
1597 4735 1948 4808 praesup-

379 4833 648 4929 ponit.
686 4832 909 4907 Sicut
942 4834 1213 4904 autem
1245 4832 1553 4905 creatio
1619 4831 1948 4924 proprie

372 4952 604 5028 dicta
635 4956 766 5025 est
801 4949 1222 5042 productio
1246 4948 1338 5022 de
1368 4948 1649 5032 nihilo,
1689 4948 1761 5022 id
1792 4955 1942 5033 est,

376 5089 551 5144 non
598 5069 692 5141 de
732 5066 1037 5158 aliquo,
1076 5064 1278 5159 quod
1311 5065 1417 5138 sit
1464 5085 1654 5158 pars
1702 5065 1947 5160 primi

378 5185 791 5282 producti,
845 5189 928 5259 et
970 5182 1471 5276 receptivum
1505 5182 1792 5257 formae
1834 5184 1945 5257 in-

371 5307 667 5384 ductae,
735 5302 856 5376 ita
913 5298 1399 5374 annihilatio
1461 5304 1582 5373 est
1634 5301 1943 5375 destru-

371 5423 545 5498 ctio
588 5422 670 5494 in
703 5419 941 5498 nihil,
978 5422 1325 5510 utroque
1368 5419 1626 5491 modo,

373 5571 382 5584 -
443 5533 1205 5633 ,Adprobationem
1259 5536 1609 5628 primam
1648 5534 1740 5608 de
1783 5533 1943 5609 for-

3562 401 3645 464 96

2070 556 2202 609 ma
2278 541 2664 624 naturali,
2731 548 2952 638 patet
3023 553 3178 622 dist.
3244 557 3307 628 1.
3368 558 3436 628 2.
3502 561 3618 628 lib.

2069 654 2258 745 quia
2316 657 2504 733 licet
2542 661 2767 735 nulla
2802 684 2994 756 pars
3031 666 3319 744 formae
3355 693 3621 748 mane-

2072 775 2182 853 at,
2259 778 2530 850 manet
2597 781 2873 853 tamen
2948 784 3252 877 aliquid
3328 788 3617 863 formae

2071 890 2598 981 receptivum,
2637 898 2841 986 quod
2874 898 3029 976 fuit
3064 902 3369 997 aliquid
3402 928 3617 981 com-

2069 1005 2344 1096 positi.
2418 1009 2533 1082 Ad
2593 1010 2819 1086 illam
2892 1018 3464 1109 probationem
3523 1025 3615 1098 de
3694 1060 3939 1116 Virtutes,

2067 1120 2536 1207 virtutibus,
2595 1132 3064 1221 respondeo,
3123 1138 3333 1227 quod
3390 1140 3614 1213 nulla
3674 1124 3895 1239 -issgffiffi

2065 1237 2334 1310 virtus
2378 1240 2646 1315 infusa
2712 1252 2983 1338 potest
3045 1256 3468 1349 corrumpi
3530 1259 3612 1331 in
3644 1247 3954 1363 deggjfgffiss

2067 1352 2298 1427 nobis
2337 1377 2481 1449 per
2512 1360 2864 1454 aliquem
2899 1372 3171 1440 actum
3204 1374 3606 1456 nostrum,
3695 1380 3896 1490 g‘fflffi

2071 1471 2299 1561 quasi
2370 1494 2514 1565 per
2572 1482 2957 1553 naturam
3013 1489 3605 1578 repugnantiae,
3899 1474 3914 1489 ⁵

2071 1587 2204 1659 sed
2265 1589 2531 1664 solum
2590 1613 2734 1685 per
2783 1617 3113 1671 causam
3182 1602 3615 1679 demerito-

2071 1702 2318 1788 riam;
2370 1708 2647 1780 anima
2711 1712 2930 1785 enim
2984 1736 3325 1808 peccans
3358 1721 3618 1796 deme-

2072 1823 2330 1902 retur,
2369 1824 2574 1912 quod
2623 1828 2897 1916 gratia
2964 1851 3129 1903 non
3195 1855 3631 1910 conserve-—

2070 1937 2210 2006 tur
2251 1934 2331 2007 in
2364 1957 2484 2019 ea,
2520 1944 2600 2013 et
2634 1942 2749 2014 sic
2793 1944 2874 2014 in
2926 1950 3272 2022 secundo
3318 1951 3621 2026 instan-

2072 2050 2133 2123 ti
2176 2056 2518 2136 naturae,
2560 2061 2901 2150 propter
2935 2063 3097 2135 tale
3130 2065 3619 2142 demeritum

2071 2168 2304 2255 quasi
2337 2173 2821 2262 praecedens,
2859 2180 3073 2251 Deus
3105 2201 3265 2254 non
3303 2206 3626 2259 conser-

2067 2284 2209 2355 vat
2251 2287 2633 2375 gratiam,
2670 2295 2749 2364 et
2785 2293 2899 2366 sic
2952 2298 3484 2375 annihilatur.

2152 2399 2267 2472 Ad
2315 2403 2837 2492 probationes
2889 2410 3074 2485 illas
3115 2414 3207 2486 de
3249 2416 3621 2494 amicitia
3765 2446 3867 2497 1³01·

2013 2596 2020 2605 ι
2067 2518 2149 2587 et
2191 2514 2645 2603 inimicitia,
2684 2522 2886 2609 dico,
2932 2528 3138 2618 quod
3174 2550 3316 2621 per
3347 2553 3621 2625 pecca·
3675 2515 3941 2573 peccatum

3760 2585 3859 2621 non

2065 2629 2242 2701 tum
2277 2652 2434 2705 non
2465 2638 2587 2707 est
2627 2638 2926 2731 aliquis
2962 2643 3429 2722 formaliter
3465 2638 3627 2724 in‘i-'
3694 2633 3931 2748 ἱξῗξξέῑξε

2068 2753 2352 2836 micus,
2399 2757 2531 2829 sed
2584 2763 3142 2840 tantummodo
3191 2770 3623 2848 demerito·
3655 2758 3957 2812 smmum*

2070 2867 2212 2940 rie..
2250 2870 2668 2947 ,Similiter
2707 2879 2803 2950 ad
2857 2879 3041 2954 illas
3098 2887 3620 2977 probationes

2064 2983 2157 3057 de
2196 2985 2343 3059 fide
2402 2993 2484 3062 et
2534 3012 2700 3084 spe,
2763 2996 2964 3082 dicO,
3013 3003 3215 3092 quod
3286 3005 3476 3080 fides
3534 3014 3616 3084 et

2066 3120 2250 3193 spes
2331 3101 2621 3180 infusae
2724 3130 2886 3185 non
2967 3127 3622 3213 corrumpuntur

2065 3234 2212 3307 per
2252 3221 2526 3292 actum
2581 3221 3077 3301 infidelitatis
3120 3235 3200 3304 et
3250 3234 3621 3329 despera-

2060 3330 2337 3414 tionis,
2374 3336 2531 3408 nisi
2562 3338 3115 3418 demeritorie.
3166 3350 3267 3423 Et
3301 3352 3370 3424 si
3410 3355 3615 3428 velis

2062 3444 2357 3522 habere
2407 3452 2707 3546 aliquid
2767 3460 2973 3550 quod
3023 3474 3618 3561 corrumpatur

2063 3575 2209 3646 per
2244 3557 2446 3631 istos
2481 3566 2712 3635 actus
2736 3569 3126 3661 tanquam
3154 3593 3613 3668 repugnans

2058 3671 2551 3759 formaliter,
2622 3679 2825 3767 dico,
2901 3688 3107 3776 quod
3188 3690 3380 3765 illud
3449 3716 3609 3770 non

2057 3790 2185 3858 est
2234 3787 2395 3860 nisi
2440 3791 2630 3872 fides
2672 3802 2752 3869 et
2803 3817 2985 3890 spes
3027 3806 3474 3895 acquisitae,
3533 3815 3612 3885 et

2058 3899 2253 3973 bene
2324 3907 2704 3996 possibile
2764 3918 2889 3988 est
2964 3936 3107 4009 per
3169 3926 3398 3996 actus
3469 3948 3610 4000 no-

2055 4021 2278 4091 stros
2357 4022 2619 4099 induci
2724 4028 3024 4123 aliquid
3150 4058 3610 4132 repugnans

2053 4129 2521 4211 formaliter
2603 4141 2767 4216 illis
2856 4145 3260 4225 habitibus
3333 4160 3611 4251 acqui-

2055 4248 2272 4323 sitis.

2139 4368 2252 4442 Ad
2295 4371 2697 4460 ultimum,
2743 4399 2925 4451 cum
2965 4382 3264 4458 dicitur
3307 4388 3388 4460 in
3433 4391 3599 4463 vir·
3752 4454 3813 4504 34

2049 4485 2247 4568 tute,
2320 4493 2470 4563 etc.
2561 4492 2674 4566 Ad
2762 4496 3270 4574 intellectum
3358 4504 3600 4600 hujus
3714 4515 3798 4566 Ad
3820 4491 3868 4569 '7-

2045 4600 2273 4673 verbi
2312 4608 2394 4677 et
2446 4605 2776 4681 illorum
2812 4632 2985 4703 quae
3018 4615 3234 4690 dicta
3285 4626 3473 4695 sunt
3515 4624 3606 4697 de

2047 4717 2620 4807 instrumento,
2719 4726 3331 4822 intelligendum
3448 4745 3599 4826 est,

2048 4836 2255 4924 quod
2284 4838 2483 4911 nihil
2517 4846 2787 4933 potest
2821 4867 3067 4939 agere
3102 4852 3183 4925 in
3218 4874 3603 4946 quocum·

2047 4972 2200 5044 que
2233 4955 2510 5030 ordine
2541 4961 2852 5051 agendi,
2886 4964 3046 5038 nisi
3084 4973 3420 5063 propria
3449 4976 3608 5050 vir-

2048 5070 2242 5141 tute.
2283 5071 2505 5146 Sicut
2545 5074 2760 5148 enim
2811 5077 3116 5156 dictum
3191 5090 3314 5159 est
3363 5112 3593 5180 supra,
3655 5110 3951 5175 Responde-

2047 5186 2253 5271 quod
2301 5188 2458 5261 nisi
2490 5188 2781 5266 habeat
2824 5191 3178 5270 formam
3237 5205 3615 5282 activam·
3734 5177 3837 5223 ω’

2043 5305 2123 5374 et
2157 5302 2719 5392 intrinsecam,
2758 5330 2917 5384 non
2960 5319 3230 5406 potest
3266 5323 3593 5397 omnino

2043 5434 2315 5507 agere,
2370 5419 2487 5494 ita
2546 5422 2798 5496 etiam
2854 5428 3014 5500 nisi
3061 5430 3355 5511 habeat
3411 5459 3594 5530 proq

2043 5533 2311 5625 priam
2350 5537 2747 5614 virtutem
2796 5542 3353 5636 intrinsecam,
3407 5557 3621 5648 quia.
