4287 6313
1623 418 1820 480 DlST.
1856 419 1957 481 111.
1991 417 2366 492 QUAESTlo
2400 419 2501 481 lv.

521 592 583 648 et
620 581 971 648 charitatis
1027 583 1443 648 connexi-ione
1511 580 1867 646 adstrictos
1930 599 2066 643 esse

519 700 752 779 voluit,
797 712 921 766 etc.
957 699 1131 786 quod
1169 711 1234 765 et
1283 703 1505 765 Patres
1555 699 1812 778 docent,
1858 698 2064 782 Chry-

187 819 461 889 chrysost.
523 826 854 882 sostomus
912 816 1145 882 homil.
1208 818 1317 881 61.
1376 814 1466 880 ad
1528 835 1684 902 pop.
1755 814 2061 880 Antioclt.

177 883 469 996 {Jungssiffii
522 931 936 1018 Augustinus
985 942 1177 998 tract.
1242 934 1350 998 27.
1417 933 1487 997 in
1526 931 1873 997 Ioannem.
1919 933 2070 995 Haec

204 1007 444 1055 membra
886 1047 898 1060 .
1097 1047 1109 1059 .
1383 1047 1395 1059 .
1642 1046 1653 1058 .
2021 1045 2032 1056 .

241 1084 337 1140 ρει·
375 1069 492 1117 Ba·
521 1060 739 1114 autem
790 1068 944 1114 unio
984 1046 1058 1113 fit
1096 1068 1161 1113 in
1247 1047 1437 1112 nobis
1488 1045 1812 1112 mediante
1854 1048 2068 1131 Bapti-

189 1139 481 1195 ptumum.
517 1185 687 1244 stne,
733 1176 804 1230 ut
843 1163 1030 1230 docet
1058 1162 1513 1229 Tridentinum
1559 1182 1781 1248 supra,
1818 1173 1881 1228 et
1908 1182 2062 1227 sess.

518 1284 627 1347 24.
694 1302 841 1367 cop.
916 1283 980 1346 2.
1044 1278 1379 1366 explicans
1454 1277 1885 1345 differentiam
1948 1280 2069 1342 Ba-

517 1396 740 1482 ptismi
800 1396 1255 1474 Poenitentiae3
1319 1396 1489 1461 sicut
1537 1415 1696 1482 ergo
1756 1392 2067 1460 unionem

514 1509 836 1601 corporis]
863 1510 1125 1598 mystici
1159 1531 1274 1596 per
1334 1508 1553 1589 fidem,
1592 1530 1774 1596 spem
1807 1520 1871 1574 et
1918 1509 2071 1575 cha-

517 1623 774 1693 ritatem
824 1615 1154 1712 significat
1213 1624 1648 1706 Eucharistia,
1708 1645 1857 1712 quae
1913 1624 2070 1690 unio

516 1739 589 1808 fit
629 1741 959 1809 mediante
998 1741 1353 1828 BaptismO,
1401 1752 1466 1807 et
1506 1741 1905 1828 supponitur
1954 1761 2072 1826 per

519 1879 591 1926 se
644 1857 725 1924 ad
783 1856 1289 1937 Eucharistiam,
1353 1868 1666 1943 tanquam
1724 1855 2070 1942 dispositio

520 1965 1010 2061 praevia,'recte
1060 1974 1358 2061 sequitur
1406 1973 1809 2059 Baptismum
1864 1971 2072 2039 fuisse

520 2091 890 2160 institutum
931 2106 1083 2159 ante
1139 2091 1643 2169 Eucharistiam,
1714 2090 1910 2176 idque
1951 2109 2069 2154 ne-

519 2208 873 2275 cessarium
906 2208 1107 2275 fuisse
1144 2226 1226 2272 ex
1259 2203 1530 2292 praefixo
1569 2203 1798 2270 ordine
1848 2203 2068 2290 signo-

520 2342 690 2403 rum,
734 2338 800 2390 et
872 2322 1414 2412 significatorum,
1461 2320 1770 2409 quoniam
1816 2318 2068 2384 Eucha-

521 2438 704 2506 ristia
753 2440 965 2507 solum
1007 2439 1211 2506 nutrit
1255 2440 1454 2506 vitam
1511 2456 1897 2504 concessam
1952 2453 2071 2521 per

523 2556 951 2642 Baptismum,
999 2555 1172 2644 quod
1211 2568 1312 2621 est
1340 2555 1674 2647 lavacrum
1718 2570 2067 2638 regenera-

525 2670 724 2738 tionis
753 2671 821 2737 in
868 2671 1126 2739 Christo
1175 2670 1340 2737 dans
1389 2669 1619 2736 vitam.

169 2856 246 2906 Ex
287 2793 506 2909 1¹12?th
620 2787 852 2856 Facilis
926 2800 1026 2855 est
1095 2786 1432 2874 responsio
1498 2786 1578 2852 ad
1652 2784 2071 2870 fundamenta

229 2870 451 2990 ‹iictgin
532 2905 851 2991 oppositae
902 2903 1268 2983 sententiae,
1332 2903 1483 2991 quia
1535 2903 1641 2968 illa
1695 2903 1856 2982 loca,
1922 2921 2070 2988 quae

171 2986 757 3089 09902311111112,dicunt
821 3020 1150 3088 Christum
1204 3020 1671 3106 baptizaturum
1737 3021 1803 3084 in
1864 3017 2068 3104 Spiri-

525 3151 594 3207 tu
635 3151 859 3206 sancto
915 3148 980 3205 et
1021 3136 1181 3225 igni,
1241 3158 1372 3204 non
1423 3135 1634 3204 solum
1695 3135 2069 3203 referuntur

524 3256 604 3322 ad
678 3254 1153 3343 plenitudinem
1231 3252 1513 3340 Spiritus
1595 3264 1920 3339 receptam
1999 3251 2066 3316 in

526 3375 905 3440 Pentecoste
933 3372 1001 3439 in
1040 3370 1287 3459 linguis
1320 3370 1562 3458 igneis,
1607 3370 1719 3451 sed
1752 3370 1948 3437 etiam
1988 3368 2068 3434 ad

527 3489 749 3578 ignem
798 3489 1156 3568 charitatiS‚
1212 3499 1275 3554 et
1311 3486 1389 3553 ad
1423 3487 1737 3574 Spiritum
1769 3503 2068 3552 sanctum

529 3606 950 3674 invisibiliter
1013 3606 1262 3672 datum.
1337 3607 1521 3683 Item,
1587 3601 1759 3689 quod
1832 3601 2072 3667 dicitur

529 3722 809 3787 loannis
849 3725 911 3788 7.
947 3720 1027 3786 de
1056 3720 1326 3807 Spiritu,
1365 3719 1476 3807 qui
1509 3718 1805 3784 nondum
1845 3719 2072 3802 fuerat

196 3856 231 3921 ᾳ
311 3839 478 3890 bristo
530 3836 746 3917 datus,
805 3838 964 3922 quia
1025 3837 1212 3902 Iesus
1276 3835 1574 3902 nondam
1624 3845 1769 3900 erat
1814 3833 2071 3921 qlorili-

168 3907 489 4030 passigssfim.
526 3962 729 4033 catus,
776 3950 1167 4039 intelligitur
1227 3971 1354 4017 non
1408 3950 1487 4016 de
1544 3949 1793 4036 Spiritu
1847 3948 2074 4014 invisi·

529 4067 744 4135 biliter
813 4068 986 4147 dat0,
1053 4067 1214 4134 alias
1273 4065 1600 4153 quomodo
1659 4064 2069 4151 Magdalena,

527 4184 840 4252 Zachaeus
895 4194 959 4249 et
1016 4183 1382 4260 MatthaeuS,
1445 4182 1687 4268 aliique
1743 4181 1988 4248 fuerint
2037 4200 2073 4246 a

525 4299 781 4366 Christo
858 4297 1255 4385 justificati?
1330 4297 1576 4363 Deinde
1633 4295 2070 4363 sacerdotium

532 4427 867 4502 receptum
907 4414 977 4479 in
1024 4413 1249 4481 ultima
1286 4433 1497 4493 coena,
1543 4425 1605 4478 et
1659 4411 2073 4479 Eucharistia

529 4532 627 4597 sic
656 4528 820 4596 nihil
867 4529 1238 4596 conferrent
1287 4529 1611 4616 Apostolis
1645 4548 1855 4614 neque
1884 4530 2073 4593 loan-

536 4645 639 4713 nis
686 4649 796 4712 20.
836 4667 951 4732 ρει·
979 4645 1086 4712 illa
1131 4668 1144 4711 :
1198 4647 1496 4731 Accipite
1542 4646 1875 4731 Spiritum
1912 4664 2073 4710 san-

534 4774 727 4843 ctum,
764 4774 886 4829 etc.
911 4761 1267 4849 quidquam
1302 4760 1667 4846 receperint
1695 4771 1922 4827 contra
1955 4779 2074 4826 ex-

219 3714 461 3765 nabetur

223 3778 263 3826 S
304 3775 460 3827 iritus

532 4878 920 4967 positionem
960 4896 1376 4943 communem
1419 4881 1681 4942 Patrum
1711 4928 1726 4955 ,
1772 4876 1915 4943 haec
1980 4889 2076 4941 ta-

531 5016 679 5062 men
720 4994 1078 5062 insufflatio
1122 4994 1364 5061 Christi
1412 4994 1480 5059 in
1528 4994 1873 5080 Apostolos
1922 5012 2069 5059 cum

528 5110 746 5176 verbis
780 5107 1109 5196 praedictis
1132 5109 1468 5194 praecessit
1489 5106 1867 5174 missionem
1894 5107 2071 5175 illam

530 5226 857 5292 visibilem
899 5226 1183 5311 Spiritus
1225 5224 1458 5304 sancti,
1514 5244 1710 5311 quam
1743 5224 2067 5310 promisit,

533 5342 613 5409 ad
670 5363 866 5431 quam
925 5341 1159 5409 alludit
1218 5340 1307 5407 ibi
1364 5345 1667 5422 Ioannes,
1731 5355 1795 5407 et
1848 5352 2073 5428 postea

530 5458 1005 5525 communicata
1046 5471 1143 5524 est
1188 5455 1542 5544 Apostolis‚
1588 5471 1652 5523 et
1697 5457 2071 5524 successive

534 5575 679 5645 aliis
744 5574 1182 5656 credentibuS,
1256 5588 1327 5642 ut
1376 5585 1552 5663 patet
1599 5573 1665 5640 in
1739 5574 2073 5663 primitiva

3601 418 3722 482 339

2176 579 2489 661 Ecclesia,
2510 600 2590 646 ex
2622 580 2781 648 locis
2798 581 3012 650 citatis
3032 583 3353 649 Actorum
3378 584 3483 648 10.
3512 592 3573 649 et
3609 586 3716 650 19.

2269 700 2511 763 Praeter
2541 697 2701 763 duas
2736 697 3111 784 praemissas
3141 698 3498 765 sententias
3529 699 3721 766 aliam
3870 715 3988 787 ts...

2181 810 2328 897 lego
2393 811 2561 899 apud
2610 827 2935 880 auctorem
2977 814 3440 881 Commentarii
3489 815 3555 881 in
3589 818 3724 904 epi-
3779 780 4048 892 seffgzffia.

2181 926 2385 992 stolas
2445 927 2524 992 ad
2570 931 2920 1007 Romanos,
2971 950 3120 1017 quae
3178 943 3277 997 est
3325 931 3495 998 inter
3527 951 3725 1021 opera

2180 1043 2533 1122 Ambrosii,
2574 1065 2702 1110 non
2735 1059 2949 1112 tamen
2981 1059 3083 1113 est
3123 1047 3333 1133 ipsius
3365 1047 3721 1128 Ambrosii,
3816 1063 3825 1076 ²

2181 1173 2254 1228 ut
2322 1162 2482 1227 bene
2543 1152 3300 1247 probat'Bellarminus,
3372 1177 3435 1230 et
3474 1163 3581 1230 alii
3647 1164 3728 1230 de

2181 1276 2645 1362 ScriptoribuS‚
2700 1276 2814 1344 sed
2858 1277 2958 1344 vel
2992 1278 3215 1345 Hilarii
3265 1278 3556 1357 Diaconi,
3613 1278 3728 1365 qui

2181 1390 2461 1457 descivit
2512 1394 2586 1456 in
2621 1393 2904 1458 schisma
2952 1394 3041 1459 ad
3071 1395 3567 1479 Luciferianos,
3624 1395 3732 1460 vel

2180 1515 2379 1581 certe,
2411 1515 2476 1569 ut
2499 1503 2607 1568 alii
2641 1504 2893 1576 volunt.
2919 1505 3198 1591 Remigii
3232 1503 3724 1593 Lugdunensis;

2180 1618 2290 1685 ille
2319 1639 2475 1705 ergo
2524 1632 2750 1685 auctor
2790 1621 3190 1709 quicumque
3220 1622 3309 1688 sit
3350 1624 3414 1687 in
3457 1643 3610 1709 cap.
3657 1627 3725 1688 5.

2181 1736 2474 1821 epistolae
2510 1736 2601 1802 ad
2643 1738 2987 1818 Romanos,
3027 1737 3094 1803 in
3143 1737 3248 1804 illa
3294 1738 3530 1805 verba:
3580 1739 3731 1805 Non

2180 1862 2401 1917 autem
2428 1856 2751 1940 scriptum
2781 1867 2874 1920 est
2907 1866 3163 1920 tantum
3197 1866 3472 1942 propter
3511 1856 3730 1941 ipsum

2181 1969 2413 2048 solum,
2473 1971 2631 2056 quia
2669 1981 3049 2056 reputatum
3087 1982 3183 2036 est
3229 1971 3341 2036 illi
3393 1970 3483 2036 od
3531 1972 3733 2058 justi-

2184 2087 2370 2163 tiam,
2423 2086 2539 2152 sed
2570 2098 2631 2152 et
2667 2100 2945 2174 propter
2991 2109 3134 2168 nos,
3179 2099 3304 2153 etc.
3357 2089 3526 2155 Ante
3570 2109 3724 2174 pas-

2178 2203 2429 2268 sionem
2478 2206 2679 2283 enim,
2737 2203 2973 2291 inquit,
3033 2207 3151 2291 qui
3197 2204 3527 2291 baptizati
3573 2217 3730 2272 sunt
3758 2215 4078 2331 Bagtiqmum

2176 2323 2388 2387 solam
2445 2323 2901 2387 remissionem
2968 2334 3363 2409 acceperunt
3425 2335 3725 2408 peccato·
3816 2282 4015 2393 agdi&

2177 2459 2349 2518 rum,
2388 2459 2666 2524 quorum
2708 2441 2845 2505 zelo
2903 2441 3194 2507 Satanas
3249 2440 3493 2506 occidit
3559 2442 3728 2507 Sal·
3786 2420 4048 2536 seigagfgm-

2180 2568 2495 2634 vatorem,
2536 2566 2683 2641 post
2727 2557 3278 2621 resurrectionem
3311 2565 3445 2620 tam
3494 2555 3570 2634 ii,
3610 2557 3730 2641 qui
3757 2543 3865 2579 ⁸¹⁰⁹
3886 2529 4072 2595 gratia.

2173 2673 2391 2758 prius,
2457 2693 2652 2757 qttam
2692 2673 2808 2758 qui
2877 2684 3102 2758 postea
3152 2671 3477 2759 baptizati
3540 2681 3718 2752 sunt,

2178 2809 2400 2854 omnes
2472 2789 2834 2875 justificati
2884 2799 3039 2854 sunt
3107 2810 3229 2875 per
3298 2788 3522 2855 datam
3573 2791 3732 2872 for-

2177 2926 2353 2970 mam
2408 2903 2573 2987 fidei
2626 2904 3000 2984 Trinitatis,
3048 2916 3444 2992 acceptoque
3504 2908 3729 2994 Spiri-

2183 3032 2252 3085 ιιι
2315 3033 2561 3100 sancto,
2619 3022 2736 3107 qui
2792 3022 3056 3107 siynum
3123 3032 3216 3087 est
3284 3022 3722 3104 credentium,

2181 3138 2356 3226 quod
2384 3140 2518 3205 sint
2556 3137 2725 3207 Filii
2767 3140 2907 3218 Dei,
2945 3149 3067 3206 etc.

2271 3256 2385 3319 Hic
2415 3274 2574 3340 ergo
2610 3254 2872 3320 videtur
2913 3274 3217 3339 separare
3267 3254 3723 3322 remissionem
3868 3268 3949 3342 17.

2180 3382 2592 3454 peccatorum
2626 3371 2692 3435 in
2731 3370 2963 3437 effectu
3006 3391 3042 3436 a
3086 3371 3367 3457 justitia,
3417 3373 3586 3460 quod
3620 3394 3728 3440 er-
3795 3330 4046 3445 Rejffinur

2180 3506 2452 3552 roneum
2484 3506 2628 3553 esse
2658 3507 2854 3573 supra
2885 3486 3227 3555 docuimus
3269 3488 3349 3554 de
3377 3488 3730 3556 Circumci-
3797 3472 4029 3510 erronea.

2182 3604 2387 3681 sione,
2454 3603 2578 3668 nisi
2619 3603 2782 3669 forte
2841 3603 3305 3691 intelligendus
3365 3604 3474 3685 sit,
3538 3604 3715 3672 illam

2180 3719 2633 3795 remissionem
2703 3739 2831 3784 non
2913 3719 3116 3786 fuisse
3196 3718 3414 3786 datam
3484 3720 3731 3787 virtute

2179 3834 2517 3921 Baptismi,
2554 3834 2666 3902 sed
2700 3835 3134 3913 Poenitentiae,
3189 3850 3384 3922 atque
3421 3835 3581 3904 adeo
3631 3837 3727 3902 in·

2183 3950 2448 4018 tendere
2488 3951 2886 4038 Baptismum
2924 3951 3215 4033 loannis,
3260 3951 3374 4039 qui
3419 3951 3540 4018 fuit
3585 3955 3731 4019 1>oe-

2180 4066 2471 4133 nitentiae
2522 4068 2587 4133 in
2637 4067 3095 4135 remissionem
3159 4081 3599 4154 peccatorum,
3639 4068 3726 4134 ita

2183 4198 2253 4250 ut
2308 4185 2475 4250 alius
2516 4184 2886 4270 Baptismus
2930 4205 3057 4251 non
3089 4185 3287 4252 fuerit
3321 4186 3385 4250 in
3447 4206 3571 4252 usu
3611 4206 3730 4251 an-

2178 4310 2243 4364 te
2274 4301 2840 4367 resurrectionem.
2910 4301 3038 4366 Sed
3085 4300 3303 4367 nescio
3377 4321 3580 4387 quare
3630 4321 3731 4366 se-

2183 4428 2365 4502 paret
2404 4414 2939 4503 justificationem
2987 4436 3022 4481 a
3055 4416 3445 4482 remissione
3500 4437 3732 4503 pecca-

2181 4532 2255 4611 ti,
2330 4532 2473 4598 sive
2520 4553 2633 4617 per
2677 4532 3149 4618 poenitentiam,
3211 4532 3353 4599 sive
3383 4534 3508 4599 alio
3539 4531 3729 4600 modo

2182 4647 2509 4724 liabitam3
2546 4646 2860 4734 quidquid
2907 4649 3016 4727 sit,
3082 4660 3305 4714 auctor
3351 4660 3450 4714 est
3492 4669 3731 4735 suspe-

2180 4776 2301 4829 ctae
2344 4760 2519 4842 fidei,
2573 4778 2769 4850 atque
2811 4762 2874 4827 in
2930 4764 3053 4830 hoc
3084 4763 3226 4851 ipso
3276 4765 3440 4831 forte
3471 4766 3735 4832 denotat
3774 4788 3781 4795 ’

2174 4876 2501 4964 justitiam
2534 4898 2678 4943 esse
2708 4877 2773 4942 in
2822 4879 2957 4944 sola
2999 4879 3383 4945 remissione
3426 4895 3723 4966 peccato-

2185 5015 2352 5074 rum,
2392 5007 2461 5060 ut
2496 4994 2793 5080 Pelagius
2826 4992 3066 5075 docuit,
3114 4995 3734 5084 ideoque-suspecta

2184 5112 2343 5178 mihi
2400 5123 2556 5178 sunt
2614 5111 2723 5179 illa
2773 5113 2971 5178 verba
3023 5112 3246 5178 ultima
3281 5094 3493 5199 ejus:¹
3531 5114 3723 5189 Quod

2179 5230 2479 5314 Spiritus
2551 5226 2948 5294 sanctus'sit
2998 5229 3288 5315 siynttm,
3356 5230 3528 5316 quod
3586 5232 3725 5296 sint

2177 5345 2568 5429 recipientes
2595 5345 2732 5427 lilii
2769 5346 2909 5422 Dei,
2949 5364 3095 5410 cum
3147 5345 3365 5429 potius
3408 5345 3726 5413 constitu-⁴

2177 5469 2241 5524 at
2284 5458 2452 5524 filios
2496 5457 2629 5535 Dei,
2669 5473 2732 5524 et
2784 5458 3151 5546 intelligere
3181 5458 3441 5526 videtur
3471 5459 3551 5526 de
3582 5461 3727 5546 Spi-

2179 5575 2308 5641 ritu
2358 5573 2778 5641 invisibiliter
2814 5573 2965 5640 dato
3004 5595 3119 5664 per
3158 5574 3436 5642 formam
3489 5576 3708 5667 Bapti-
