4287 6313
1593 393 1791 458 DIST.
1828 392 1872 455 1.
1906 391 2268 469 QUAESTIO
2299 392 2400 456 Vl.

153 551 378 674 “2332
463 556 593 638 niS,
637 570 709 625 ut
739 556 946 625 docet.
983 556 1251 625 Trident
1286 579 1440 625 sess.
1499 561 1603 624 14.
1660 557 1741 624 de
1780 555 2005 623 eodem

149 686 425 739 Unctiouis·
466 679 902 756 SacramentO,
947 679 1154 765 gratia
1185 688 1285 745 est
1315 676 1597 764 Spiritus
1629 676 1861 757 sancti,
1897 697 2006 743 cu·

454 786 567 872 jus
608 784 826 851 unctio
855 784 1112 865 delicta,
1157 786 1213 852 si
1257 807 1407 874 quae
1437 797 1589 853 sunt
1630 785 1844 852 adhuc
1887 807 2006 852 ex-

458 899 719 987 pianda,
763 921 837 967 ac
886 901 1132 989 peccati
1202 901 1513 989 reliquias
1552 900 1899 988 abstergit,
1944 912 2007 967 et

456 1015 687 1104 aegroti
727 1017 1007 1084 animam
1039 1017 1299 1085 alleviat
1346 1028 1409 1084 et
1460 1016 1824 1096 confirmat,
1872 1036 2007 1082 ma-

454 1151 652 1217 gnam
700 1131 767 1197 in
798 1153 874 1199 eo
914 1132 1159 1198 divinae
1199 1131 1667 1199 misericordiae
1699 1131 2004 1197 fiduciam

454 1247 823 1326 excitandO,
861 1269 989 1336 qua
1017 1248 1320 1315 infirmus
1352 1249 1758 1328 sublevatus,
1797 1248 2005 1314 morbi

454 1362 867 1430 incommoda
907 1340 981 1431 ac
1038 1363 1296 1431 labores
1344 1365 1557 1431 levius
1591 1366 1737 1443 fert,
1775 1375 1839 1430 et
1869 1376 2007 1429 ten-

457 1479 817 1548 tationibus
858 1482 1202 1562 daemonis,
1247 1481 1551 1548 calcaneo
1600 1483 1998 1561 insidiantiS‚

460 1594 717 1662 facilius
797 1596 1087 1675 resistit3
1161 1598 1305 1663 haec
1363 1608 1580 1662 autem
1650 1617 1886 1684 magna
1927 1619 2008 1663 ex

3560 392 3673 456 195

2539 692 2998 775 QUAESTIO
3093 694 3228 765 VI.

2127 975 2360 1041 Utrum
2409 977 2482 1040 in
2536 975 3059 1041 Circumcisione
3108 996 3191 1040 cx
3231 976 3298 1040 vi
3353 978 3495 1061 ejus
3534 975 3670 1040 col·

2543 1093 2681 1158 lata
2708 1093 2920 1175 fuerit
2964 1093 3189 1178 qratia
3212 1090 3245 1157 ,9

2118 1317 2297 1372 Alens.
2326 1318 2378 1374 4.
2404 1331 2463 1385 p.
2497 1333 2544 1385 q.
2573 1320 2627 1371 7.
2675 1332 2747 1371 m.
2778 1317 2829 1371 7.
2862 1332 2962 1383 per
2992 1320 3189 1371 totum.
3225 1317 3292 1370 D.
3326 1318 3533 1372 Bonav.
3575 1318 3672 1374 hic

2192 1391 2245 1444 2.
2294 1405 2349 1456 p.
2393 1393 2504 1443 art.
2548 1389 2604 1443 2.
2637 1403 2693 1457 q.
2725 1390 2777 1443 3.
2805 1385 3059 1444 Richard.
3094 1392 3206 1441 art.
3243 1387 3295 1442 6.
3324 1403 3378 1454 q.
3412 1388 3463 1443 1.
3497 1387 3668 1445 Gabr.

2193 1476 2246 1527 q.
2278 1461 2329 1515 4.
2367 1458 2597 1514 Rubion.
2627 1476 2680 1526 q.
2713 1459 2766 1514 5.
2801 1458 3048 1530 Mayron.
3089 1475 3141 1527 q.
3186 1461 3236 1512 2.
3283 1456 3477 1528 Major.
3523 1476 3574 1528 q.
3611 1459 3666 1515 5.

2196 1529 2433 1585 Durand.
2459 1548 2512 1599 q.
2545 1533 2597 1586 5.
2629 1531 2700 1583 D.
2742 1528 2930 1585 Thom.
2965 1529 3016 1585 3.
3046 1545 3104 1597 p.
3138 1546 3191 1598 q.
3225 1529 3315 1583 70.
3349 1546 3403 1584 a.
3439 1529 3491 1585 4.
3525 1531 3672 1586 Sua-

2192 1617 2277 1656 rez
2306 1608 2437 1656 tom.
2472 1603 2521 1658 3.
2550 1619 2604 1669 p.
2639 1600 2692 1657 3.
2723 1604 2778 1657 d.
2814 1601 2865 1656 5.
2898 1607 3025 1655 sect.
3064 1602 3114 1655 1.
3146 1599 3402 1673 Vasquez
3432 1601 3487 1657 3.
3517 1618 3571 1670 p.
3607 1602 3662 1657 d.

2195 1674 2318 1730 165.
2364 1674 2488 1729 Vide
2525 1675 2666 1729 Scot.
2700 1674 2763 1725 de
2790 1674 2974 1740 primo
3001 1673 3190 1741 princ.
3223 1688 3267 1728 c.
3297 1671 3350 1728 3.
3381 1675 3450 1728 in
3492 1674 3668 1727 Theo-

462 1723 647 1797 parte
678 1711 846 1779 fiunt
886 1734 999 1799 per
1035 1714 1313 1800 gratiam
1354 1712 1697 1780 actualem.

551 1828 792 1901 Eodem
846 1830 1035 1895 modo
1085 1829 1166 1895 de
1200 1828 1464 1909 Ordine,
1500 1832 1691 1917 cujus
1760 1829 1889 1897 fine
1947 1841 2010 1895 et

463 1944 827 2011 ministerio
874 1956 936 2011 et
986 1945 1470 2032 dispensatione
1511 1966 1825 2032 congrua,
1863 1966 2008 2032 pro-

465 2061 678 2126 babile
737 2073 835 2127 est
890 2061 1027 2128 dari
1102 2063 1376 2150 gratiam
1436 2064 1778 2145 actualem,
1817 2063 2011 2149 idque

462 2179 673 2264 exigit
713 2178 863 2246 finis
921 2179 1060 2265 ejus
1116 2192 1180 2246 et
1255 2180 1540 2267 pericula
1580 2182 2006 2267 emergentia,

464 2307 533 2360 et
562 2307 778 2362 rectus
811 2317 997 2363 usus.

560 2415 742 2494 item,
788 2413 854 2478 in
888 2416 1304 2481 Sacramento
1347 2416 1740 2481 matrimonii
1800 2415 2009 2502 exigi-

468 2540 578 2595 tur
641 2529 876 2596 similis
942 2531 1150 2616 gratia
1217 2530 1295 2606 ad
1362 2530 1763 2598 sublevanda
1811 2552 2006 2598 onera

466 2646 892 2723 matrimonii,
936 2659 1000 2712 et
1037 2647 1436 2713 educandam
1498 2649 1763 2734 prolem,
1819 2659 1877 2714 et
1929 2649 2005 2713 ad

462 2761 852 2828 vincendam
920 2762 1538 2849 concupiscentiam,
1611 2765 1801 2851 cujus
1873 2785 2008 2829 mo-

458 2878 771 2944 deramen
803 2879 1214 2964 Augustinus
1252 2879 1366 2945 lib.
1402 2883 1466 2944 4.
1521 2890 1757 2945 contra
1786 2880 2005 2946 Julia-

458 3018 618 3062 num
675 3017 829 3082 cap.
884 2997 947 3060 2.
994 2995 1247 3062 reducit
1303 2995 1379 3060 ad
1421 2995 1699 3082 gratiam
1740 3017 2008 3083 operan-

458 3123 617 3191 tem,
656 3132 804 3200 quae
844 3111 1035 3179 datur
1063 3122 1354 3198 tempore
1385 3133 1701 3199 congruO.
1735 3114 2009 3183 Videtur

459 3250 619 3316 ergo
698 3230 1017 3297 sententia
1096 3229 1320 3297 ultima
1409 3243 1584 3297 certa
1694 3253 1837 3300 esse
1942 3234 2006 3299 in

461 3346 852 3434 quibusdam
904 3348 1363 3436 sacramentis,
1434 3348 1500 3414 in
1562 3348 1707 3416 aliis
1774 3350 2005 3436 proba-

461 3463 643 3530 bitis.

555 3575 820 3663 Antiqui
851 3588 1066 3644 autem
1100 3578 1507 3662 Scholastici,
1543 3589 1613 3644 ut
1653 3578 2008 3667 plurimum

461 3691 819 3778 loquuntur
857 3692 936 3758 de
966 3692 1198 3761 effectu
1239 3695 1472 3781 gratiae
1503 3695 1999 3774 sanctificantiS,

465 3829 614 3895 quae
642 3810 838 3875 etiam
878 3808 955 3876 ad
1008 3808 1203 3876 finem
1244 3813 1565 3899 cujusque
1610 3813 2008 3878 Sacramenti

461 3923 675 3991 datur.
749 3928 899 3993 Haec
944 3938 1162 3992 autem
1202 3928 1412 4014 gratia
1452 3927 1866 3994 sanctificans
1899 3950 2009 4015 po-

2197 1759 2333 1801 rem.
2364 1749 2415 1811 §-
2457 1761 2568 1799 non
2595 1750 2770 1813 polest
2798 1746 3054 1813 probari.

207 1853 365 1927 Gratia

180 1917 382 1968 ordm's'
2228 1956 2416 2026 Haec
2494 1955 2616 2025 est
2692 1952 2809 2041 (a)
2887 1971 3081 2043 pars
3158 1951 3667 2025 incidentalis
3823 1977 3883 2051 p.

2124 2071 2364 2163 hujus
2415 2065 3012 2151 distinctionis(
3061 2068 3141 2139 in
3203 2089 3359 2160 qna
3419 2067 3670 2160 Magi-
3700 2041 3906 2104 mm·
3943 2041 4007 2091 F·

2125 2191 2299 2261 ster
2327 2185 2812 2261 determinat
2861 2185 2951 2256 de
3003 2184 3668 2270 Circumcisione,

2123 2305 2344 2377 circa
2385 2324 2625 2395 qnam
2686 2302 3085 2393 quaeritur
3145 2327 3159 2371 ε
3226 2302 3521 2375 Utrum
3589 2302 3669 2374 in

2124 2420 2764 2496 Circumcisione
2805 2439 2902 2489 ex
2942 2418 3021 2489 vi
3072 2419 3248 2510 ejus
3308 2417 3669 2491 confere-

2120 2536 2365 2609 batur
2397 2536 2725 2627 gratia?
2762 2537 2981 2617 Quod
3014 2555 3196 2616 non,
3246 2535 3665 2627 probatur.

2124 2646 2358 2716 Rom.
2408 2645 2474 2714 lt.
2528 2646 2960 2731 Siynaculztm
3008 2647 3260 2731 accepit
3302 2646 3664 2710 Circumci-
3700 2636 3918 2700 Argum.
3956 2633 4007 2686 1-

2119 2767 2354 2829 sionis.
2393 2760 2682 2833 Glossa
2715 2785 2729 2828 :
2769 2761 3044 2827 Peccata
3077 2762 3171 2826 ibi
3198 2762 3408 2829 solum
3440 2760 3668 2826 dimic-

2122 2880 2451 2962 tcbanlur,
2496 2878 2613 2943 scd
2639 2878 2866 2965 qratia
2903 2877 2994 2942 ad
3043 2877 3200 2942 bene
3258 2877 3670 2962 operandum

2119 2997 2433 3083 adjutrioe
2464 3015 2598 3061 non
2626 2993 3093 3080 praestabatur.

2212 3110 2442 3190 Item,
2507 3106 3011 3200 Augustinus
3063 3106 3143 3180 in
3212 3108 3509 3180 Psalm.
3590 3112 3669 3179 Ut
3702 3147 3920 3213 Argum,
3956 3148 4011 3201 2,

2120 3228 2282 3317 quid
2321 3231 2495 3293 Deus
2543 3227 2857 3313 repulisti
2906 3227 2979 3292 in
3018 3227 3240 3308 linem,
3320 3224 3485 3304 illa,
3559 3226 3672 3299 in·
3726 3212 3783 3261 ¹¹²
3810 3226 3984 3325 ἳξξοὸ·

2123 3343 2321 3437 quit,
2366 3344 2457 3415 de
2501 3342 3054 3416 sacramentis
3110 3343 3416 3415 veteris
3469 3344 3671 3436 legis
3706 3336 3898 3388 Pfflm·
3937 3335 4018 3387 ⁷3·

2121 3463 2442 3532 tantum
2479 3458 3070 3551 promittebant
3098 3463 3177 3531 et
3214 3458 3668 3550 signabant;

2122 3577 2291 3650 haec
2353 3581 2624 3650 autem
2683 3576 2874 3649 dant
2934 3576 3309 3662 salutem,
3363 3576 3675 3652 scilicet

2125 3694 2654 3768 Sacramenta
2684 3712 2913 3764 novae
2948 3692 3175 3783 legis

2215 3813 2444 3890 Item,
2480 3809 3018 3883 Circumcisio
3060 3829 3220 3881 non
3254 3810 3670 3902 aperiebat
3703 3827 3923 3893 Argum.
3959 3829 4014 3880 3.

2112 3926 2475 4020 januam,
2517 3926 2724 3998 sicut
2753 3925 2927 4009 vult
2961 3925 3170 3997 Beda
3206 3946 3451 4018 super
3483 3926 3675 3999 illud

459 4051 587 4107 test
625 4041 752 4108 dici
794 4041 945 4109 finis
965 4045 1197 4130 gratiae
1235 4044 1528 4124 actualiS,
1575 4066 1723 4132 quae
1755 4044 1833 4111 ad
1865 4047 2008 4132 ejus
2118 4048 2281 4112 Luc.
2324 4045 2390 4114 2.
2448 4044 2805 4131 Postquam
2851 4046 3289 4109 consummati
3336 4055 3489 4111 sunl
3531 4045 3675 4110 dies

456 4158 1024 4224 conservationem
1084 4159 1465 4238 ordinatur3
1515 4160 1688 4227 unde
1730 4161 1855 4227 dici
1899 4182 2012 4247 po·
2120 4173 2264 4228 octo
2300 4185 2314 4241 ;
2349 4158 2673 4232 habenti
2730 4159 3090 4250 gratiam
3150 4162 3375 4251 patet
3419 4159 3672 4249 janua

458 4286 585 4341 test
639 4275 885 4341 virtute
925 4275 992 4340 in
1032 4295 1107 4342 ea
1147 4277 1465 4342 contineri
1507 4278 1632 4343 hoc
1687 4278 1902 4362 modo,
1951 4289 2016 4344 et
2127 4275 2383 4366 regni,
2441 4274 2631 4366 quia
2672 4276 2849 4367 ejus
2899 4279 3023 4348 est
3065 4274 3350 4354 haeres,
3398 4296 3674 4348 secun·

461 4390 652 4456 etiam
695 4390 1117 4469 habitualem,
1155 4404 1462 4478 tanquam
1512 4392 1784 4457 sormam
1848 4394 2015 4479 prio·
2127 4390 2314 4462 dum
2346 4390 2894 4482 Augustinum
2935 4392 3026 4463 de
3068 4390 3356 4464 Trinit.
3392 4389 3527 4460 lib.
3563 4393 3671 4464 15.

464 4526 600 4571 rem
633 4505 712 4571 ad
746 4526 888 4572 eam
921 4507 1269 4595 disponere
1310 4509 1663 4590 moraliter,
1705 4523 1896 4595 prout
1934 4531 2016 4577 ex
2131 4528 2303 4600 cap.
2344 4511 2451 4581 19.
2486 4510 2638 4597 Ipsa
2677 4510 2927 4576 dividit
2958 4511 3135 4574 incer
3170 4510 3351 4592 filios
3386 4511 3587 4596 rcqni
3617 4521 3679 4575 et

474 4621 602 4688 fine
650 4624 1053 4690 Sacramenti
1111 4624 1337 4703 datur;
1401 4638 1608 4711 agunt
1670 4647 1830 4713 ergo
1888 4631 2017 4693 Do·
2128 4627 2556 4713 perdicioni&

476 4754 687 4807 ctores
708 4742 959 4828 antiqui
994 4742 1073 4808 de
1104 4742 1232 4824 illa,
1259 4765 1406 4832 quae
1427 4747 1762 4813 confertur
1800 4749 2016 4814 statim
2227 4742 2456 4820 Item,
2532 4758 2676 4831 per·
2735 4737 3138 4811 rationem
3199 4735 3314 4810 Sic
3353 4740 3679 4812 :Sacra-

481 4876 592 4942 per
640 4856 1156 4937 Sacramentum,
1202 4871 1266 4923 et
1297 4858 1361 4923 in
1402 4862 1630 4927 ordine
1696 4861 1773 4926 ad
1825 4882 2019 4947 quam
2137 4861 2497 4929 mentum
2541 4875 2701 4926 non
2758 4859 3043 4927 causat
3095 4853 3254 4926 nisi
3307 4856 3511 4947 quod
3551 4854 3686 4928 .si-

477 4971 851 5039 verificatur
905 4975 1424 5059 Sacramentum,
1493 4997 1642 5063 quae
1699 4989 1797 5044 est
1845 4978 2023 5042 habi·
2136 4976 2375 5063 gnat;
2440 4971 2979 5045 Circumcisio
3031 4976 3351 5045 tantum
3414 4971 3685 5065 signat

476 5088 691 5169 tualis,
727 5100 793 5155 et
830 5089 1037 5156 forma
1071 5091 1470 5158 Sacramenti
1504 5091 1585 5158 de
1617 5094 1925 5180 praesenti
1959 5104 2024 5158 et
2137 5085 2653 5164 ablationem,
2707 5087 2785 5156 et
2827 5104 2989 5156 non
3047 5086 3349 5180 aliquid
3409 5087 3686 5180 positi-

478 5204 783 5292 practice.
2134 5224 2354 5284 vum,
2420 5201 2607 5294 quia
2658 5223 2817 5274 non
2865 5208 2990 5277 est
3040 5204 3146 5277 ibi
3187 5205 3344 5278 nisi
3387 5205 3687 5278 ablatio

2140 5318 2405 5412 partis
2440 5338 2485 5389 a
2519 5322 2731 5397 toto:
2776 5321 3000 5411 ergo,
3036 5325 3190 5395 etc.

2232 5440 2540 5510 Contra
2571 5437 3076 5527 Augustinus
3111 5440 3225 5510 lib.
3267 5442 3333 5511 2.
3369 5442 3453 5509 de
3481 5443 3684 5530 Nupc.

2142 5574 2203 5629 ct
2229 5584 2500 5651 concup.
2555 5567 2635 5637 et
2687 5560 3022 5656 ponitur
3053 5565 3134 5632 de
3178 5566 3482 5634 Consecr.
3525 5566 3682 5633 dist.
3717 5509 4032 5639 agasspffin.

198 2454 355 2505 Gratia

237 2595 319 2632 nu.

3717 4796 3931 4862 Argum.
3965 4796 3996 4845 4
4007 4833 4019 4846 .

3802 5446 3954 5496 Ratio
