4287 6313
173 1327 355 1376 verus

109 1403 330 1453 sensusej
342 1405 428 1439 us.

160 2514 363 2621 Triplex

137 2678 143 2683 ᾗ
157 2624 378 2679 potestas

133 2681 426 2732 instituendi

123 2742 423 2856 Saczmen·

155 4352 365 4415 Triplex

173 4414 354 4462 cluis.

225 5532 300 5642 ,ἐς

163 5662 376 5719 potam

1534 452 1739 519 Dts'r.
1790 450 2221 532 t.QUAEs'r10
2268 460 2370 521 111.

459 614 659 696 hujus
686 619 1053 694 potestatis,
1086 618 1340 682 etiamsi
1370 620 1569 680 verba
1603 621 1748 700 ejus
1777 627 2010 697 praeter

459 732 888 797 intentionem
938 735 1022 797 ad
1074 752 1350 813 scopum
1393 734 1583 813 huJus
1634 737 2009 816 quaestionis

464 849 832 928 torquenda
864 856 1112 924 essent,
1147 857 1213 914 et
1244 861 1730 932 consequenter
1759 870 1890 915 non
1925 852 2008 914 de

457 971 791 1043 potestate
838 968 1224 1030 instituendi
1281 971 1709 1048 Baptismum‚
1754 969 1875 1031 sed
1926 969 2008 1031 de

458 1085 786 1159 potestate
857 1082 1256 1148 ministeriali
1316 1090 1382 1147 et
1428 1084 2007 1147 subauotoritativa

457 1197 831 1276 baptizandi
861 1201 1294 1281 intelligenda
1325 1206 1574 1264 essent.

542 1316 790 1379 Revera
830 1322 1053 1378 autem
1090 1317 1475 1397 intelligitur
1523 1317 1604 1380 de
1651 1319 2005 1395 Baptismo,

459 1437 785 1508 quatenus
840 1435 906 1495 in
961 1433 1228 1495 nomine
1285 1436 1457 1495 servi
1523 1432 1815 1507 daretur,
1873 1449 2007 1496 non

456 1550 677 1609 autem
708 1549 771 1609 in
803 1549 1068 1609 nomine
1099 1548 1302 1626 ipsius
1344 1548 1597 1622 Christi,
1649 1549 1800 1611 ideo
1851 1550 1999 1612 sub·

458 1667 556 1729 dit
587 1685 602 1728 :
631 1672 760 1730 Hoc
786 1670 1013 1740 noluit,
1065 1671 1235 1743 ide-0,
1279 1675 1345 1731 uc
1391 1673 1457 1732 in
1503 1670 1620 1731 illo
1671 1678 1824 1731 esset
1866 1688 2008 1748 spes

456 1784 958 1861 baptizatorum,
1004 1803 1046 1847 a
1101 1803 1224 1863 quo
1280 1803 1346 1847 se
1397 1786 1756 1861 baptizatos
1800 1803 1999 1863 aqno-

449 1912 719 1974 acerem,
750 1903 953 1963 noluit
983 1919 1139 1979 erqo
1167 1920 1419 1965 servum
1443 1918 1680 1979 ponere
1716 1920 1893 1980 spem
1936 1907 2001 1965 in

449 2033 637 2079 servo
659 2040 680 2091 ;
705 2021 847 2081 ideo
879 2017 1205 2079 clamabat
1236 2019 1589 2097 Apostolus),
1640 2036 1785 2080 cum
1826 2021 2005 2081 vide-

449 2143 552 2197 ret
604 2137 891 2198 homines
945 2137 1222 2200 volentes
1273 2156 1520 2215 ponere
1560 2154 1736 2214 spem
1793 2141 1859 2200 in
1904 2156 1999 2200 sc-

447 2253 593 2327 ipso
630 2269 643 2311 :
690 2255 1004 2331 numquid
1029 2254 1268 2316 Paulus
1309 2270 1433 2330 pro
1461 2257 1635 2316 vobis
1664 2256 2008 2332 crucifixus

453 2375 566 2439 est,
598 2372 706 2429 aut
735 2372 802 2431 in
831 2371 1084 2430 nomine
1111 2369 1308 2431 Pauli
1331 2370 1649 2446 baptizati
1674 2373 1839 2443 οειίε,
1872 2376 2001 2437 etc.

539 2484 633 2544 Ex
673 2484 769 2546 his
807 2487 991 2560 patet
1030 2485 1260 2562 triplex
1300 2490 1591 2562 potestas
1622 2485 2003 2549 instituendi

455 2598 881 2660 Sacramenta
927 2617 942 2658 ε
989 2600 1199 2661 Prima
1239 2607 1341 2662 est
1380 2602 1755 2678 principalis
1799 2606 1865 2663 et
1895 2618 2005 2663 au-

455 2715 840 2789 ctoritativa,
889 2731 971 2775 ex
1033 2732 1185 2794 qua,
1264 2718 1440 2778 velut
1495 2716 1741 2791 radice,
1802 2717 2006 2778 oritur

452 2832 700 2892 veritas
745 2834 812 2892 et
851 2828 1138 2892 efficacia
1181 2832 1608 2907 Sam-amenti,
1658 2838 1723 2892 et
1748 2832 1853 2892 illa
1885 2831 2003 2894 soli

451 2948 598 3008 Deo
644 2952 1024 3029 competere
1076 2951 1312 3025 potest.
1363 2948 1670 3010 Secunda
1711 2964 1856 3010 esse
1891 2964 2000 3025 po·
2045 3037 2052 3044 ὁ

450 3068 587 3126 test
646 3064 1118 3127 commissionis
1176 3062 1576 3143 designandi
1638 3064 2002 3138 materiam,

452 3185 572 3241 aut
600 3179 800 3241 verba
849 3181 914 3241 in
956 3183 1220 3259 specie;
1268 3182 1403 3243 haec
1448 3179 1743 3260 delegari
1790 3186 2007 3257 potest

451 3298 699 3377 cuique
756 3300 823 3359 in
878 3297 1276 3375 particulari,
1325 3301 1439 3359 aut
1479 3299 1601 3376 ipsi
1643 3296 2003 3360 communi·

448 3417 593 3492 tati,
627 3420 701 3475 ut
728 3417 908 3493 patet
952 3430 1030 3475 ex
1074 3417 1375 3476 Doctore.
1410 3413 1625 3474 Tertia
1658 3419 1758 3474 est
1789 3412 2001 3473 excel·

447 3531 707 3604 lentiae,
739 3547 883 3610 quae
923 3531 1044 3592 soli
1075 3531 1322 3593 Christo
1357 3531 1694 3608 competit,
1727 3531 2002 3608 inquun-

452 3653 595 3708 tum
628 3648 1016 3709 constitutus
1046 3651 1146 3708 est
1174 3645 1501 3707 mediator
1530 3647 1647 3706 Dei
1691 3649 1757 3706 et
1796 3644 2004 3705 homi·

449 3781 639 3841 num,
693 3769 762 3825 et
807 3763 1046 3826 meruit
1090 3763 1535 3826 assistentiam
1575 3775 1786 3823 causae
1823 3762 1999 3838 prin-

450 3880 678 3956 cipalis
747 3881 939 3959 signo
999 3896 1035 3941 a
1091 3896 1166 3942 se
1219 3879 1656 3950 instituend0‚
1715 3881 1885 3941 sicut
1938 3881 2005 3936 et

448 4001 846 4075 potestatem
891 3995 1304 4075 Legtslatoris
1343 3993 1601 4056 ferendi
1643 3994 1887 4071 legem,
1938 3993 2005 4052 in

450 4129 585 4192 quo
634 4118 859 4175 essent
899 4112 1117 4174 media
1149 4113 1487 4190 operantia
1520 4115 1585 4172 et
1620 4107 2005 4171 reducentia

453 4229 792 4291 hominem
839 4231 920 4292 ad
965 4230 1268 4291 salutem.

543 4350 682 4409 llaec
733 4345 1062 4409 distinctio
1113 4344 1443 4408 inducitur
1479 4342 1665 4420 juxta
1712 4341 2007 4413 modum,

457 4480 588 4541 quo
618 4466 809 4540 infra
848 4464 1090 4525 Doctor
1134 4478 1280 4522 cum
1326 4461 1465 4522 aliis
1512 4464 1574 4523 d.
1633 4460 1724 4521 19.
1776 4457 2002 4518 distin-

450 4582 596 4660 guit
626 4581 904 4653 clavem,
948 4595 1093 4657 quae
1137 4577 1442 4658 designat
1486 4580 1905 4653 potestatem,
1939 4577 2006 4635 in

450 4696 910 4775 principalem,
958 4710 1103 4774 quae
1150 4699 1250 4755 est
1300 4692 1501 4754 solius
1540 4691 1702 4761 Dei;
1746 4690 2008 4769 praecel·

447 4814 685 4884 lentiae,
738 4829 884 4890 quae
934 4814 1034 4872 est
1079 4809 1352 4883 Christi;
1411 4814 1477 4870 et
1522 4808 2003 4885 particularem,

451 4946 596 5009 quae
641 4943 867 5007 neque
898 4926 1272 5005 principalis
1305 4932 1426 4997 est,
1476 4940 1694 5003 neque
1738 4923 2008 5000 praecet-

447 5048 687 5120 lentiae‚
723 5060 870 5125 quae
912 5048 1012 5105 est
1039 5042 1372 5104 Ecclesiae.
1410 5041 1659 5103 Eodem
1696 5038 1890 5100 modo
1925 5037 2008 5100 de

447 5167 785 5243 potestate
830 5157 1208 5248 instituendi
1262 5159 1754 5220 Sacramentum
1810 5153 2009 5215 disse-

444 5284 634 5344 ritur.
707 5278 1027 5340 Videatur
1112 5275 1193 5337 de
1267 5279 1592 5352 potestate
1663 5270 2012 5350 judiciaria

444 5399 684 5461 Christi
717 5397 782 5457 d.
830 5395 931 5457 48.
981 5399 1196 5470 quaesc.
1240 5392 1291 5452 1.

526 5512 663 5579 Sed
695 5513 918 5576 adhuc
971 5509 1053 5570 de
1103 5512 1430 5586 potestate
1479 5506 1586 5570 illa
1628 5504 2009 5583 praecellen·

443 5638 572 5708 tiae,
625 5647 830 5712 quam
880 5628 1083 5690 habet
1141 5627 1456 5701 Christus,
1522 5623 1884 5696 dubitatur,
1931 5637 2013 5682 an

679 5735 837 5786 Tom.
873 5730 1025 5783 XVI.

3558 469 3672 531 129

2123 621 2402 684 conferri
2435 624 2642 701 possit
2680 624 2762 689 de
2806 628 3102 706 potentia
3146 628 3444 691 absoluta
3496 645 3673 707 purae
3702 648 4005 720 praeoquen-

2124 744 2455 802 creaturae.
2506 744 2803 821 vasquez
2847 750 3050 825 negat
3108 746 3246 807 loco
3311 747 3501 808 citato
3554 748 3666 809 sub
3778 715 3947 836 ρὲζξθς

2116 856 2334 931 finem,
2408 859 2559 935 quia
2617 860 2793 922 nulla
2852 878 3016 939 pura
3078 868 3377 925 creatura
3449 868 3672 942 potest
3728 840 3978 962 maffia

2119 973 2365 1036 habere
2422 978 2725 1038 meritum
2801 980 3207 1059 condignum
3278 986 3499 1043 nostra
3569 997 3669 1042 re·
3726 962 3996 1072 ξ’ξζῖξζξῗᾶ

2121 1087 2525 1167 demptione,
2560 1109 2779 1172 neque
2811 1096 3086 1172 proinde
3130 1097 3253 1172 ipsi
3307 1099 3665 1159 communi·
3724 1084 3989 1147 negativa.

2121 1205 2251 1265 cari
2312 1210 2622 1284 tanquam
2670 1209 3000 1289 condigne
3056 1211 3336 1289 gratiam
3411 1213 3665 1291 capitiS,

2120 1320 2270 1397 quia
2301 1321 2653 1400 requiritur
2680 1325 2833 1385 unio
2864 1326 3275 1405 hypostatica
3308 1328 3392 1389 ad
3424 1332 3668 1390 utrum-

2118 1452 2274 1514 que.

2200 1548 2589 1628 Oppositum
2642 1560 2740 1614 est
2787 1555 2848 1615 S.
2909 1556 3178 1618 Thomae
3227 1559 3286 1619 3.
3329 1575 3397 1634 p.
3445 1576 3507 1635 q.
3557 1557 3660 1622 64.
3709 1570 3989 1643 Praefertur

2117 1672 2242 1725 ανι.
2300 1665 2360 1725 4.
2426 1672 2489 1728 et
2552 1668 2836 1730 tenenda
2883 1677 2984 1731 est
3014 1669 3207 1749 Juxta
3263 1674 3658 1734 sententiam
3686 1632 4006 1746 affl‘ssfflss‘f'

2115 1780 2437 1855 DoctoriS‚
2488 1784 2595 1861 qui
2647 1785 2832 1859 infra
2886 1784 3024 1846 loco
3074 1788 3385 1862 proxime
3440 1790 3655 1862 citato,

2117 1893 2311 1958 docet
2358 1902 2755 1974 potestatem
2817 1900 3233 1962 excellentiae
3283 1916 3415 1963 non
3463 1917 3661 1981 posse

2117 2015 2580 2079 communicari
2608 2019 2930 2092 Ecclesiae,
2963 2020 3192 2081 saltem
3229 2018 3311 2081 de
3344 2036 3664 2100 congrum

2115 2131 2508 2195 insinuando
2553 2136 2846 2209 potuisse
2878 2134 3203 2197 absolute.

2195 2248 2374 2310 Ratio
2446 2254 2668 2310 autem
2738 2251 3036 2329 Vasquez
3089 2250 3261 2312 nulla
3321 2256 3443 2327 est,
3512 2252 3665 2315 dato
3736 2238 4018 2350 Rezponsio

3856 2303 3888 2349 d

2118 2364 2295 2442 quod
2357 2366 2714 2443 praetendit,
2769 2369 3072 2428 nimirum
3125 2384 3298 2445 purae
3344 2372 3663 2430 creaturae
3695 2365 4006 2478 Oiffhogistglrgi'.

2115 2482 2422 2543 meritum
2457 2482 2538 2543 de
2572 2483 2867 2559 potentia
2912 2482 3201 2545 absoluta
3246 2501 3378 2546 non
3410 2486 3663 2562 potuis·
3694 2488 4017 2561 sine2mepito

2115 2615 2188 2659 se
2253 2615 2397 2660 esse
2458 2598 2857 2678 condignum
2920 2599 3358 2678 redemptioni
3402 2557 3994 2685 nostrae,p0{¹3s⁰{¹}2m

2117 2716 2269 2794 quia
2311 2719 2603 2792 potestas
2652 2715 2786 2775 haec
2849 2715 3307 2793 praecellentiae
3358 2713 3504 2777 data
3564 2723 3663 2779 est
3689 2676 4013 2726 ⁰¹⁰⁶¹¹⁰⁰²¹ae‘

2116 2833 2366 2895 Christo
2408 2831 2943 2909 independenter
2999 2849 3033 2892 a
3091 2847 3210 2893 suo
3269 2832 3527 2905 merim,
3581 2848 3660 2892 eo

2114 2949 2255 3026 ipso
2309 2964 2437 3025 quo
2488 2948 2876 3009 constitutus
2926 2954 3025 3009 est
3081 2952 3280 3024 caput
3335 2948 3661 3021 omnium;

2116 3070 2184 3126 et
2215 3079 2593 3143 quanquam
2628 3064 2951 3125 concurrit
2997 3061 3314 3141 deinceps
3357 3064 3665 3125 meritum

2113 3188 2421 3258 respectu
2452 3181 2657 3243 nostri
2678 3196 2751 3242 se
2781 3181 3009 3243 habuit
3038 3186 3108 3242 ut
3154 3197 3349 3244 causa
3380 3188 3659 3257 remota,

2116 3308 2184 3363 et
2229 3303 2461 3364 motiva
2504 3318 2626 3363 seu
2670 3303 3112 3380 impetratoria
3154 3303 3236 3364 ob
3271 3319 3495 3382 quam,
3528 3319 3665 3365 non

2117 3427 2362 3493 autem,
2408 3425 2480 3481 ut
2520 3419 2683 3481 ratio
2713 3419 3065 3482 intrinseca
3100 3420 3468 3496 potestatiS,
3515 3434 3666 3498 quae

2112 3536 2646 3616 independenter
2688 3537 2768 3598 ab
2823 3539 2999 3598 omni
3041 3537 3270 3597 merito
3317 3536 3672 3598 communi·

2115 3657 2245 3716 cari
2293 3655 2524 3732 potuit,
2560 3661 2623 3716 et
2650 3652 2896 3715 habere
2930 3653 3237 3714 eamdem
3278 3650 3665 3726 efficaciam,

2115 3777 2432 3847 quantum
2479 3767 2562 3830 ad
2606 3767 3084 3829 institutionem
3119 3767 3543 3830 sacramenti.

2197 3888 2260 3949 Si
2321 3888 2495 3948 enim
2544 3887 2722 3947 Deus
2765 3885 3121 3946 reduceret
3163 3885 3501 3947 hominem
3545 3900 3667 3961 per
3780 3897 3951 3947 Potuit

2115 4001 2462 4073 Christum,
2497 4017 2629 4061 non
2657 4017 2778 4078 per
2819 4001 2989 4060 viam
3023 4000 3289 4080 justitiae
3319 4005 3383 4061 et
3416 3997 3663 4063 satisfa·
3695 3975 4014 4072 ⁵50?ssan

2118 4120 2377 4190 ctionis,
2410 4115 2533 4179 sed
2576 4113 3045 4177 misericordiae
3087 4132 3264 4192 purae
3313 4119 3381 4177 et
3430 4116 3663 4177 libera·
3693 4082 4011 4211 coxfstgfflen-

2116 4234 2334 4308 litatis,
2369 4236 2594 4311 posset
2642 4246 2910 4293 manere
2958 4230 3023 4291 in
3069 4229 3319 4292 Christo
3370 4234 3664 4306 potestas
3817 4214 3886 4260 ¹⁷⁰·

2120 4350 2528 4411 excellentiae
2585 4347 2971 4427 legislativa,
3022 4348 3088 4407 et
3136 4344 3484 4408 ordinandi
3532 4345 3667 4406 haec

2116 4470 2258 4545 ipsa
2289 4465 2507 4528 media
2539 4464 2622 4525 ad
2652 4463 2958 4535 salutem,
3009 4477 3158 4539 quae
3206 4478 3381 4522 nunc
3412 4461 3668 4523 ordina·

2117 4585 2232 4655 vit,
2265 4597 2407 4659 quae
2452 4595 2529 4639 eo
2578 4593 2735 4638 casu
2764 4592 2895 4637 non
2930 4574 3391 4654 dependerent
3444 4593 3478 4637 a
3530 4593 3668 4638 me-

2116 4698 2240 4758 rito
2288 4695 2432 4774 ejus
2478 4710 2560 4756 ex
2592 4691 2979 4772 liypothesi3
3017 4694 3243 4766 posset
3288 4707 3447 4769 ergo
3493 4693 3674 4754 simi·

2119 4816 2264 4875 liter
2307 4826 2488 4889 purae
2525 4814 2860 4880 creaturae,
2914 4805 3210 4884 quamvis
3270 4806 3337 4866 in
3403 4823 3480 4868 ea
3539 4822 3672 4868 non

2121 4933 2296 4990 esset
2354 4925 2761 5005 condignitas
2821 4936 3038 4984 causae
3109 4924 3471 4999 meritoriae,
3538 4923 3669 4986 imo

2119 5042 2655 5120 independenter
2683 5040 2764 5101 ab
2796 5039 2974 5100 omni
3006 5038 3151 5118 ejus
3194 5040 3452 5111 merim,
3488 5054 3667 5100 com-

2121 5160 2438 5220 municari
2516 5157 2649 5218 haec
2720 5158 3009 5232 potestas
3083 5153 3447 5233 legislativa
3523 5173 3671 5217 cum

2121 5272 2392 5333 scientia
2449 5270 2661 5332 infusa
2725 5275 2789 5329 et
2837 5268 3172 5340 directim,
3250 5274 3316 5331 et
3371 5271 3665 5349 reliquiS,
3702 5290 4018 5402 manatuno

3766 5368 3888 5401 merl
3916 5369 3966 5406 O.

2122 5403 2264 5464 quae
2306 5385 2574 5447 fuerunt
2617 5385 2681 5444 in
2728 5383 3001 5455 Christo,
3055 5388 3335 5460 excepto
3394 5390 3665 5455 merito:
3724 5416 3787 5464 Et
3816 5415 3877 5463 ob
3909 5431 4018 5464 me-

2124 5504 2275 5565 dato
2322 5501 2517 5563 etiam
2568 5499 2738 5579 exigi
2788 5502 3115 5574 meritum,
3157 5499 3347 5579 juxta
3396 5506 3666 5564 senten·
3702 5477 3854 5525 ’ΜΨ
3877 5493 4017 5541 ΡΜ)

3723 5544 3990 5592 creaturae.

2121 5621 2276 5682 tiam
2297 5623 2538 5680 nistrae
2558 5617 2818 5690 scholae,
2842 5615 3052 5694 potuit
3075 5631 3222 5677 esse
3249 5617 3653 5698 condignum

3404 5719 3438 5772 9
