4287 6313
638 354 756 417 446

646 531 791 594 qua}
862 517 1098 580 virtute
1162 514 1364 578 solius
1442 514 1837 592 poenitentiae
1920 512 2190 575 daretur

642 629 935 707 praecise,
987 628 1138 708 quia
1193 629 1399 708 gratia
1463 629 1878 708 aequivaleret
1938 628 2184 705 baptis·

640 746 794 808 mati
840 751 905 808 et
949 745 1399 822 poenitentiali.

724 863 874 922 Ilaec
900 863 1226 923 sententia
1257 863 1342 924 ita
1393 862 1786 932 declaratur,
1820 866 1891 922 ut
1939 859 2186 923 nullam

642 978 918 1055 gratiam
990 978 1319 1054 reciperet
1397 977 1635 1039 virtute
1714 976 2021 1053 Baptismi
2105 991 2186 1037 ex

643 1109 845 1170 opere
875 1098 1172 1169 operat0,
1207 1092 1328 1154 sed
1362 1094 1562 1153 totam
1601 1091 1838 1152 virtute
1872 1090 2185 1168 poeniten-

643 1209 762 1281 tiae,
797 1212 864 1270 et
903 1208 1243 1286 majorem,
1295 1224 1493 1287 quam
1544 1208 1703 1269 alias
1757 1209 2021 1283 praecise
2065 1222 2189 1283 per

639 1325 1083 1402 poenitentiam
1115 1329 1297 1386 extra
1344 1341 1570 1386 casum
1614 1322 1892 1385 fictionis
1934 1323 2187 1400 recipe·

639 1446 858 1516 retur3
909 1443 1146 1505 intuitu
1195 1446 1413 1503 tamen
1462 1439 1796 1517 Baptismi,
1832 1446 1904 1501 ut
1962 1438 2182 1516 dispo-

416 1615 499 1666 Ad
639 1556 886 1619 sitionis
915 1557 1205 1633 praeviae,
1257 1554 1642 1633 poenitentia
1673 1555 1945 1616 haberet
1980 1554 2179 1616 talem

286 1680 601 1746 Baptismum
643 1669 1021 1745 efficaciam,
1049 1672 1218 1733 sicut
1246 1673 1313 1733 in
1342 1671 1572 1732 melius
1604 1669 1945 1747 disposite,
1983 1686 2186 1747 quan-

304 1747 584 1871 dispssititio.
644 1794 780 1851 tum
813 1788 1047 1850 crescit
1076 1787 1215 1864 ejus
1248 1786 1584 1865 dispositio
1617 1785 1704 1847 ad
1728 1784 2183 1862 recipiendum

640 1907 1160 1977 Sacramentum,
1231 1907 1482 1965 tantum
1544 1903 1743 1963 etiam
1790 1900 2179 1961 Sacramen-

637 2027 775 2082 tum
803 2020 875 2084 fit
916 2020 1128 2098 magis
1162 2017 1413 2092 efficax,
1452 2024 1517 2080 et
1548 2023 1773 2080 causat
1799 2015 2181 2095 perfectiuS,

639 2143 713 2200 ut
757 2137 952 2199 docet
1007 2134 1460 2198 Tridentinum
1512 2134 1595 2196 de
1653 2138 1794 2213 ipso
1852 2136 2180 2213 Baptismo

637 2277 787 2324 sess.
820 2258 880 2320 6.
924 2274 1064 2334 cap.
1097 2258 1155 2316 7.

716 2376 1097 2454 Congruum
1141 2379 1360 2436 autem
1402 2378 1523 2447 est,
1568 2375 1639 2431 ut
1685 2372 2182 2433 Sacramentum

634 2498 1002 2570 receptum,
1080 2491 1261 2568 qu'us
1321 2489 1594 2551 effectus
1639 2486 1758 2550 fuit
1798 2487 2177 2565 impedituS‚

634 2615 700 2671 et
743 2609 924 2689 quod
969 2612 1186 2672 iterari
1218 2608 1470 2685 nequit,
1505 2612 1578 2668 ut
1609 2609 1921 2683 quoniam
1961 2609 2179 2683 ipsum

634 2731 700 2794 in
745 2747 816 2791 re
874 2736 1165 2808 nequeat
1208 2729 1447 2805 repeti,
1494 2742 1714 2804 neque
1770 2730 1844 2786 ut
1886 2726 2179 2801 praeteri-

635 2851 769 2908 tum
801 2847 1046 2925 aliquid
1090 2863 1291 2925 agere
1323 2861 1441 2921 per
1469 2843 1740 2905 modum
1788 2844 2177 2904 Sacramen-

632 2965 701 3036 ti,
749 2963 937 3041 cujus
981 2965 1189 3022 totum
1235 2976 1381 3021 esse
1447 2962 1512 3019 et
1561 2956 1850 3021 efficacia
1883 2959 2179 3019 consistit

630 3078 696 3139 in
741 3094 888 3149 usu,
941 3076 1172 3139 saltem
1242 3071 1534 3135 conferat
1605 3074 1698 3133 sic
1762 3072 2176 3133 emolumen-

299 3223 595 3288 Baptismus
636 3199 795 3269 tum,
856 3192 1400 3274 quandoquidem
1457 3197 1531 3253 ut
1589 3190 1893 3268 praeteriit
1949 3188 2179 3266 nequit

283 3285 603 3409 Xgffffgfffflsx
633 3309 938 3371 effectum
1045 3309 1289 3370 habere
1338 3325 1418 3369 ex
1472 3323 1675 3385 opere
1734 3310 2033 3381 operato,
2095 3322 2178 3366 ex

325 3426 551 3539 offggss.
637 3430 887 3492 ratione
919 3426 1280 3503 praemissa.
1341 3426 1417 3487 Et
1451 3423 1640 3503 juxta
1686 3423 1859 3484 hunc
1918 3421 2177 3484 dicendi

635 3546 929 3619 modum,
992 3542 1349 3606 dicendum
1397 3548 1496 3603 est
1544 3542 1788 3603 habere
1865 3539 2178 3602 eumdem

632 3662 946 3729 effectum
1004 3678 1124 3739 per
1173 3659 1447 3721 modum
1506 3655 1950 3735 dispositionis
2013 3672 2174 3732 prae-

630 3783 766 3854 viae,
818 3785 883 3842 et
910 3781 1145 3843 virtute
1196 3776 1596 3855 poenitentitc
1645 3792 1726 3837 ex
1775 3790 1976 3852 opere
2012 3791 2174 3851 ope-

628 3903 794 3968 rato,
850 3899 1021 3959 sicut
1067 3896 1362 3957 contritio
1408 3893 1724 3971 perfecta,
1783 3892 1967 3953 verbi
2021 3907 2172 3969 gra-

278 3965 579 4030 Exemplum
655 4021 666 4033 ,
880 4015 891 4028 ,
1678 4012 1689 4024 .

413 4029 475 4079 de
630 4024 737 4091 tia,
814 4015 1002 4078 aliter
1046 4013 1249 4075 habet
1306 4011 1614 4073 effectum
1675 4024 1740 4070 in
1794 4011 2174 4085 peccatore,

278 4091 597 4142 ‘'mamm‘'
628 4135 814 4196 aliter
855 4133 921 4194 in
956 4131 1185 4210 justo.-
1243 4126 1551 4190 eumdem
1604 4133 1820 4187 tamen
1865 4124 2178 4184 effectum

626 4249 847 4329 quoad
877 4247 1317 4312 intensionem
1351 4244 1676 4324 graduum
1708 4244 1773 4303 in
1820 4247 2176 4321 peccatore

626 4369 852 4429 causat
882 4382 1001 4444 per
1050 4363 1319 4424 modum
1372 4360 1840 4437 dispositioniS,
1886 4360 1954 4421 in
1992 4358 2173 4436 justo

620 4498 742 4560 per
784 4480 1058 4543 modum
1104 4479 1350 4551 meriti,
1401 4479 1491 4539 sic
1558 4477 1755 4538 etiam
1807 4476 2175 4551 Baptismus

621 4614 745 4675 per
800 4595 1071 4659 modum
1133 4594 1600 4672 dispositionis,
1648 4596 1867 4671 potest
1922 4591 2171 4652 habere

620 4713 956 4785 effectum,
1007 4728 1207 4791 quem
1253 4710 1411 4771 alias
1473 4709 1675 4769 habet
1724 4723 1846 4783 per
1898 4705 2173 4768 modum

618 4832 1047 4899 Sacramenti,
1107 4826 1326 4907 quoad
1388 4826 1671 4905 gradum
1725 4824 1969 4905 gratiae,
2036 4840 2172 4885 non

619 4945 842 5027 quoad
896 4944 1174 5007 modum
1234 4940 1598 5014 causandi;
1663 4947 1729 5002 et
1781 4939 2174 5017 poenitentia

620 5083 753 5130 non
811 5067 1025 5127 solum
1085 5079 1163 5125 ex
1221 5061 1474 5123 ratione
1544 5058 1833 5136 propria,
1908 5054 2028 5116 sed
2089 5072 2172 5117 ex

621 5182 1049 5262 dispositione
1107 5178 1353 5258 praevia
1407 5175 1611 5238 habet
1668 5174 1979 5236 effectum
2034 5189 2174 5234 ma-

291 940 615 991 Declaratur.

345 1003 554 1068 Recipit

326 1067 569 1132 majorem

336 1130 572 1193 gratiam.

331 2177 565 2231 Trident.

627 5303 857 5363 ’orem.

423 5445 503 5496 34.
614 5321 659 5465 J·
707 5422 771 5482 Si
815 5422 997 5497 petas
1041 5412 1377 5496 quomodo
1435 5414 1921 5475 sacramentum
1955 5407 2170 5486 Bapti-

630 5536 753 5601 smi
805 5539 1025 5615 potest
1097 5546 1245 5595 esse
1312 5530 1705 5610 dispositio?
1767 5524 2170 5604 respondeo,

1810 412 1815 418 .
1870 353 2011 418 LIB.
2043 354 2147 415 lv.
2178 352 2772 418 SENTENTlARUM

2303 515 2457 592 quia
2526 531 2646 590 per
2701 512 3100 590 Baptismum
3152 512 3505 574 assumitur
3535 523 3706 571 nova
3750 505 3845 569 di·
3910 511 4174 603 anmodo

2299 631 2514 708 gnitas
2565 644 2882 707 personae,
2917 644 3036 707 per
3097 644 3293 705 quam
3337 625 3732 688 adscribitur
3781 622 3848 684 in
3894 608 4183 736 dispffiffio·

2301 745 2540 811 familia
2573 745 2826 818 Christi,
2860 762 2980 823 per
3013 745 3581 823 consignationem
3616 741 3837 801 chara·

2305 865 2520 940 cteris,
2569 870 2804 945 estque
2835 882 2992 928 vera
3036 864 3305 926 initiatio
3336 863 3621 924 hominis
3660 861 3725 920 in
3759 859 3843 919 te·

2301 995 2385 1058 ge
2419 997 2633 1052 nova;
2677 981 2829 1044 hinc
2873 985 3049 1045 recte
3084 994 3278 1057 posse
3312 976 3639 1053 acceptari
3693 988 3843 1052 per·

2299 1109 2528 1158 sonam
2560 1097 2767 1176 magis
2811 1097 2896 1160 ad
2937 1097 3218 1176 gratiam
3256 1094 3505 1156 ratione
3541 1088 3850 1167 Baptismi

2299 1213 2609 1291 suscepti,
2660 1211 2838 1291 quod
2886 1214 3220 1276 constituit
3252 1210 3615 1273 membrum
3667 1205 3843 1268 Chri·

2297 1329 2378 1389 sti
2421 1344 2542 1405 per
2589 1327 2788 1389 fidem
2847 1336 2911 1392 et
2966 1346 3178 1407 spem,
3218 1329 3407 1408 juxta
3452 1323 3849 1386 sententiam

2301 1459 2548 1517 eorum,
2584 1446 2697 1522 qui
2740 1444 2966 1506 dicunt
2993 1444 3127 1506 haec
3159 1443 3333 1505 dona
3378 1440 3633 1504 infundi
3673 1455 3848 1503 seor·

2301 1557 2425 1622 sim
2467 1558 2857 1644 quandoque
2888 1558 3206 1645 a,gratia;
3264 1570 3327 1624 et
3368 1558 3433 1623 in
3482 1576 3661 1634 casu,
3708 1554 3839 1622 sal-

2299 1682 2453 1751 tem,
2492 1684 2592 1739 est
2621 1673 2761 1759 ipsa
2803 1673 2952 1742 fidei
2988 1673 3226 1740 Christi
3270 1671 3589 1758 professio
3627 1683 3692 1736 et
3731 1671 3843 1736 Sa·

2297 1802 2699 1857 cramentum
2723 1789 2897 1869 fidei,
2934 1804 2996 1857 et
3018 1811 3131 1876 per
3162 1788 3323 1855 illud
3355 1788 3567 1875 magis
3596 1787 3845 1854 accedit

2298 1907 2444 1993 quis
2475 1907 2550 1972 ad
2604 1911 2831 1989 Deum,
2886 1905 3135 1973 ratione
3183 1908 3372 1994 cujus
3420 1925 3722 1973 accessus
3781 1916 3846 1970 et

2297 2024 2682 2090 reverentiae
2723 2026 3144 2105 Sacramenti,
3181 2027 3387 2112 major
3416 2034 3515 2090 est
3544 2034 3843 2109 accepta-

2298 2138 2385 2205 tio
2418 2160 2717 2225 personae
2758 2141 2821 2206 in
2855 2141 3083 2207 ordine
3121 2141 3198 2207 ad
3232 2141 3533 2207 salutem.

2384 2264 2461 2326 Et
2501 2262 2666 2328 forte
2699 2264 2821 2328 hoc
2849 2262 3129 2328 intendit
3160 2263 3545 2349 Cyprianus,
3587 2261 3689 2328 vel
3722 2281 3841 2328 au-

2294 2392 2434 2445 otor
2480 2401 2679 2446 serm.
2726 2380 2804 2444 de
2836 2383 3032 2445 Coena
3065 2380 3316 2445 Domini
3358 2403 3372 2445 ε
3411 2382 3494 2445 Et
3543 2382 3694 2445 licet
3736 2382 3838 2445 in-

2294 2499 2486 2584 diyni
2540 2500 2697 2575 sint,
2758 2498 2989 2582 inquit,
3027 2500 3142 2584 qui
3190 2499 3531 2584 accipiunt
3580 2497 3839 2583 (supple

2297 2613 2726 2698 Baptismum)
2775 2615 3356 2679 Soet-omentorum
3401 2625 3619 2679 tamen
3657 2635 3839 2679 reve-

2293 2723 2535 2799 remia,
2574 2733 2634 2787 ec
2668 2725 3216 2808 propinquiorem
3256 2723 3348 2788 ad
3394 2725 3598 2788 Deum
3637 2733 3839 2809 parat

2291 2859 2639 2916 accessum,
2678 2850 2737 2903 et
2785 2839 2899 2904 ubi
2934 2840 3264 2907 redierint
3303 2840 3393 2906 ad
3435 2861 3548 2906 cor
3586 2850 3837 2905 constat

2295 2954 2656 3018 ablutionis
2697 2955 2967 3036 donum,
2992 2968 3052 3020 ee
3083 2955 3259 3020 redit
3289 2958 3560 3040 effectus
3607 2978 3836 3021 mune-

2291 3091 2476 3148 rum,·
2509 3091 2629 3135 nec
2666 3071 2841 3136 alias
2891 3073 3103 3158 quoeri
3150 3084 3264 3137 aut
3317 3076 3525 3159 repeti
3583 3094 3836 3140 necesse

2291 3198 2382 3250 est
2429 3187 2861 3272 salutiferum
2911 3189 3438 3268 Sacramentum,
3487 3200 3617 3255 etc.
3678 3192 3835 3265 Quoe

2292 3303 2489 3369 verba
2565 3304 2876 3390 applicari
2968 3319 3243 3391 possunt
3309 3307 3386 3372 ad
3465 3308 3827 3374 doctrinam

2294 3419 2726 3504 praemissam,
2781 3420 2949 3488 sicut
2987 3422 3180 3488 etiam
3224 3422 3648 3490 auctoritates
3710 3426 3830 3489 Pa-

2290 3547 2463 3600 trum
2496 3557 2693 3622 supra
2723 3536 3046 3623 allegatae,
3093 3550 3157 3605 et
3187 3540 3490 3625 Cypriani
3533 3560 3834 3605 sermone
3858 3573 3936 3637 05
3973 3580 4158 3630 rianus

2289 3650 2373 3715 dc
2403 3652 2674 3718 Lolione
2701 3654 2966 3738 pedum,
3007 3654 3116 3720 ubi
3147 3657 3381 3721 asserit
3412 3656 3582 3742 quod
3617 3655 3830 3722 Poeni-
3883 3664 3943 3700 '0
3993 3657 4155 3711 aliu·-

2292 3768 2490 3834 tentia
2521 3770 2692 3849 facit,
2731 3784 2802 3834 ut
2832 3772 3118 3837 reversis
3149 3772 3382 3839 iterum
3418 3776 3833 3839 Sacramenta

2292 3885 2546 3971 possint
2596 3886 2927 3972 prodesse,
2990 3910 3266 3975 quorum
3337 3889 3391 3955 si
3454 3890 3836 3976 poenitentia

2293 4022 2421 4066 non
2457 4003 2779 4082 subesset,
2817 4003 2995 4070 nullo
3028 4005 3218 4071 modo
3248 4005 3555 4091 deinceps
3587 4007 3834 4094 experi-

2291 4118 2343 4183 ri
2389 4132 2657 4204 possent
2695 4120 3029 4196 effectum;
3071 4143 3482 4209 quacumque
3519 4123 3693 4188 enim
3729 4123 3836 4189 via

2292 4235 2681 4320 Baptismus,
2753 4236 2896 4303 sive
2977 4259 3090 4323 per
3147 4238 3410 4305 modum
3496 4239 3829 4325 dispositi-

2288 4351 2456 4429 oniS,
2482 4352 2623 4419 sive
2654 4372 2734 4417 ex
2765 4371 2973 4433 opere
3003 4367 3293 4440 operat0,
3339 4367 3403 4420 et
3434 4375 3548 4440 per
3575 4354 3836 4420 modum

2286 4468 2685 4533 Sacramenti
2749 4470 2977 4554 prosit,
3050 4470 3296 4536 sufficit
3325 4470 3404 4536 ad
3447 4470 3835 4537 salvandum

2288 4584 2707 4650 auctoritates
2751 4587 3038 4653 Patrum.

2375 4702 2692 4766 Praeterea
2734 4701 2903 4768 sicut
2945 4702 3105 4767 fides
3146 4702 3288 4788 ipsa
3319 4714 3418 4769 est
3450 4704 3826 4791 impetrato-

2285 4814 2403 4894 ria‚
2460 4827 2528 4880 ut
2576 4830 2830 4884 constat
2869 4839 2941 4885 ex
3003 4819 3374 4906 Augustino
3424 4823 3613 4908 epist.
3675 4824 3822 4890 105.
3941 4793 4104 4904 Ρῗὲὲδ

2284 4943 2346 4997 et
2381 4937 2526 5001 106.
2574 4948 2633 5001 et
2675 4936 2785 5002 lib.
2824 4937 2905 5002 de
2933 4939 3525 5023 proedeslinatione
3554 4920 3825 5007 Sancto·
3876 4912 4192 5031 ᾞΞθζζῖω

2286 5073 2455 5132 rum,
2494 5076 2638 5141 cap.
2684 5059 2748 5121 2.
2793 5066 2856 5121 et
2894 5055 3038 5123 aliis
3079 5057 3404 5136 Patribus,
3446 5058 3601 5145 quin
3632 5060 3824 5125 etiam

2285 5168 2346 5233 id
2390 5171 2702 5256 supponit
2733 5171 3186 5241 Tridentinum
3223 5164 3380 5241 sess,
3419 5179 3491 5243 6.
3553 5199 3699 5265 cap.
3758 5182 3822 5245 8.

2286 5285 2583 5372 sequitur
2612 5286 2806 5353 etiam
2850 5289 3276 5376 Baptismum,
3310 5291 3412 5358 cui
3448 5312 3704 5360 annexa
3732 5304 3830 5361 est

2290 5402 2609 5487 professio
2752 5403 2925 5485 fidei,
3052 5407 3244 5493 juxta
3381 5409 3825 5496 Augustinum

2285 5520 2476 5607 episc.
2515 5522 2622 5587 23.
2669 5521 2866 5607 (nam
2899 5523 2997 5589 sic
3025 5522 3182 5592 dicit
3214 5524 3532 5594 infantem
3578 5528 3851 5615 profite-
