4287 6313
1633 395 1813 461 Dls'r
1854 397 1957 457 Vl.
1992 389 2353 472 QUAESTIO
2397 397 2474 459 X.

158 563 335 633 Alter-a
356 574 474 627 ΡΜ
502 562 648 643 buS‚
713 549 935 652 quoad
961 565 1391 631 differentiam
1434 560 1911 649 obsignationis
1944 559 2038 625 in·

176 630 469 674 sustinetur.

120 5384 357 5511 Arguisi.
397 5446 448 5498 1.

192 5513 320 5575 cap.
360 5512 410 5561 5.

500 679 757 745 ductam
817 680 986 746 inter
1042 680 1616 747 Circumcisionem
1697 690 1759 743 et
1826 676 2029 762 Bapti-

495 817 738 875 smum,
777 793 987 884 magis
1020 799 1197 885 ipsos
1239 797 1577 864 intendere
1610 795 1782 861 illam
1818 794 2036 880 signa-

488 912 755 992 tionem,
802 934 950 999 quae
987 926 1085 979 est
1127 935 1241 1002 per
1289 913 1598 999 gratiam,
1652 930 1846 998 quam
1887 929 2033 996 pro·

486 1028 724 1094 habant
779 1043 1000 1096 contra
1042 1031 1327 1109 ludaeos,
1398 1049 1524 1094 non
1577 1027 1790 1093 datam
1833 1025 2036 1092 fuisse

486 1142 552 1208 in
618 1144 1150 1228 circumcisione,
1186 1165 1262 1211 eo
1313 1143 1502 1210 modo
1560 1162 1689 1229 quo
1729 1160 1926 1227 supra
1968 1139 2033 1205 in

485 1258 653 1325 dicta
713 1245 1075 1346 quaestione
1133 1259 1444 1326 diximus,
1492 1257 1584 1323 Ad
1627 1256 2025 1322 secundum:

487 1375 591 1441 illa
680 1377 1108 1463 congruentia
1179 1396 1308 1441 non
1369 1387 1561 1461 urget
1644 1370 2032 1438 affirmando

487 1492 927 1557 characterem
998 1512 1143 1557 esse
1193 1489 1345 1578 quid
1407 1489 1805 1567 absolutum,
1879 1487 2029 1574 quia

486 1607 561 1672 ad
612 1606 774 1671 alios
815 1606 1086 1672 effectus
1125 1604 1567 1673 distinctionis
1608 1617 1670 1669 et
1702 1602 2030 1689 dispositi-

487 1724 632 1789 onis
665 1724 1106 1809 permanentis
1146 1722 1225 1788 ad
1283 1722 1560 1809 gratiam
1602 1720 1737 1786 dari
1783 1731 2024 1806 posset.

490 1836 585 1903 Ad
627 1838 911 1918 tertium,
957 1849 1243 1904 transeat
1274 1836 1685 1914 antecedenS,
1730 1847 1793 1900 et
1835 1854 2029 1921 nega-

487 1964 595 2019 tur
643 1954 1133 2041 consequentia.
1182 1953 1275 2019 Ad
1318 1964 1622 2040 quartum
1656 1950 2029 2017 similitudi-

487 2091 566 2134 ne
605 2068 900 2153 rationis,
949 2081 1169 2157 posset
1228 2068 1351 2134 dici
1407 2070 1470 2133 in
1530 2069 1823 2135 remedio
1861 2064 2028 2153 legis

486 2197 737 2251 naturae
791 2184 1009 2250 datum
1074 2186 1278 2252 fuisse
1343 2185 1807 2260 characterem,
1878 2181 2025 2268 quia

486 2300 646 2366 alias
670 2301 959 2366 foeminae
993 2321 1120 2366 non
1140 2301 1702 2388 aequipararet-itur
1724 2297 2027 2363 masculis

487 2417 551 2482 in
592 2417 785 2483 donis
812 2417 1444 2503 supernaturalibuS,
1498 2418 1551 2482 si
1596 2437 1710 2503 per
1741 2415 2027 2481 Circum-

485 2533 801 2599 cisionem
859 2533 1124 2599 daretur
1178 2535 1534 2612 character,
1599 2544 1663 2598 et
1718 2552 1847 2600 non
1914 2554 2028 2618 per

485 2651 725 2735 ipsum.
772 2652 896 2716 Res
927 2661 1025 2716 est
1053 2650 1333 2718 obscura
1371 2649 1526 2715 hinc
1581 2648 1756 2729 inde,
1802 2669 2025 2735 quam-

483 2767 587 2832 vis
626 2778 1010 2852 argumenta
1049 2767 1182 2833 Soti
1242 2777 1465 2832 contra
1524 2765 1805 2852 priorem
1874 2785 2022 2830 sen-

483 2861 782 2962 tentiam,
826 2903 908 2949 ex
946 2882 1305 2950 inefficacia
1344 2882 1513 2969 legis
1571 2881 1649 2948 ad
1717 2882 2018 2960 salutem,

483 3020 612 3072 non
691 2999 969 3065 multum
1052 3010 1312 3086 urgent,
1403 2999 1482 3064 ad
1586 3018 1735 3085 quae
1777 3047 1780 3051 Α
1827 3018 2040 3083 supra-

478 3135 864 3202 responsum
905 3126 1027 3197 est,
1062 3115 1213 3182 vide
1273 3114 1488 3202 ipsum
1530 3115 1686 3183 disc.
1734 3119 1790 3183 1.
1850 3137 1909 3202 q.
1953 3119 2018 3181 4.

475 3245 606 3299 art.
650 3238 710 3299 1.
756 3234 830 3299 in
866 3235 1024 3316 sine.
1064 3237 1541 3320 Argumentum
1584 3233 1757 3322 quod
1797 3234 1863 3300 in
1899 3234 2019 3299 ini-

476 3351 566 3417 tio
605 3351 682 3417 ad
724 3351 1096 3438 oppositum
1148 3351 1411 3445 adducit
1477 3366 1572 3419 est
1639 3353 2018 3418 fundamen·

475 3480 611 3561 tum
657 3489 698 3566 a·
725 3467 1015 3544 ratione;
1083 3467 1253 3533 unde
1287 3468 1599 3554 probetur
1637 3467 1903 3544 veritas,
1939 3488 2019 3533 ex

478 3609 554 3652 eo
594 3586 767 3674 quod
810 3588 1179 3673 Baptismus
1212 3587 1297 3652 sit
1338 3584 1749 3669 initerabilis‚
1788 3585 2024 3652 debere

480 3703 845 3789 relinquere
921 3703 1201 3791 aliquem
1257 3703 1558 3769 effectum
1630 3722 2023 3788 permanen-

480 3830 633 3896 tem,
670 3820 779 3905 qui
822 3818 1057 3885 dicitur
1095 3820 1451 3898 character,
1506 3839 1714 3906 eoque
1756 3817 2023 3903 potissi-

483 3954 657 3999 mum
693 3945 928 4021 urgent
959 3934 1247 4002 moderni
1292 3935 1634 4002 hoereticos
1663 3955 1698 4000 a
1744 3934 2016 3999 ratione.

914 4202 1378 4337 ‘QUAESTIO
1475 4255 1574 4326 X.

563 4542 661 4607 Au
739 4541 1091 4605 character
1146 4541 1234 4606 sil
1292 4542 1518 4625 forma
1574 4542 1936 4608 absoluta?

474 4788 690 4847 Alensis
719 4789 772 4844 4.
812 4801 865 4855 p.
895 4802 947 4855 q.
986 4785 1068 4842 19.
1100 4802 1183 4841 m.
1217 4785 1266 4841 1.
1309 4793 1425 4840 art.
1470 4786 1517 4842 1.
1545 4792 1592 4841 et
1621 4789 1675 4842 2.
1711 4787 1777 4843 D.
1816 4788 2019 4844 Bonav.

550 4870 639 4924 hic
696 4874 811 4923 art.
874 4867 927 4923 1.
983 4883 1036 4935 q.
1101 4866 1148 4921 1.
1197 4865 1355 4923 Rich.
1412 4869 1467 4922 d.
1515 4867 1566 4922 5.
1605 4876 1718 4923 arc.
1779 4872 1832 4925 2.
1873 4886 1923 4938 q.
1972 4871 2018 4926 1.

550 4940 619 4995 D.
653 4940 846 4995 Thom.
877 4937 935 4995 3.
972 4955 1030 5006 p.
1070 4956 1119 5006 q.
1145 4938 1237 4993 63.
1272 4945 1384 4995 art.
1452 4941 1502 4992 2.
1532 4940 1734 4994 Suarez
1762 4943 1897 4997 ibid.
1934 4943 2021 4999 11.

548 5018 673 5066 sect.
705 5014 761 5067 2.
790 5009 1102 5064 Durand..d.
1124 5011 1174 5065 4.
1194 5026 1247 5077 q.
1274 5010 1320 5064 1.
1341 5011 1572 5065 Sotusd.
1598 5012 1647 5067 1.
1672 5013 1803 5080 q.-⁴.
1828 5019 1939 5072 art,
1963 5018 2019 5070 2.

552 5084 748 5140 Albert.
779 5080 872 5136 hic
900 5087 1010 5136 art.
1047 5082 1103 5137 3.
1129 5080 1267 5136 Vide
1285 5082 1421 5137 Sool.
1448 5086 1502 5139 7.
1538 5084 1753 5149 Physic.
1788 5101 1839 5142 o.
1867 5086 1919 5140 4.

578 5331 684 5403 Ad
729 5328 1155 5401 secundum
1212 5326 1325 5397 sic
1388 5325 1881 5416 proceditur,
1946 5332 2025 5400 et

488 5445 866 5535 arguitur
916 5442 1135 5535 quod,
1184 5440 1620 5514 character
1688 5462 1845 5521 non
1919 5442 2023 5514 sit

492 5563 760 5640 forma
828 5559 1267 5640 absoluta,‚·
1312 5558 1506 5650 -quia
1593 5558 2037 5637 secundum:

3592 385 3714 458 615

2157 555 2739 649 Philosophum
2770 559 2836 628 2.
2889 562 3107 627 Ethic.
3166 557 3332 630 tria
3367 561 3557 631 sunt
3609 555 3693 627 in

2153 675 2448 754 anima,
2519 675 2908 766 potentia,
2995 675 3271 768 passio
3351 679 3431 748 ot
3491 674 3708 750 habi-

2149 797 2320 870 tus;
2367 789 2800 863 character
2832 812 2989 863 non
3030 798 3153 866 est
3189 791 3263 861 in
3301 792 3700 883 potentia,

2151 912 2400 1002 patet,
2475 907 2660 1000 quia
2739 929 2900 980 non
2996 913 3122 981 est
3203 909 3703 982 naturaliter

2151 1025 2229 1096 in
2322 1025 2500 1118 ipsa
2593 1025 3088 1104 anima;nec
3157 1029 3282 1098 est
3392 1023 3697 1117 passio,

2149 1141 2336 1232 quia
2414 1144 2538 1214 est
2624 1137 2893 1211 forma
2960 1160 3483 1232 permanens;
3560 1160 3705 1212 nec

2147 1256 2496 1336 habitus,
2581 1257 2767 1348 quia
2819 1254 3141 1329 habitus
3211 1263 3336 1329 est
3427 1278 3705 1329 secun·

2145 1374 2332 1444 dum
2396 1393 2626 1464 quem
2672 1372 2972 1444 habens
3026 1373 3220 1443 bene
3280 1373 3407 1444 vel
3492 1373 3703 1444 male

2148 1492 2417 1581 potest
2546 1486 2915 1580 operari;
3017 1488 3452 1562 character
3539 1509 3701 1560 non

2143 1609 2269 1678 est
2313 1605 2802 1698 principium
2882 1605 3228 1696 alicujus
3344 1606 3702 1698 operati-

2148 1722 2323 1794 onis
2357 1722 2583 1794 bonae
2637 1724 2760 1793 vel
2847 1723 3105 1794 malae.
3187 1723 3366 1794 Non
3443 1722 3698 1805 bonae,

2147 1839 2331 1931 quia
2441 1844 2708 1930 potest
2796 1840 3018 1910 stare
3079 1859 3260 1910 cum
3368 1842 3699 1931 peccato

2150 1955 2529 2037 mortali;
2566 1973 2728 2026 non‘
2761 1953 3019 2035 malae,
3057 1960 3307 2046 patet,
3355 1955 3544 2046 quia
3578 1961 3703 2030 est

2146 2072 2440 2144 donum
2484 2073 2656 2154 Dei,
2695 2077 2774 2144 et
2825 2071 3162 2142 effectus
3229 2073 3702 2144 Sacramen-

2143 2189 2249 2267 ti3
2293 2207 2491 2276 ergo
2577 2186 2644 2258 si
2709 2185 2850 2257 illa
2899 2186 3188 2258 divisio
3232 2186 3706 2279 Philosophi

2145 2305 2646 2378 sufficienter
2687 2309 3024 2377 evacuet
3059 2305 3410 2376 formam
3478 2305 3704 2376 abso-

2145 2422 2402 2493 lutam
2458 2420 2533 2492 in
2614 2419 2915 2501 anima,
2991 2419 3363 2510 sequitur
3405 2439 3694 2512 propo-

2143 2536 2421 2608 situm.
2527 2547 2530 2548 ’

2234 2657 2467 2737 Item,
2527 2654 2595 2725 si
2655 2656 2869 2724 esset
2941 2651 3210 2724 forma
3290 2653 3690 2737 absoluta,
3718 2691 3948 2755 Argum.
3980 2625 4036 2743 2¹,

2139 2791 2299 2841 non
2361 2772 2631 2862 potest
2695 2769 2908 2860 poni,
2973 2768 3133 2841 nisi
3218 2768 3307 2839 de
3396 2788 3693 2858 genere

2142 2885 2589 2978 qualitatis,
2671 2889 2893 2977 patet
2954 2884 3478 2958 discurrendo
3554 2906 3700 2979 per

2140 3001 2308 3073 alia
2366 3018 2908 3091 genera,;non
2985 2999 3200 3072 enim
3300 3005 3426 3074 est
3524 3002 3698 3072 sub-

2142 3117 2473 3197 stantia.
2567 3117 2778 3209 ,quia
2901 3116 3219 3189 advenit
3316 3123 3704 3211 postesse

2139 3235 2636 3327 completum
2723 3233 3243 3315 substantiae;
3330 3256 3490 3309 non
3575 3245 3701 3311 est

2140 3352 2580 3444 quantitas.
2647 3355 2889 3444 patet,
2948 3352 3132 3444 quia
3193 3350 3462 3425 forma
3532 3354 3699 3446 spi-

2142 3468 2474 3541 ritualis
2545 3476 2614 3541 et
2658 3456 3309 3560 incorporeayet
3362 3471 3477 3543 sic
3538 3471 3697 3543 dis-

2136 3588 2538 3663 currendo
2588 3588 2680 3657 de
2722 3585 2934 3657 aliis.
2987 3585 3358 3667 Qualitas
3420 3592 3694 3661 autom

2139 3706 2324 3802 poni
2388 3725 2545 3776 non
2646 3707 2944 3797 potest.
3027 3702 3438 3777 Probatur
3541 3703 3699 3776 dis-

2136 3819 2534 3896 currendo
2586 3838 2731 3911 per
2788 3818 3096 3910 specics
3141 3820 3594 3911 qualitatis.

2230 3938 2668 4016 Praeterea,
2715 3934 2983 4006 forma
3042 3936 3698 4013 absoluta-habet
3721 3984 3944 4047 Argum.
3976 3981 4034 4037 3,

2137 4054 2500 4146 aliquam
2572 4052 3131 4145 operationem
3218 4055 3636 4147 propriam
3669 4084 3698 4140 ;·

2134 4171 2574 4264 character
2662 4170 2935 4240 autem
3024 4188 3183 4240 non
3262 4170 3500 4245 habet
3541 4172 3706 4244 ali—f

2139 4307 2383 4378 quam
2419 4284 2976 4379 operationem
3019 4285 3440 4379 propriam
3506 4314 3520 4370 ;
3569 4282 3701 4361 er-'

2137 4423 2266 4496 go,
2313 4405 2468 4476 etc.

2230 4513 2665 4590 Praeterea,
2725 4508 2991 4580 forma
3041 4509 3417 4583 absoluta
3478 4512 3686 4585 acci—

2136 4625 2480 4700 dentalis
2562 4645 3082 4717 quaecumque
3152 4632 3276 4700 ost
3330 4628 3690 4701 delebilis

2139 4744 2237 4815 ab
2298 4744 2440 4816 illo
2486 4744 2562 4814 in
2610 4763 2761 4835 quo
2830 4747 2978 4823 est,
3037 4743 3222 4835 quia
3281 4744 3378 4816 ab
3411 4745 3685 4817 eodem

2142 4863 2411 4953 potest
2462 4859 2708 4930 deleri
2790 4859 2880 4930 de
2965 4859 3328 4950 subjecto
3419 4882 3465 4932 a
3535 4883 3689 4953 quo

2140 4974 2673 5067 imprimitur,
2729 4973 2807 5044 in
2880 4974 3326 5065 subjectum
3400 4978 3689 5051 saltem

2138 5113 2185 5164 a
2226 5094 2420 5169 Deo,
2485 5091 2673 5181 quia
2751 5112 2846 5160 ex
2901 5111 3054 5181 quo
3107 5096 3230 5165 est
3274 5095 3685 5184 posterius

2142 5230 2286 5279 suo
2336 5207 2724 5299 subjectO,
2755 5226 2914 5277 non
2950 5212 3069 5279 est
3119 5199 3682 5294 contradictio,

2142 5324 2346 5416 quod
2406 5344 2562 5394 non
2602 5323 2833 5404 insit;
2882 5323 3318 5398 character
3378 5327 3680 5418 simpli·

2139 5440 2350 5514 citer
2397 5441 2520 5511 est
2567 5439 3054 5519 indelebilis:
3120 5460 3342 5531 ergo,
3398 5445 3547 5514 etc.

3719 4589 3916 4649 Argum
3929 4622 3941 4635 .
3976 4586 4006 4633 ⁴
4017 4624 4030 4637 .

3801 5523 3955 5574 Ratio

2229 5556 3217 5649 Oppositum-character
3266 5562 3388 5632 est
3429 5561 3687 5654 dispo·
3765 5586 3982 5652 opposit.
