<?xml version="1.0" encoding="UTF-8"?>
<!DOCTYPE html PUBLIC "-//W3C//DTD XHTML 1.0 Transitional//EN"
    "http://www.w3.org/TR/xhtml1/DTD/xhtml1-transitional.dtd">
<html xmlns="http://www.w3.org/1999/xhtml" xml:lang="en" lang="en">
 <head>
  <title>
</title>
<meta http-equiv="Content-Type" content="text/html;charset=utf-8" />
  <meta name='ocr-system' content='tesseract 3.04.00' />
  <meta name='ocr-capabilities' content='ocr_page ocr_carea ocr_par ocr_line ocrx_word'/>
</head>
<body>
  <div class='ocr_page' id='page_1' title='image "./joannisdunsscot01waddgoog_0203.png"; bbox 0 0 4287 6313; ppageno 0'>
   <div class='ocr_carea' id='block_1_1' title="bbox 224 4927 301 4978">
    <p class='ocr_par' dir='ltr' id='par_1_1' title="bbox 224 4927 301 4978">
     <span class='ocr_line' id='line_1_1' title="bbox 224 4927 301 4978; baseline 0 -2"><span class='ocrx_word' id='word_1_1' title='bbox 224 4927 301 4978; x_wconf 70' lang='lat'>¹6.</span> 
     </span>
    </p>
   </div>
   <div class='ocr_carea' id='block_1_2' title="bbox 1592 458 2428 536">
    <p class='ocr_par' dir='ltr' id='par_1_2' title="bbox 1592 458 2428 536">
     <span class='ocr_line' id='line_1_2' title="bbox 1592 458 2428 536; baseline 0.004 -16"><span class='ocrx_word' id='word_1_2' title='bbox 1592 458 1791 521; x_wconf 78' lang='lat' dir='ltr'>DlS&#39;l&#39;.</span> <span class='ocrx_word' id='word_1_3' title='bbox 1842 460 1886 521; x_wconf 90' lang='lat'>1.</span> <span class='ocrx_word' id='word_1_4' title='bbox 1939 458 2299 536; x_wconf 86' lang='lat' dir='ltr'>QUAESTlO</span> <span class='ocrx_word' id='word_1_5' title='bbox 2358 462 2428 523; x_wconf 89' lang='lat' dir='ltr'>V.</span> 
     </span>
    </p>
   </div>
   <div class='ocr_carea' id='block_1_3' title="bbox 435 618 2006 3405">
    <p class='ocr_par' dir='ltr' id='par_1_3' title="bbox 444 618 2006 2819">
     <span class='ocr_line' id='line_1_3' title="bbox 465 618 2001 710; baseline 0.003 -26"><span class='ocrx_word' id='word_1_6' title='bbox 465 618 615 685; x_wconf 90' lang='lat' dir='ltr'>inde</span> <span class='ocrx_word' id='word_1_7' title='bbox 662 618 896 700; x_wconf 81' lang='lat' dir='ltr'>active,</span> <span class='ocrx_word' id='word_1_8' title='bbox 934 621 1084 707; x_wconf 86' lang='lat' dir='ltr'>quia</span> <span class='ocrx_word' id='word_1_9' title='bbox 1124 621 1438 710; x_wconf 90' lang='lat' dir='ltr'>quidquid</span> <span class='ocrx_word' id='word_1_10' title='bbox 1472 633 1572 689; x_wconf 89' lang='lat' dir='ltr'>est</span> <span class='ocrx_word' id='word_1_11' title='bbox 1610 623 1689 688; x_wconf 91' lang='lat' dir='ltr'>ab</span> <span class='ocrx_word' id='word_1_12' title='bbox 1741 633 2001 709; x_wconf 86' lang='lat' dir='ltr'>agente,</span> 
     </span>
     <span class='ocr_line' id='line_1_4' title="bbox 457 737 2003 827; baseline 0.003 -25"><span class='ocrx_word' id='word_1_13' title='bbox 457 748 558 804; x_wconf 88' lang='lat' dir='ltr'>est</span> <span class='ocrx_word' id='word_1_14' title='bbox 586 737 668 803; x_wconf 89' lang='lat' dir='ltr'>ab</span> <span class='ocrx_word' id='word_1_15' title='bbox 706 738 849 822; x_wconf 89' lang='lat' dir='ltr'>ipso</span> <span class='ocrx_word' id='word_1_16' title='bbox 888 738 1120 818; x_wconf 80' lang='lat' dir='ltr'>active,</span> <span class='ocrx_word' id='word_1_17' title='bbox 1159 750 1222 805; x_wconf 92' lang='lat' dir='ltr'>et</span> <span class='ocrx_word' id='word_1_18' title='bbox 1254 760 1381 826; x_wconf 89' lang='lat' dir='ltr'>qua</span> <span class='ocrx_word' id='word_1_19' title='bbox 1420 752 1517 807; x_wconf 83' lang='lat' dir='ltr'>est</span> <span class='ocrx_word' id='word_1_20' title='bbox 1548 760 1775 827; x_wconf 77' lang='lat' dir='ltr'>agens,</span> <span class='ocrx_word' id='word_1_21' title='bbox 1813 740 2003 807; x_wconf 82' lang='lat' dir='ltr'>Aliud</span> 
     </span>
     <span class='ocr_line' id='line_1_5' title="bbox 457 853 2006 942; baseline 0.003 -23"><span class='ocrx_word' id='word_1_22' title='bbox 457 875 614 920; x_wconf 87' lang='lat' dir='ltr'>vero</span> <span class='ocrx_word' id='word_1_23' title='bbox 654 854 826 941; x_wconf 90' lang='lat' dir='ltr'>loqui</span> <span class='ocrx_word' id='word_1_24' title='bbox 861 854 940 920; x_wconf 93' lang='lat' dir='ltr'>de</span> <span class='ocrx_word' id='word_1_25' title='bbox 1000 853 1225 921; x_wconf 86' lang='lat' dir='ltr'>eadem</span> <span class='ocrx_word' id='word_1_26' title='bbox 1266 855 1670 942; x_wconf 74' lang='lat' dir='ltr'>expulsione,</span> <span class='ocrx_word' id='word_1_27' title='bbox 1717 870 1787 922; x_wconf 88' lang='lat' dir='ltr'>ut</span> <span class='ocrx_word' id='word_1_28' title='bbox 1842 869 1938 922; x_wconf 89' lang='lat' dir='ltr'>est</span> <span class='ocrx_word' id='word_1_29' title='bbox 1968 878 2006 923; x_wconf 87' lang='lat' dir='ltr'>a</span> 
     </span>
     <span class='ocr_line' id='line_1_6' title="bbox 461 971 2004 1060; baseline 0.001 -23"><span class='ocrx_word' id='word_1_30' title='bbox 461 971 665 1038; x_wconf 84' lang='lat' dir='ltr'>forma</span> <span class='ocrx_word' id='word_1_31' title='bbox 705 992 787 1038; x_wconf 85' lang='lat' dir='ltr'>ex</span> <span class='ocrx_word' id='word_1_32' title='bbox 827 972 1453 1059; x_wconf 88' lang='lat' dir='ltr'>incompatibilitate,</span> <span class='ocrx_word' id='word_1_33' title='bbox 1502 973 1653 1060; x_wconf 89' lang='lat' dir='ltr'>quia</span> <span class='ocrx_word' id='word_1_34' title='bbox 1696 994 1823 1039; x_wconf 92' lang='lat' dir='ltr'>non</span> <span class='ocrx_word' id='word_1_35' title='bbox 1865 973 2004 1040; x_wconf 88' lang='lat' dir='ltr'>vir-</span> 
     </span>
     <span class='ocr_line' id='line_1_7' title="bbox 461 1087 1996 1175; baseline 0.001 -21"><span class='ocrx_word' id='word_1_36' title='bbox 461 1088 725 1157; x_wconf 89' lang='lat' dir='ltr'>tualiter</span> <span class='ocrx_word' id='word_1_37' title='bbox 765 1087 1038 1155; x_wconf 89' lang='lat' dir='ltr'>includit</span> <span class='ocrx_word' id='word_1_38' title='bbox 1078 1088 1271 1155; x_wconf 87' lang='lat' dir='ltr'>talem</span> <span class='ocrx_word' id='word_1_39' title='bbox 1297 1088 1996 1175; x_wconf 86' lang='lat' dir='ltr'>incompatibilitatem,</span> 
     </span>
     <span class='ocr_line' id='line_1_8' title="bbox 461 1192 1995 1293; baseline 0.002 -22"><span class='ocrx_word' id='word_1_40' title='bbox 461 1205 575 1272; x_wconf 88' lang='lat' dir='ltr'>sed</span> <span class='ocrx_word' id='word_1_41' title='bbox 606 1206 917 1293; x_wconf 86' lang='lat' dir='ltr'>competit</span> <span class='ocrx_word' id='word_1_42' title='bbox 954 1206 1014 1272; x_wconf 90' lang='lat' dir='ltr'>ei</span> <span class='ocrx_word' id='word_1_43' title='bbox 1061 1206 1309 1273; x_wconf 88' lang='lat' dir='ltr'>ratione</span> <span class='ocrx_word' id='word_1_44' title='bbox 1360 1209 1461 1275; x_wconf 87' lang='lat' dir='ltr'>sui</span> <span class='ocrx_word' id='word_1_45' title='bbox 1505 1228 1640 1274; x_wconf 80' lang='lat' dir='ltr'>esse</span> <span class='ocrx_word' id='word_1_46' title='bbox 1680 1192 1995 1286; x_wconf 85' lang='lat' dir='ltr'>formalis,</span> 
     </span>
     <span class='ocr_line' id='line_1_9' title="bbox 465 1322 2000 1415; baseline 0.003 -26"><span class='ocrx_word' id='word_1_47' title='bbox 465 1336 530 1390; x_wconf 89' lang='lat' dir='ltr'>et</span> <span class='ocrx_word' id='word_1_48' title='bbox 563 1342 678 1410; x_wconf 88' lang='lat' dir='ltr'>per</span> <span class='ocrx_word' id='word_1_49' title='bbox 719 1322 1156 1390; x_wconf 83' lang='lat' dir='ltr'>differentiam</span> <span class='ocrx_word' id='word_1_50' title='bbox 1191 1322 1589 1412; x_wconf 79' lang='lat' dir='ltr'>specificam,</span> <span class='ocrx_word' id='word_1_51' title='bbox 1636 1348 1786 1415; x_wconf 82' lang='lat' dir='ltr'>quae</span> <span class='ocrx_word' id='word_1_52' title='bbox 1816 1348 1897 1393; x_wconf 84' lang='lat' dir='ltr'>ex</span> <span class='ocrx_word' id='word_1_53' title='bbox 1929 1348 2000 1394; x_wconf 89' lang='lat' dir='ltr'>se</span> 
     </span>
     <span class='ocr_line' id='line_1_10' title="bbox 457 1440 1996 1529; baseline 0.002 -22"><span class='ocrx_word' id='word_1_54' title='bbox 457 1440 668 1525; x_wconf 89' lang='lat' dir='ltr'>primo</span> <span class='ocrx_word' id='word_1_55' title='bbox 698 1455 797 1507; x_wconf 84' lang='lat' dir='ltr'>est</span> <span class='ocrx_word' id='word_1_56' title='bbox 839 1440 1010 1520; x_wconf 88' lang='lat' dir='ltr'>talis,</span> <span class='ocrx_word' id='word_1_57' title='bbox 1048 1462 1177 1506; x_wconf 91' lang='lat' dir='ltr'>non</span> <span class='ocrx_word' id='word_1_58' title='bbox 1216 1441 1711 1529; x_wconf 76' lang='lat' dir='ltr'>participatione</span> <span class='ocrx_word' id='word_1_59' title='bbox 1751 1444 1832 1509; x_wconf 91' lang='lat' dir='ltr'>ab</span> <span class='ocrx_word' id='word_1_60' title='bbox 1871 1443 1996 1511; x_wconf 92' lang='lat' dir='ltr'>alio</span> 
     </span>
     <span class='ocr_line' id='line_1_11' title="bbox 456 1559 2000 1645; baseline 0.001 -19"><span class='ocrx_word' id='word_1_61' title='bbox 456 1559 838 1637; x_wconf 74' lang='lat' dir='ltr'>formaliter,</span> <span class='ocrx_word' id='word_1_62' title='bbox 878 1559 1047 1628; x_wconf 88' lang='lat' dir='ltr'>unde</span> <span class='ocrx_word' id='word_1_63' title='bbox 1080 1559 1349 1645; x_wconf 85' lang='lat' dir='ltr'>perinde</span> <span class='ocrx_word' id='word_1_64' title='bbox 1378 1560 1586 1627; x_wconf 89' lang='lat' dir='ltr'>eidem</span> <span class='ocrx_word' id='word_1_65' title='bbox 1619 1562 2000 1627; x_wconf 90' lang='lat' dir='ltr'>conveniret</span> 
     </span>
     <span class='ocr_line' id='line_1_12' title="bbox 456 1676 1995 1765; baseline -0.001 -21"><span class='ocrx_word' id='word_1_66' title='bbox 456 1676 1239 1765; x_wconf 42' lang='lat' dir='ltr'>talis‘incompatibilitaS,</span> <span class='ocrx_word' id='word_1_67' title='bbox 1313 1677 1568 1745; x_wconf 91' lang='lat' dir='ltr'>etiamsi</span> <span class='ocrx_word' id='word_1_68' title='bbox 1638 1689 1813 1745; x_wconf 87' lang='lat' dir='ltr'>esset</span> <span class='ocrx_word' id='word_1_69' title='bbox 1878 1677 1995 1743; x_wconf 91' lang='lat' dir='ltr'>im-</span> 
     </span>
     <span class='ocr_line' id='line_1_13' title="bbox 459 1794 1996 1881; baseline 0.002 -21"><span class='ocrx_word' id='word_1_70' title='bbox 459 1796 793 1881; x_wconf 86' lang='lat' dir='ltr'>producta.</span> <span class='ocrx_word' id='word_1_71' title='bbox 832 1794 995 1861; x_wconf 92' lang='lat' dir='ltr'>Hinc</span> <span class='ocrx_word' id='word_1_72' title='bbox 1033 1798 1286 1875; x_wconf 90' lang='lat' dir='ltr'>Doctor‚</span> <span class='ocrx_word' id='word_1_73' title='bbox 1324 1794 1526 1862; x_wconf 87' lang='lat' dir='ltr'>variis</span> <span class='ocrx_word' id='word_1_74' title='bbox 1560 1795 1624 1861; x_wconf 93' lang='lat' dir='ltr'>in</span> <span class='ocrx_word' id='word_1_75' title='bbox 1656 1795 1840 1877; x_wconf 89' lang='lat' dir='ltr'>locis,</span> <span class='ocrx_word' id='word_1_76' title='bbox 1895 1797 1996 1863; x_wconf 91' lang='lat' dir='ltr'>di-</span> 
     </span>
     <span class='ocr_line' id='line_1_14' title="bbox 458 1911 1994 2000; baseline 0.001 -22"><span class='ocrx_word' id='word_1_77' title='bbox 458 1913 548 1979; x_wconf 89' lang='lat' dir='ltr'>cit</span> <span class='ocrx_word' id='word_1_78' title='bbox 577 1912 837 2000; x_wconf 83' lang='lat' dir='ltr'>agentia</span> <span class='ocrx_word' id='word_1_79' title='bbox 871 1911 1236 1978; x_wconf 83' lang='lat' dir='ltr'>virtualiter</span> <span class='ocrx_word' id='word_1_80' title='bbox 1257 1912 1494 1999; x_wconf 90' lang='lat' dir='ltr'>opponi</span> <span class='ocrx_word' id='word_1_81' title='bbox 1537 1912 1789 1979; x_wconf 89' lang='lat' dir='ltr'>ratione</span> <span class='ocrx_word' id='word_1_82' title='bbox 1843 1913 1994 1980; x_wconf 88' lang='lat' dir='ltr'>effe·</span> 
     </span>
     <span class='ocr_line' id='line_1_15' title="bbox 454 2030 1993 2119; baseline 0.001 -22"><span class='ocrx_word' id='word_1_83' title='bbox 454 2045 702 2111; x_wconf 89' lang='lat' dir='ltr'>ctuum,</span> <span class='ocrx_word' id='word_1_84' title='bbox 738 2030 1006 2097; x_wconf 80' lang='lat' dir='ltr'>effectus</span> <span class='ocrx_word' id='word_1_85' title='bbox 1048 2032 1249 2117; x_wconf 76' lang='lat' dir='ltr'>ipsae,</span> <span class='ocrx_word' id='word_1_86' title='bbox 1312 2051 1427 2098; x_wconf 90' lang='lat' dir='ltr'>seu</span> <span class='ocrx_word' id='word_1_87' title='bbox 1459 2031 1700 2097; x_wconf 82' lang='lat' dir='ltr'>formas</span> <span class='ocrx_word' id='word_1_88' title='bbox 1750 2033 1993 2119; x_wconf 89' lang='lat' dir='ltr'>opponi</span> 
     </span>
     <span class='ocr_line' id='line_1_16' title="bbox 451 2145 1992 2233; baseline 0.001 -21"><span class='ocrx_word' id='word_1_89' title='bbox 451 2147 833 2214; x_wconf 77' lang='lat' dir='ltr'>formaliter.</span> <span class='ocrx_word' id='word_1_90' title='bbox 879 2145 944 2214; x_wconf 93' lang='lat' dir='ltr'>Si</span> <span class='ocrx_word' id='word_1_91' title='bbox 986 2159 1401 2233; x_wconf 77' lang='lat' dir='ltr'>comparetur</span> <span class='ocrx_word' id='word_1_92' title='bbox 1456 2147 1661 2212; x_wconf 82' lang='lat' dir='ltr'>forma</span> <span class='ocrx_word' id='word_1_93' title='bbox 1722 2146 1786 2213; x_wconf 92' lang='lat' dir='ltr'>in</span> <span class='ocrx_word' id='word_1_94' title='bbox 1832 2148 1992 2214; x_wconf 89' lang='lat' dir='ltr'>rati-</span> 
     </span>
     <span class='ocr_line' id='line_1_17' title="bbox 449 2263 1987 2343; baseline 0.001 -14"><span class='ocrx_word' id='word_1_95' title='bbox 449 2284 573 2330; x_wconf 86' lang='lat' dir='ltr'>one</span> <span class='ocrx_word' id='word_1_96' title='bbox 612 2264 908 2343; x_wconf 78' lang='lat' dir='ltr'>ess&#39;ectuS,</span> <span class='ocrx_word' id='word_1_97' title='bbox 951 2276 1015 2329; x_wconf 88' lang='lat' dir='ltr'>et</span> <span class='ocrx_word' id='word_1_98' title='bbox 1046 2276 1116 2330; x_wconf 89' lang='lat' dir='ltr'>ut</span> <span class='ocrx_word' id='word_1_99' title='bbox 1146 2264 1373 2330; x_wconf 86' lang='lat' dir='ltr'>subest</span> <span class='ocrx_word' id='word_1_100' title='bbox 1430 2263 1659 2329; x_wconf 89' lang='lat' dir='ltr'>virtuti</span> <span class='ocrx_word' id='word_1_101' title='bbox 1700 2263 1987 2332; x_wconf 80' lang='lat' dir='ltr'>efficien-</span> 
     </span>
     <span class='ocr_line' id='line_1_18' title="bbox 444 2379 1989 2469; baseline 0 -23"><span class='ocrx_word' id='word_1_102' title='bbox 444 2382 527 2446; x_wconf 90' lang='lat' dir='ltr'>tis</span> <span class='ocrx_word' id='word_1_103' title='bbox 593 2380 672 2446; x_wconf 90' lang='lat' dir='ltr'>ad</span> <span class='ocrx_word' id='word_1_104' title='bbox 712 2380 905 2447; x_wconf 89' lang='lat' dir='ltr'>aliam</span> <span class='ocrx_word' id='word_1_105' title='bbox 932 2379 1233 2460; x_wconf 84' lang='lat' dir='ltr'>formam,</span> <span class='ocrx_word' id='word_1_106' title='bbox 1284 2381 1380 2447; x_wconf 91' lang='lat' dir='ltr'>sic</span> <span class='ocrx_word' id='word_1_107' title='bbox 1415 2380 1540 2447; x_wconf 93' lang='lat' dir='ltr'>dici</span> <span class='ocrx_word' id='word_1_108' title='bbox 1594 2392 1805 2469; x_wconf 89' lang='lat' dir='ltr'>potest</span> <span class='ocrx_word' id='word_1_109' title='bbox 1869 2381 1989 2447; x_wconf 92' lang='lat' dir='ltr'>ali-</span> 
     </span>
     <span class='ocr_line' id='line_1_19' title="bbox 449 2497 1992 2586; baseline 0.001 -21"><span class='ocrx_word' id='word_1_110' title='bbox 449 2519 577 2586; x_wconf 87' lang='lat' dir='ltr'>quo</span> <span class='ocrx_word' id='word_1_111' title='bbox 660 2498 851 2565; x_wconf 90' lang='lat' dir='ltr'>modo</span> <span class='ocrx_word' id='word_1_112' title='bbox 914 2497 1211 2565; x_wconf 81' lang='lat' dir='ltr'>effective</span> <span class='ocrx_word' id='word_1_113' title='bbox 1264 2519 1334 2564; x_wconf 89' lang='lat' dir='ltr'>se</span> <span class='ocrx_word' id='word_1_114' title='bbox 1400 2498 1663 2578; x_wconf 89' lang='lat' dir='ltr'>habere,</span> <span class='ocrx_word' id='word_1_115' title='bbox 1727 2499 1841 2566; x_wconf 89' lang='lat' dir='ltr'>sed</span> <span class='ocrx_word' id='word_1_116' title='bbox 1920 2511 1992 2566; x_wconf 87' lang='lat' dir='ltr'>ut</span> 
     </span>
     <span class='ocr_line' id='line_1_20' title="bbox 449 2615 1987 2701; baseline 0.001 -20"><span class='ocrx_word' id='word_1_117' title='bbox 449 2628 862 2701; x_wconf 89' lang='lat' dir='ltr'>comparatur</span> <span class='ocrx_word' id='word_1_118' title='bbox 910 2616 975 2682; x_wconf 93' lang='lat' dir='ltr'>in</span> <span class='ocrx_word' id='word_1_119' title='bbox 1027 2635 1161 2681; x_wconf 78' lang='lat' dir='ltr'>esse</span> <span class='ocrx_word' id='word_1_120' title='bbox 1213 2635 1430 2682; x_wconf 81' lang='lat' dir='ltr'>causae</span> <span class='ocrx_word' id='word_1_121' title='bbox 1479 2615 1793 2697; x_wconf 85' lang='lat' dir='ltr'>formalis,</span> <span class='ocrx_word' id='word_1_122' title='bbox 1852 2617 1987 2683; x_wconf 83' lang='lat' dir='ltr'>for-</span> 
     </span>
     <span class='ocr_line' id='line_1_21' title="bbox 452 2732 1044 2819; baseline 0 -19"><span class='ocrx_word' id='word_1_123' title='bbox 452 2734 708 2800; x_wconf 90' lang='lat' dir='ltr'>maliter</span> <span class='ocrx_word' id='word_1_124' title='bbox 755 2732 1044 2819; x_wconf 82' lang='lat' dir='ltr'>expellit.</span> 
     </span>
    </p>

    <p class='ocr_par' dir='ltr' id='par_1_4' title="bbox 435 2850 1987 3405">
     <span class='ocr_line' id='line_1_22' title="bbox 529 2850 1987 2939; baseline -0.001 -21"><span class='ocrx_word' id='word_1_125' title='bbox 529 2851 721 2918; x_wconf 82' lang='lat' dir='ltr'>Aliud</span> <span class='ocrx_word' id='word_1_126' title='bbox 752 2861 1052 2937; x_wconf 89' lang='lat' dir='ltr'>superest</span> <span class='ocrx_word' id='word_1_127' title='bbox 1087 2850 1357 2918; x_wconf 91' lang='lat' dir='ltr'>dubium</span> <span class='ocrx_word' id='word_1_128' title='bbox 1385 2871 1399 2916; x_wconf 91' lang='lat'>:</span> <span class='ocrx_word' id='word_1_129' title='bbox 1445 2854 1540 2916; x_wconf 90' lang='lat' dir='ltr'>An</span> <span class='ocrx_word' id='word_1_130' title='bbox 1564 2872 1833 2939; x_wconf 87' lang='lat' dir='ltr'>corpora</span> <span class='ocrx_word' id='word_1_131' title='bbox 1855 2852 1987 2918; x_wconf 90' lang='lat' dir='ltr'>cir-</span> 
     </span>
     <span class='ocr_line' id='line_1_23' title="bbox 439 2968 1985 3055; baseline 0 -21"><span class='ocrx_word' id='word_1_132' title='bbox 439 2988 511 3034; x_wconf 91' lang='lat' dir='ltr'>ca</span> <span class='ocrx_word' id='word_1_133' title='bbox 552 2968 750 3048; x_wconf 86' lang='lat' dir='ltr'>idem,</span> <span class='ocrx_word' id='word_1_134' title='bbox 802 2970 915 3035; x_wconf 83' lang='lat' dir='ltr'>ubi</span> <span class='ocrx_word' id='word_1_135' title='bbox 979 2979 1392 3055; x_wconf 89' lang='lat' dir='ltr'>opponantur</span> <span class='ocrx_word' id='word_1_136' title='bbox 1449 2968 1827 3047; x_wconf 83' lang='lat' dir='ltr'>formaliter,</span> <span class='ocrx_word' id='word_1_137' title='bbox 1884 2969 1985 3035; x_wconf 90' lang='lat' dir='ltr'>vel</span> 
     </span>
     <span class='ocr_line' id='line_1_24' title="bbox 441 3083 1983 3163; baseline 0.002 -14"><span class='ocrx_word' id='word_1_138' title='bbox 441 3083 865 3152; x_wconf 85' lang='lat' dir='ltr'>virtualiter?</span> <span class='ocrx_word' id='word_1_139' title='bbox 913 3085 1095 3163; x_wconf 87' lang='lat' dir='ltr'>Quod</span> <span class='ocrx_word' id='word_1_140' title='bbox 1146 3085 1315 3151; x_wconf 82' lang='lat' dir='ltr'>infra</span> <span class='ocrx_word' id='word_1_141' title='bbox 1361 3084 1786 3152; x_wconf 88' lang='lat' dir='ltr'>commodiori</span> <span class='ocrx_word' id='word_1_142' title='bbox 1843 3085 1983 3152; x_wconf 88' lang='lat' dir='ltr'>loco</span> 
     </span>
     <span class='ocr_line' id='line_1_25' title="bbox 437 3200 1985 3267; baseline 0.001 -1"><span class='ocrx_word' id='word_1_143' title='bbox 437 3200 818 3267; x_wconf 88' lang='lat' dir='ltr'>tractabitur</span> <span class='ocrx_word' id='word_1_144' title='bbox 866 3203 936 3267; x_wconf 81' lang='lat' dir='ltr'>in</span> <span class='ocrx_word' id='word_1_145' title='bbox 968 3204 1253 3267; x_wconf 82' lang='lat' dir='ltr'>materia</span> <span class='ocrx_word' id='word_1_146' title='bbox 1280 3201 1362 3267; x_wconf 84' lang='lat' dir='ltr'>de</span> <span class='ocrx_word' id='word_1_147' title='bbox 1427 3201 1857 3267; x_wconf 76' lang='lat' dir='ltr'>Beaeitudine</span> <span class='ocrx_word' id='word_1_148' title='bbox 1924 3212 1985 3267; x_wconf 81' lang='lat' dir='ltr'>ec</span> 
     </span>
     <span class='ocr_line' id='line_1_26' title="bbox 435 3317 1985 3405; baseline -0.001 -22"><span class='ocrx_word' id='word_1_149' title='bbox 435 3323 577 3405; x_wconf 71' lang='lat' dir='ltr'>ejus</span> <span class='ocrx_word' id='word_1_150' title='bbox 648 3318 932 3399; x_wconf 70' lang='lat' dir='ltr'>deliba-5,</span> <span class='ocrx_word' id='word_1_151' title='bbox 1007 3331 1067 3383; x_wconf 83' lang='lat' dir='ltr'>et</span> <span class='ocrx_word' id='word_1_152' title='bbox 1158 3318 1241 3383; x_wconf 84' lang='lat' dir='ltr'>de</span> <span class='ocrx_word' id='word_1_153' title='bbox 1352 3317 1985 3404; x_wconf 80' lang='lat' dir='ltr'>impenetrabililace</span> 
     </span>
    </p>
   </div>
   <div class='ocr_carea' id='block_1_4' title="bbox 433 3433 743 3503">
    <p class='ocr_par' dir='ltr' id='par_1_5' title="bbox 433 3433 743 3503">
     <span class='ocr_line' id='line_1_27' title="bbox 433 3433 743 3503; baseline 0.006 -4"><span class='ocrx_word' id='word_1_154' title='bbox 433 3433 588 3502; x_wconf 70' lang='lat' dir='ltr'>dist.</span> <span class='ocrx_word' id='word_1_155' title='bbox 634 3439 743 3503; x_wconf 83' lang='lat'>44.</span> 
     </span>
    </p>
   </div>
   <div class='ocr_carea' id='block_1_5' title="bbox 1009 3699 1407 3757">
    <p class='ocr_par' dir='ltr' id='par_1_6' title="bbox 1009 3699 1407 3757">
     <span class='ocr_line' id='line_1_28' title="bbox 1009 3699 1407 3757; baseline 0.01 -4"><span class='ocrx_word' id='word_1_156' title='bbox 1009 3699 1092 3754; x_wconf 88' lang='lat' dir='ltr'>SC</span> <span class='ocrx_word' id='word_1_157' title='bbox 1102 3699 1407 3757; x_wconf 90' lang='lat' dir='ltr'>HOLlUM.</span> 
     </span>
    </p>
   </div>
   <div class='ocr_carea' id='block_1_6' title="bbox 421 3910 1980 4776">
    <p class='ocr_par' dir='ltr' id='par_1_7' title="bbox 421 3910 1980 4776">
     <span class='ocr_line' id='line_1_29' title="bbox 503 3910 1980 3981; baseline -0.001 -12"><span class='ocrx_word' id='word_1_158' title='bbox 503 3911 598 3969; x_wconf 85' lang='lat' dir='ltr'>Ad</span> <span class='ocrx_word' id='word_1_159' title='bbox 628 3910 965 3967; x_wconf 86' lang='lat' dir='ltr'>secundam</span> <span class='ocrx_word' id='word_1_160' title='bbox 1007 3911 1408 3981; x_wconf 78' lang='lat' dir='ltr'>quaestionem</span> <span class='ocrx_word' id='word_1_161' title='bbox 1458 3910 1788 3981; x_wconf 85' lang='lat' dir='ltr'>respondet</span> <span class='ocrx_word' id='word_1_162' title='bbox 1831 3926 1980 3967; x_wconf 90' lang='lat' dir='ltr'>con-</span> 
     </span>
     <span class='ocr_line' id='line_1_30' title="bbox 428 4010 1979 4084; baseline -0.001 -16"><span class='ocrx_word' id='word_1_163' title='bbox 428 4015 785 4084; x_wconf 75' lang='lat' dir='ltr'>sequenter,</span> <span class='ocrx_word' id='word_1_164' title='bbox 836 4010 1077 4067; x_wconf 85' lang='lat' dir='ltr'>nullam</span> <span class='ocrx_word' id='word_1_165' title='bbox 1128 4012 1426 4067; x_wconf 84' lang='lat' dir='ltr'>virtutem</span> <span class='ocrx_word' id='word_1_166' title='bbox 1484 4011 1808 4082; x_wconf 86' lang='lat' dir='ltr'>physicam</span> <span class='ocrx_word' id='word_1_167' title='bbox 1868 4026 1979 4082; x_wconf 89' lang='lat' dir='ltr'>po-</span> 
     </span>
     <span class='ocr_line' id='line_1_31' title="bbox 426 4110 1977 4182; baseline -0.001 -15"><span class='ocrx_word' id='word_1_168' title='bbox 426 4110 694 4168; x_wconf 88' lang='lat' dir='ltr'>nendam</span> <span class='ocrx_word' id='word_1_169' title='bbox 764 4111 829 4166; x_wconf 93' lang='lat' dir='ltr'>in</span> <span class='ocrx_word' id='word_1_170' title='bbox 907 4111 1319 4174; x_wconf 77' lang='lat' dir='ltr'>sacramento,</span> <span class='ocrx_word' id='word_1_171' title='bbox 1388 4115 1641 4182; x_wconf 86' lang='lat' dir='ltr'>propter</span> <span class='ocrx_word' id='word_1_172' title='bbox 1705 4110 1977 4167; x_wconf 86' lang='lat' dir='ltr'>rationes</span> 
     </span>
     <span class='ocr_line' id='line_1_32' title="bbox 424 4208 1977 4279; baseline -0.001 -13"><span class='ocrx_word' id='word_1_173' title='bbox 424 4210 665 4266; x_wconf 78' lang='lat' dir='ltr'>allatas,</span> <span class='ocrx_word' id='word_1_174' title='bbox 699 4208 1007 4266; x_wconf 90' lang='lat' dir='ltr'>Sumendo</span> <span class='ocrx_word' id='word_1_175' title='bbox 1038 4211 1249 4265; x_wconf 85' lang='lat' dir='ltr'>tamen</span> <span class='ocrx_word' id='word_1_176' title='bbox 1281 4209 1573 4264; x_wconf 80' lang='lat' dir='ltr'>virtutem</span> <span class='ocrx_word' id='word_1_177' title='bbox 1602 4222 1718 4279; x_wconf 89' lang='lat' dir='ltr'>pro</span> <span class='ocrx_word' id='word_1_178' title='bbox 1758 4208 1977 4264; x_wconf 90' lang='lat' dir='ltr'>ultimo</span> 
     </span>
     <span class='ocr_line' id='line_1_33' title="bbox 424 4305 1975 4381; baseline -0.001 -16"><span class='ocrx_word' id='word_1_179' title='bbox 424 4310 711 4380; x_wconf 84' lang='lat' dir='ltr'>potentiae</span> <span class='ocrx_word' id='word_1_180' title='bbox 771 4309 937 4379; x_wconf 83' lang='lat' dir='ltr'>signi</span> <span class='ocrx_word' id='word_1_181' title='bbox 987 4308 1268 4381; x_wconf 88' lang='lat' dir='ltr'>practici,</span> <span class='ocrx_word' id='word_1_182' title='bbox 1323 4305 1704 4363; x_wconf 86' lang='lat' dir='ltr'>admittenda</span> <span class='ocrx_word' id='word_1_183' title='bbox 1760 4311 1852 4362; x_wconf 86' lang='lat' dir='ltr'>est</span> <span class='ocrx_word' id='word_1_184' title='bbox 1908 4308 1975 4363; x_wconf 90' lang='lat' dir='ltr'>in</span> 
     </span>
     <span class='ocr_line' id='line_1_34' title="bbox 425 4405 1973 4478; baseline 0 -16"><span class='ocrx_word' id='word_1_185' title='bbox 425 4408 859 4474; x_wconf 73' lang='lat' dir='ltr'>SacramentiS,</span> <span class='ocrx_word' id='word_1_186' title='bbox 928 4407 1075 4478; x_wconf 88' lang='lat' dir='ltr'>quia</span> <span class='ocrx_word' id='word_1_187' title='bbox 1146 4409 1384 4463; x_wconf 85' lang='lat' dir='ltr'>tantum</span> <span class='ocrx_word' id='word_1_188' title='bbox 1455 4410 1547 4462; x_wconf 89' lang='lat' dir='ltr'>est</span> <span class='ocrx_word' id='word_1_189' title='bbox 1617 4405 1973 4475; x_wconf 86' lang='lat' dir='ltr'>significare</span> 
     </span>
     <span class='ocr_line' id='line_1_35' title="bbox 428 4506 1975 4578; baseline -0.001 -14"><span class='ocrx_word' id='word_1_190' title='bbox 428 4507 788 4574; x_wconf 75' lang='lat' dir='ltr'>efficaciter,</span> <span class='ocrx_word' id='word_1_191' title='bbox 855 4506 920 4563; x_wconf 90' lang='lat' dir='ltr'>id</span> <span class='ocrx_word' id='word_1_192' title='bbox 977 4510 1087 4575; x_wconf 83' lang='lat' dir='ltr'>est,</span> <span class='ocrx_word' id='word_1_193' title='bbox 1136 4508 1376 4578; x_wconf 77' lang='lat' dir='ltr'>praevie</span> <span class='ocrx_word' id='word_1_194' title='bbox 1423 4512 1485 4565; x_wconf 91' lang='lat' dir='ltr'>et</span> <span class='ocrx_word' id='word_1_195' title='bbox 1532 4511 1721 4564; x_wconf 86' lang='lat' dir='ltr'>certo.</span> <span class='ocrx_word' id='word_1_196' title='bbox 1775 4506 1975 4563; x_wconf 88' lang='lat' dir='ltr'>Solvit</span> 
     </span>
     <span class='ocr_line' id='line_1_36' title="bbox 426 4605 1974 4676; baseline 0.003 -16"><span class='ocrx_word' id='word_1_197' title='bbox 426 4610 796 4676; x_wconf 81' lang='lat' dir='ltr'>argumenta</span> <span class='ocrx_word' id='word_1_198' title='bbox 824 4619 937 4676; x_wconf 90' lang='lat' dir='ltr'>pro</span> <span class='ocrx_word' id='word_1_199' title='bbox 970 4607 1033 4661; x_wconf 88' lang='lat' dir='ltr'>D.</span> <span class='ocrx_word' id='word_1_200' title='bbox 1068 4606 1279 4663; x_wconf 86' lang='lat' dir='ltr'>Thom.</span> <span class='ocrx_word' id='word_1_201' title='bbox 1316 4605 1583 4664; x_wconf 85' lang='lat' dir='ltr'>adducta</span> <span class='ocrx_word' id='word_1_202' title='bbox 1610 4622 1784 4666; x_wconf 89' lang='lat' dir='ltr'>num.</span> <span class='ocrx_word' id='word_1_203' title='bbox 1825 4608 1880 4663; x_wconf 87' lang='lat'>2.</span> <span class='ocrx_word' id='word_1_204' title='bbox 1912 4609 1974 4664; x_wconf 87' lang='lat' dir='ltr'>et</span> 
     </span>
     <span class='ocr_line' id='line_1_37' title="bbox 421 4704 969 4776; baseline 0.005 -18"><span class='ocrx_word' id='word_1_205' title='bbox 421 4704 792 4775; x_wconf 83' lang='lat' dir='ltr'>principalia</span> <span class='ocrx_word' id='word_1_206' title='bbox 822 4720 881 4776; x_wconf 90' lang='lat' dir='ltr'>q.</span> <span class='ocrx_word' id='word_1_207' title='bbox 914 4706 969 4761; x_wconf 91' lang='lat'>5.</span> 
     </span>
    </p>
   </div>
   <div class='ocr_carea' id='block_1_7' title="bbox 422 4912 1969 5718">
    <p class='ocr_par' dir='ltr' id='par_1_8' title="bbox 422 4912 1969 5718">
     <span class='ocr_line' id='line_1_38' title="bbox 506 4912 1962 5006; baseline -0.001 -18"><span class='ocrx_word' id='word_1_208' title='bbox 506 4916 617 4988; x_wconf 90' lang='lat' dir='ltr'>Ad</span> <span class='ocrx_word' id='word_1_209' title='bbox 699 4912 1231 5006; x_wconf 80' lang='lat' dir='ltr'>quaestionem</span> <span class='ocrx_word' id='word_1_210' title='bbox 1308 4914 1442 5002; x_wconf 91' lang='lat' dir='ltr'>(m)</span> <span class='ocrx_word' id='word_1_211' title='bbox 1510 4915 1962 4996; x_wconf 86' lang='lat' dir='ltr'>secundam,</span> 
     </span>
     <span class='ocr_line' id='line_1_39' title="bbox 432 5030 1968 5125; baseline 0.002 -21"><span class='ocrx_word' id='word_1_212' title='bbox 432 5037 644 5123; x_wconf 89' lang='lat' dir='ltr'>patet</span> <span class='ocrx_word' id='word_1_213' title='bbox 678 5052 824 5125; x_wconf 88' lang='lat' dir='ltr'>per</span> <span class='ocrx_word' id='word_1_214' title='bbox 859 5030 1063 5103; x_wconf 90' lang='lat' dir='ltr'>idem</span> <span class='ocrx_word' id='word_1_215' title='bbox 1107 5030 1310 5123; x_wconf 91' lang='lat' dir='ltr'>quod</span> <span class='ocrx_word' id='word_1_216' title='bbox 1350 5050 1493 5103; x_wconf 90' lang='lat' dir='ltr'>nec</span> <span class='ocrx_word' id='word_1_217' title='bbox 1543 5032 1968 5107; x_wconf 87' lang='lat' dir='ltr'>manifeste</span> 
     </span>
     <span class='ocr_line' id='line_1_40' title="bbox 431 5147 1969 5243; baseline -0.001 -20"><span class='ocrx_word' id='word_1_218' title='bbox 431 5148 832 5243; x_wconf 86' lang='lat' dir='ltr'>possibile,</span> <span class='ocrx_word' id='word_1_219' title='bbox 876 5168 1021 5220; x_wconf 90' lang='lat' dir='ltr'>nec</span> <span class='ocrx_word' id='word_1_220' title='bbox 1070 5147 1622 5220; x_wconf 88' lang='lat' dir='ltr'>necessarium</span> <span class='ocrx_word' id='word_1_221' title='bbox 1667 5153 1792 5223; x_wconf 86' lang='lat' dir='ltr'>est</span> <span class='ocrx_word' id='word_1_222' title='bbox 1834 5169 1969 5241; x_wconf 91' lang='lat' dir='ltr'>po-</span> 
     </span>
     <span class='ocr_line' id='line_1_41' title="bbox 427 5266 1965 5357; baseline 0.001 -19"><span class='ocrx_word' id='word_1_223' title='bbox 427 5287 608 5341; x_wconf 86' lang='lat' dir='ltr'>nere</span> <span class='ocrx_word' id='word_1_224' title='bbox 644 5267 874 5339; x_wconf 88' lang='lat' dir='ltr'>illam</span> <span class='ocrx_word' id='word_1_225' title='bbox 918 5267 1335 5347; x_wconf 89' lang='lat' dir='ltr'>virtutem,</span> <span class='ocrx_word' id='word_1_226' title='bbox 1404 5286 1575 5357; x_wconf 82' lang='lat' dir='ltr'>quae</span> <span class='ocrx_word' id='word_1_227' title='bbox 1640 5266 1746 5340; x_wconf 88' lang='lat' dir='ltr'>sit</span> <span class='ocrx_word' id='word_1_228' title='bbox 1808 5267 1965 5339; x_wconf 87' lang='lat' dir='ltr'>for-</span> 
     </span>
     <span class='ocr_line' id='line_1_42' title="bbox 428 5382 1965 5477; baseline 0.001 -23"><span class='ocrx_word' id='word_1_229' title='bbox 428 5405 547 5455; x_wconf 84' lang='lat' dir='ltr'>ma</span> <span class='ocrx_word' id='word_1_230' title='bbox 599 5383 852 5456; x_wconf 87' lang='lat' dir='ltr'>realis</span> <span class='ocrx_word' id='word_1_231' title='bbox 896 5382 977 5455; x_wconf 93' lang='lat' dir='ltr'>in</span> <span class='ocrx_word' id='word_1_232' title='bbox 1020 5384 1572 5456; x_wconf 72' lang='lat' dir='ltr'>sacramento.</span> <span class='ocrx_word' id='word_1_233' title='bbox 1618 5383 1723 5455; x_wconf 93' lang='lat' dir='ltr'>Ut</span> <span class='ocrx_word' id='word_1_234' title='bbox 1784 5383 1965 5477; x_wconf 89' lang='lat' dir='ltr'>quid</span> 
     </span>
     <span class='ocr_line' id='line_1_43' title="bbox 422 5500 1963 5591; baseline 0 -19"><span class='ocrx_word' id='word_1_235' title='bbox 422 5503 627 5574; x_wconf 86' lang='lat' dir='ltr'>enim</span> <span class='ocrx_word' id='word_1_236' title='bbox 698 5500 950 5573; x_wconf 85' lang='lat' dir='ltr'>toties</span> <span class='ocrx_word' id='word_1_237' title='bbox 1027 5506 1568 5591; x_wconf 80' lang='lat' dir='ltr'>generaretur</span> <span class='ocrx_word' id='word_1_238' title='bbox 1643 5504 1722 5574; x_wconf 89' lang='lat' dir='ltr'>et</span> <span class='ocrx_word' id='word_1_239' title='bbox 1790 5522 1963 5573; x_wconf 89' lang='lat' dir='ltr'>cor-</span> 
     </span>
     <span class='ocr_line' id='line_1_44' title="bbox 430 5618 1965 5718; baseline 0.002 -28"><span class='ocrx_word' id='word_1_240' title='bbox 430 5625 1005 5718; x_wconf 74' lang='lat' dir='ltr'>rumperetur?</span> <span class='ocrx_word' id='word_1_241' title='bbox 1048 5620 1211 5692; x_wconf 90' lang='lat' dir='ltr'>Nec</span> <span class='ocrx_word' id='word_1_242' title='bbox 1260 5638 1404 5711; x_wconf 92' lang='lat' dir='ltr'>per</span> <span class='ocrx_word' id='word_1_243' title='bbox 1438 5618 1685 5703; x_wconf 90' lang='lat' dir='ltr'>illam,</span> <span class='ocrx_word' id='word_1_244' title='bbox 1735 5620 1799 5693; x_wconf 91' lang='lat' dir='ltr'>si</span> <span class='ocrx_word' id='word_1_245' title='bbox 1837 5639 1965 5713; x_wconf 90' lang='lat' dir='ltr'>po·</span> 
     </span>
    </p>
   </div>
   <div class='ocr_carea' id='block_1_8' title="bbox 3545 463 3655 526">
    <p class='ocr_par' dir='ltr' id='par_1_9' title="bbox 3545 463 3655 526">
     <span class='ocr_line' id='line_1_45' title="bbox 3545 463 3655 526; baseline -0.018 -1"><span class='ocrx_word' id='word_1_246' title='bbox 3545 463 3655 526; x_wconf 80' lang='lat'>187</span> 
     </span>
    </p>
   </div>
   <div class='ocr_carea' id='block_1_9' title="bbox 2076 622 3671 5737">
    <p class='ocr_par' dir='ltr' id='par_1_10' title="bbox 2111 622 3671 1534">
     <span class='ocr_line' id='line_1_46' title="bbox 2120 622 3671 716; baseline 0.003 -24"><span class='ocrx_word' id='word_1_247' title='bbox 2120 627 2481 704; x_wconf 89' lang='lat' dir='ltr'>neretur,</span> <span class='ocrx_word' id='word_1_248' title='bbox 2519 622 2818 716; x_wconf 85' lang='lat' dir='ltr'>aliquid</span> <span class='ocrx_word' id='word_1_249' title='bbox 2859 627 3347 698; x_wconf 75' lang='lat' dir='ltr'>causaretur</span> <span class='ocrx_word' id='word_1_250' title='bbox 3393 623 3472 696; x_wconf 90' lang='lat' dir='ltr'>in</span> <span class='ocrx_word' id='word_1_251' title='bbox 3505 625 3671 697; x_wconf 86' lang='lat' dir='ltr'>ani-</span> 
     </span>
     <span class='ocr_line' id='line_1_47' title="bbox 2119 741 3669 834; baseline 0.004 -27"><span class='ocrx_word' id='word_1_252' title='bbox 2119 757 2273 821; x_wconf 89' lang='lat' dir='ltr'>ma,</span> <span class='ocrx_word' id='word_1_253' title='bbox 2319 760 2462 812; x_wconf 86' lang='lat' dir='ltr'>nec</span> <span class='ocrx_word' id='word_1_254' title='bbox 2506 746 2993 814; x_wconf 80' lang='lat' dir='ltr'>causaretur</span> <span class='ocrx_word' id='word_1_255' title='bbox 3048 742 3224 834; x_wconf 88' lang='lat' dir='ltr'>ipsa</span> <span class='ocrx_word' id='word_1_256' title='bbox 3273 741 3669 834; x_wconf 83' lang='lat' dir='ltr'>regulari·</span> 
     </span>
     <span class='ocr_line' id='line_1_48' title="bbox 2116 855 3666 949; baseline 0.003 -24"><span class='ocrx_word' id='word_1_257' title='bbox 2116 856 2269 936; x_wconf 88' lang='lat' dir='ltr'>ter,</span> <span class='ocrx_word' id='word_1_258' title='bbox 2317 855 2468 927; x_wconf 87' lang='lat' dir='ltr'>nisi</span> <span class='ocrx_word' id='word_1_259' title='bbox 2533 878 2630 927; x_wconf 78' lang='lat' dir='ltr'>ex</span> <span class='ocrx_word' id='word_1_260' title='bbox 2691 858 3065 949; x_wconf 78' lang='lat' dir='ltr'>pactione</span> <span class='ocrx_word' id='word_1_261' title='bbox 3137 858 3404 930; x_wconf 87' lang='lat' dir='ltr'>divina</span> <span class='ocrx_word' id='word_1_262' title='bbox 3481 878 3666 930; x_wconf 90' lang='lat' dir='ltr'>cum</span> 
     </span>
     <span class='ocr_line' id='line_1_49' title="bbox 2117 968 3665 1066; baseline 0.006 -29"><span class='ocrx_word' id='word_1_263' title='bbox 2117 968 2504 1052; x_wconf 89' lang='lat' dir='ltr'>Ecclesia,</span> <span class='ocrx_word' id='word_1_264' title='bbox 2547 975 2625 1045; x_wconf 91' lang='lat' dir='ltr'>et</span> <span class='ocrx_word' id='word_1_265' title='bbox 2662 973 2784 1046; x_wconf 90' lang='lat' dir='ltr'>-sic</span> <span class='ocrx_word' id='word_1_266' title='bbox 2840 973 3009 1045; x_wconf 88' lang='lat' dir='ltr'>sine</span> <span class='ocrx_word' id='word_1_267' title='bbox 3051 977 3178 1047; x_wconf 88' lang='lat' dir='ltr'>tot</span> <span class='ocrx_word' id='word_1_268' title='bbox 3230 973 3665 1066; x_wconf 84' lang='lat' dir='ltr'>superfluis</span> 
     </span>
     <span class='ocr_line' id='line_1_50' title="bbox 2116 1080 3668 1184; baseline 0.005 -29"><span class='ocrx_word' id='word_1_269' title='bbox 2116 1080 2196 1155; x_wconf 91' lang='lat' dir='ltr'>in</span> <span class='ocrx_word' id='word_1_270' title='bbox 2232 1105 2438 1178; x_wconf 87' lang='lat' dir='ltr'>aqua</span> <span class='ocrx_word' id='word_1_271' title='bbox 2490 1091 2571 1161; x_wconf 90' lang='lat' dir='ltr'>et</span> <span class='ocrx_word' id='word_1_272' title='bbox 2621 1089 2894 1162; x_wconf 87' lang='lat' dir='ltr'>anima</span> <span class='ocrx_word' id='word_1_273' title='bbox 2948 1090 3477 1172; x_wconf 84' lang='lat' dir='ltr'>intermediis,</span> <span class='ocrx_word' id='word_1_274' title='bbox 3536 1112 3668 1184; x_wconf 90' lang='lat' dir='ltr'>po-</span> 
     </span>
     <span class='ocr_line' id='line_1_51' title="bbox 2111 1205 3665 1302; baseline 0.006 -27"><span class='ocrx_word' id='word_1_275' title='bbox 2111 1205 2277 1277; x_wconf 87' lang='lat' dir='ltr'>test</span> <span class='ocrx_word' id='word_1_276' title='bbox 2310 1205 2613 1279; x_wconf 87' lang='lat' dir='ltr'>salvari</span> <span class='ocrx_word' id='word_1_277' title='bbox 2659 1209 2862 1299; x_wconf 89' lang='lat' dir='ltr'>quod</span> <span class='ocrx_word' id='word_1_278' title='bbox 2914 1209 3180 1302; x_wconf 89' lang='lat' dir='ltr'>pactio</span> <span class='ocrx_word' id='word_1_279' title='bbox 3230 1208 3501 1282; x_wconf 87' lang='lat' dir='ltr'>divina</span> <span class='ocrx_word' id='word_1_280' title='bbox 3557 1210 3665 1284; x_wconf 88' lang='lat' dir='ltr'>sit</span> 
     </span>
     <span class='ocr_line' id='line_1_52' title="bbox 2114 1316 3663 1421; baseline 0.005 -31"><span class='ocrx_word' id='word_1_281' title='bbox 2114 1316 2604 1421; x_wconf 81' lang='lat' dir='ltr'>immediata.</span> <span class='ocrx_word' id='word_1_282' title='bbox 2663 1329 3035 1417; x_wconf 88' lang='lat' dir='ltr'>respectu</span> <span class='ocrx_word' id='word_1_283' title='bbox 3096 1325 3429 1400; x_wconf 86' lang='lat' dir='ltr'>effectus</span> <span class='ocrx_word' id='word_1_284' title='bbox 3480 1347 3663 1399; x_wconf 87' lang='lat' dir='ltr'>con·</span> 
     </span>
     <span class='ocr_line' id='line_1_53' title="bbox 2113 1437 3655 1534; baseline 0.002 -24"><span class='ocrx_word' id='word_1_285' title='bbox 2113 1437 2418 1511; x_wconf 88' lang='lat' dir='ltr'>ferendi</span> <span class='ocrx_word' id='word_1_286' title='bbox 2467 1444 2546 1512; x_wconf 89' lang='lat' dir='ltr'>et</span> <span class='ocrx_word' id='word_1_287' title='bbox 2611 1442 3046 1534; x_wconf 89' lang='lat' dir='ltr'>recipiendi</span> <span class='ocrx_word' id='word_1_288' title='bbox 3100 1447 3655 1518; x_wconf 84' lang='lat' dir='ltr'>Sacramenta.</span> 
     </span>
    </p>

    <p class='ocr_par' dir='ltr' id='par_1_11' title="bbox 2078 1554 3661 5232">
     <span class='ocr_line' id='line_1_54' title="bbox 2201 1554 3661 1653; baseline 0.003 -26"><span class='ocrx_word' id='word_1_289' title='bbox 2201 1554 2284 1627; x_wconf 86' lang='lat' dir='ltr'>Si</span> <span class='ocrx_word' id='word_1_290' title='bbox 2329 1558 2600 1628; x_wconf 90' lang='lat' dir='ltr'>tamen</span> <span class='ocrx_word' id='word_1_291' title='bbox 2644 1558 2783 1632; x_wconf 83' lang='lat' dir='ltr'>fiat</span> <span class='ocrx_word' id='word_1_292' title='bbox 2832 1559 3265 1634; x_wconf 83' lang='lat' dir='ltr'>altercatio</span> <span class='ocrx_word' id='word_1_293' title='bbox 3324 1565 3661 1653; x_wconf 85' lang='lat' dir='ltr'>propter</span> 
     </span>
     <span class='ocr_line' id='line_1_55' title="bbox 2110 1670 3657 1749; baseline 0.005 -10"><span class='ocrx_word' id='word_1_294' title='bbox 2110 1670 2652 1746; x_wconf 85' lang='lat' dir='ltr'>auctoritates</span> <span class='ocrx_word' id='word_1_295' title='bbox 2712 1674 2803 1746; x_wconf 88' lang='lat' dir='ltr'>de</span> <span class='ocrx_word' id='word_1_296' title='bbox 2863 1675 3023 1748; x_wconf 88' lang='lat' dir='ltr'>isto</span> <span class='ocrx_word' id='word_1_297' title='bbox 3072 1677 3464 1749; x_wconf 86' lang='lat' dir='ltr'>vocabulo</span> <span class='ocrx_word' id='word_1_298' title='bbox 3521 1683 3657 1746; x_wconf 77' lang='lat' dir='ltr'>vir-</span> 
     </span>
     <span class='ocr_line' id='line_1_56' title="bbox 2109 1790 3657 1883; baseline 0.008 -30"><span class='ocrx_word' id='word_1_299' title='bbox 2109 1799 2233 1868; x_wconf 75' lang='lat' dir='ltr'>tus,</span> <span class='ocrx_word' id='word_1_300' title='bbox 2307 1792 2579 1880; x_wconf 89' lang='lat' dir='ltr'>potest</span> <span class='ocrx_word' id='word_1_301' title='bbox 2646 1790 2826 1874; x_wconf 91' lang='lat' dir='ltr'>dici,</span> <span class='ocrx_word' id='word_1_302' title='bbox 2904 1792 3103 1883; x_wconf 86' lang='lat' dir='ltr'>quod</span> <span class='ocrx_word' id='word_1_303' title='bbox 3173 1792 3439 1866; x_wconf 84' lang='lat' dir='ltr'>virtus</span> <span class='ocrx_word' id='word_1_304' title='bbox 3499 1815 3657 1866; x_wconf 90' lang='lat' dir='ltr'>uno</span> 
     </span>
     <span class='ocr_line' id='line_1_57' title="bbox 2109 1904 3652 2001; baseline 0.006 -29"><span class='ocrx_word' id='word_1_305' title='bbox 2109 1904 2365 1987; x_wconf 85' lang='lat' dir='ltr'>modo,</span> <span class='ocrx_word' id='word_1_306' title='bbox 2449 1910 2571 1978; x_wconf 89' lang='lat' dir='ltr'>est</span> <span class='ocrx_word' id='word_1_307' title='bbox 2650 1906 3027 1980; x_wconf 88' lang='lat' dir='ltr'>ultimum</span> <span class='ocrx_word' id='word_1_308' title='bbox 3095 1909 3185 1979; x_wconf 88' lang='lat' dir='ltr'>de</span> <span class='ocrx_word' id='word_1_309' title='bbox 3268 1910 3652 2001; x_wconf 87' lang='lat' dir='ltr'>potentia,</span> 
     </span>
     <span class='ocr_line' id='line_1_58' title="bbox 2099 2023 3655 2109; baseline 0.005 -21"><span class='ocrx_word' id='word_1_310' title='bbox 2099 2024 2324 2109; x_wconf 84' lang='lat' dir='ltr'>primo</span> <span class='ocrx_word' id='word_1_311' title='bbox 2359 2024 2525 2089; x_wconf 74' lang='lat' dir='ltr'>Coeli</span> <span class='ocrx_word' id='word_1_312' title='bbox 2555 2034 2615 2090; x_wconf 80' lang='lat' dir='ltr'>el</span> <span class='ocrx_word' id='word_1_313' title='bbox 2645 2026 2904 2092; x_wconf 79' lang='lat' dir='ltr'>mundi.</span> <span class='ocrx_word' id='word_1_314' title='bbox 2952 2023 3348 2097; x_wconf 79' lang='lat' dir='ltr'>Ultimum</span> <span class='ocrx_word' id='word_1_315' title='bbox 3382 2045 3478 2097; x_wconf 83' lang='lat' dir='ltr'>au</span> <span class='ocrx_word' id='word_1_316' title='bbox 3495 2031 3655 2099; x_wconf 80' lang='lat' dir='ltr'>tem</span> 
     </span>
     <span class='ocr_line' id='line_1_59' title="bbox 2106 2136 3655 2235; baseline 0.005 -27"><span class='ocrx_word' id='word_1_317' title='bbox 2106 2137 2490 2229; x_wconf 86' lang='lat' dir='ltr'>potentiae</span> <span class='ocrx_word' id='word_1_318' title='bbox 2550 2136 2758 2231; x_wconf 85' lang='lat' dir='ltr'>signi</span> <span class='ocrx_word' id='word_1_319' title='bbox 2822 2140 3162 2232; x_wconf 90' lang='lat' dir='ltr'>practici</span> <span class='ocrx_word' id='word_1_320' title='bbox 3263 2146 3388 2215; x_wconf 89' lang='lat' dir='ltr'>est</span> <span class='ocrx_word' id='word_1_321' title='bbox 3453 2143 3655 2235; x_wconf 86' lang='lat' dir='ltr'>quod</span> 
     </span>
     <span class='ocr_line' id='line_1_60' title="bbox 2106 2253 3654 2356; baseline 0.008 -32"><span class='ocrx_word' id='word_1_322' title='bbox 2106 2253 2508 2345; x_wconf 81' lang='lat' dir='ltr'>significet</span> <span class='ocrx_word' id='word_1_323' title='bbox 2549 2256 3019 2343; x_wconf 85' lang='lat' dir='ltr'>efficaciter,</span> <span class='ocrx_word' id='word_1_324' title='bbox 3074 2260 3224 2334; x_wconf 91' lang='lat' dir='ltr'>hoc</span> <span class='ocrx_word' id='word_1_325' title='bbox 3259 2266 3408 2343; x_wconf 83' lang='lat' dir='ltr'>est,</span> <span class='ocrx_word' id='word_1_326' title='bbox 3456 2284 3654 2356; x_wconf 83' lang='lat' dir='ltr'>prae-</span> 
     </span>
     <span class='ocr_line' id='line_1_61' title="bbox 2102 2370 3655 2459; baseline 0.007 -18"><span class='ocrx_word' id='word_1_327' title='bbox 2102 2370 2228 2443; x_wconf 91' lang='lat' dir='ltr'>vie</span> <span class='ocrx_word' id='word_1_328' title='bbox 2298 2377 2378 2445; x_wconf 90' lang='lat' dir='ltr'>et</span> <span class='ocrx_word' id='word_1_329' title='bbox 2446 2375 3164 2459; x_wconf 80' lang='lat' dir='ltr'>certitudinaliter3</span> <span class='ocrx_word' id='word_1_330' title='bbox 3237 2398 3424 2450; x_wconf 89' lang='lat' dir='ltr'>nam</span> <span class='ocrx_word' id='word_1_331' title='bbox 3492 2400 3655 2452; x_wconf 90' lang='lat' dir='ltr'>non</span> 
     </span>
     <span class='ocr_line' id='line_1_62' title="bbox 2106 2490 3654 2588; baseline 0.006 -29"><span class='ocrx_word' id='word_1_332' title='bbox 2106 2492 2377 2578; x_wconf 86' lang='lat' dir='ltr'>posset</span> <span class='ocrx_word' id='word_1_333' title='bbox 2448 2490 2708 2583; x_wconf 84' lang='lat' dir='ltr'>signo,</span> <span class='ocrx_word' id='word_1_334' title='bbox 2793 2493 3265 2583; x_wconf 81' lang='lat' dir='ltr'>inquantum</span> <span class='ocrx_word' id='word_1_335' title='bbox 3352 2497 3654 2588; x_wconf 87' lang='lat' dir='ltr'>practi-</span> 
     </span>
     <span class='ocr_line' id='line_1_63' title="bbox 2099 2609 3655 2705; baseline 0.004 -28"><span class='ocrx_word' id='word_1_336' title='bbox 2099 2624 2285 2677; x_wconf 91' lang='lat' dir='ltr'>cum</span> <span class='ocrx_word' id='word_1_337' title='bbox 2338 2609 2486 2689; x_wconf 89' lang='lat' dir='ltr'>est,</span> <span class='ocrx_word' id='word_1_338' title='bbox 2545 2613 3008 2701; x_wconf 84' lang='lat' dir='ltr'>competere</span> <span class='ocrx_word' id='word_1_339' title='bbox 3064 2612 3331 2704; x_wconf 90' lang='lat' dir='ltr'>maj0r</span> <span class='ocrx_word' id='word_1_340' title='bbox 3384 2618 3655 2705; x_wconf 87' lang='lat' dir='ltr'>poten-</span> 
     </span>
     <span class='ocr_line' id='line_1_64' title="bbox 2100 2719 3655 2817; baseline 0.005 -24"><span class='ocrx_word' id='word_1_341' title='bbox 2100 2719 2242 2793; x_wconf 83' lang='lat' dir='ltr'>tia.</span> <span class='ocrx_word' id='word_1_342' title='bbox 2281 2721 2580 2792; x_wconf 84' lang='lat' dir='ltr'>Tamen</span> <span class='ocrx_word' id='word_1_343' title='bbox 2619 2722 2807 2795; x_wconf 88' lang='lat' dir='ltr'>talis</span> <span class='ocrx_word' id='word_1_344' title='bbox 2852 2724 3115 2797; x_wconf 86' lang='lat' dir='ltr'>virtus</span> <span class='ocrx_word' id='word_1_345' title='bbox 3161 2729 3427 2817; x_wconf 87' lang='lat' dir='ltr'>potest</span> <span class='ocrx_word' id='word_1_346' title='bbox 3473 2750 3655 2801; x_wconf 89' lang='lat' dir='ltr'>con-</span> 
     </span>
     <span class='ocr_line' id='line_1_65' title="bbox 2098 2836 3658 2945; baseline 0.005 -36"><span class='ocrx_word' id='word_1_347' title='bbox 2098 2836 2268 2909; x_wconf 89' lang='lat' dir='ltr'>cedi</span> <span class='ocrx_word' id='word_1_348' title='bbox 2330 2858 2507 2909; x_wconf 90' lang='lat' dir='ltr'>esse</span> <span class='ocrx_word' id='word_1_349' title='bbox 2569 2837 2648 2910; x_wconf 87' lang='lat' dir='ltr'>in</span> <span class='ocrx_word' id='word_1_350' title='bbox 2700 2842 3275 2945; x_wconf 66' lang='lat' dir='ltr'>Sacramentm</span> <span class='ocrx_word' id='word_1_351' title='bbox 3322 2844 3452 2916; x_wconf 90' lang='lat' dir='ltr'>sed</span> <span class='ocrx_word' id='word_1_352' title='bbox 3497 2845 3658 2919; x_wconf 88' lang='lat' dir='ltr'>ista</span> 
     </span>
     <span class='ocr_line' id='line_1_66' title="bbox 2098 2954 3654 3048; baseline 0.006 -22"><span class='ocrx_word' id='word_1_353' title='bbox 2098 2975 2258 3027; x_wconf 89' lang='lat' dir='ltr'>non</span> <span class='ocrx_word' id='word_1_354' title='bbox 2300 2961 2426 3029; x_wconf 88' lang='lat' dir='ltr'>est</span> <span class='ocrx_word' id='word_1_355' title='bbox 2466 2954 2740 3048; x_wconf 89' lang='lat' dir='ltr'>aliqua</span> <span class='ocrx_word' id='word_1_356' title='bbox 2775 2956 3042 3030; x_wconf 85' lang='lat' dir='ltr'>forma</span> <span class='ocrx_word' id='word_1_357' title='bbox 3082 2961 3481 3047; x_wconf 88' lang='lat' dir='ltr'>absoluta,</span> <span class='ocrx_word' id='word_1_358' title='bbox 3522 2965 3654 3035; x_wconf 88' lang='lat' dir='ltr'>sed</span> 
     </span>
     <span class='ocr_line' id='line_1_67' title="bbox 2097 3071 3655 3171; baseline 0.005 -28"><span class='ocrx_word' id='word_1_359' title='bbox 2097 3073 2419 3143; x_wconf 89' lang='lat' dir='ltr'>tantum</span> <span class='ocrx_word' id='word_1_360' title='bbox 2461 3071 2753 3147; x_wconf 85' lang='lat' dir='ltr'>relatio</span> <span class='ocrx_word' id='word_1_361' title='bbox 2797 3072 3403 3151; x_wconf 82' lang='lat' dir='ltr'>conformitatis</span> <span class='ocrx_word' id='word_1_362' title='bbox 3447 3078 3655 3171; x_wconf 78' lang='lat' dir='ltr'>signi</span> 
     </span>
     <span class='ocr_line' id='line_1_68' title="bbox 2097 3188 3654 3288; baseline 0.007 -29"><span class='ocrx_word' id='word_1_363' title='bbox 2097 3189 2193 3260; x_wconf 89' lang='lat' dir='ltr'>ad</span> <span class='ocrx_word' id='word_1_364' title='bbox 2237 3188 2677 3280; x_wconf 82' lang='lat' dir='ltr'>signatum.</span> <span class='ocrx_word' id='word_1_365' title='bbox 2716 3194 2816 3265; x_wconf 86' lang='lat' dir='ltr'>Et</span> <span class='ocrx_word' id='word_1_366' title='bbox 2851 3191 3018 3265; x_wconf 87' lang='lat' dir='ltr'>sive</span> <span class='ocrx_word' id='word_1_367' title='bbox 3054 3194 3212 3268; x_wconf 90' lang='lat' dir='ltr'>ista</span> <span class='ocrx_word' id='word_1_368' title='bbox 3249 3197 3654 3288; x_wconf 87' lang='lat' dir='ltr'>pertineat</span> 
     </span>
     <span class='ocr_line' id='line_1_69' title="bbox 2095 3305 3650 3402; baseline 0.008 -26"><span class='ocrx_word' id='word_1_369' title='bbox 2095 3305 2190 3376; x_wconf 90' lang='lat' dir='ltr'>ad</span> <span class='ocrx_word' id='word_1_370' title='bbox 2240 3308 2685 3381; x_wconf 88' lang='lat' dir='ltr'>essentiam</span> <span class='ocrx_word' id='word_1_371' title='bbox 2720 3312 3256 3395; x_wconf 89' lang='lat' dir='ltr'>Sacramenti,</span> <span class='ocrx_word' id='word_1_372' title='bbox 3311 3316 3418 3402; x_wconf 89' lang='lat' dir='ltr'>(et</span> <span class='ocrx_word' id='word_1_373' title='bbox 3461 3319 3650 3389; x_wconf 87' lang='lat' dir='ltr'>tunc</span> 
     </span>
     <span class='ocr_line' id='line_1_70' title="bbox 2098 3427 3650 3518; baseline 0.011 -26"><span class='ocrx_word' id='word_1_374' title='bbox 2098 3427 2545 3513; x_wconf 88' lang='lat' dir='ltr'>oporteret,</span> <span class='ocrx_word' id='word_1_375' title='bbox 2588 3428 2789 3518; x_wconf 89' lang='lat' dir='ltr'>quod</span> <span class='ocrx_word' id='word_1_376' title='bbox 2835 3430 3455 3506; x_wconf 87' lang='lat' dir='ltr'>Sacramentum</span> <span class='ocrx_word' id='word_1_377' title='bbox 3490 3455 3650 3508; x_wconf 90' lang='lat' dir='ltr'>non</span> 
     </span>
     <span class='ocr_line' id='line_1_71' title="bbox 2092 3538 3647 3640; baseline 0.01 -32"><span class='ocrx_word' id='word_1_378' title='bbox 2092 3540 2412 3609; x_wconf 89' lang='lat' dir='ltr'>tantum</span> <span class='ocrx_word' id='word_1_379' title='bbox 2485 3538 2839 3615; x_wconf 86' lang='lat' dir='ltr'>includat</span> <span class='ocrx_word' id='word_1_380' title='bbox 2913 3545 3315 3618; x_wconf 88' lang='lat' dir='ltr'>rationem</span> <span class='ocrx_word' id='word_1_381' title='bbox 3409 3548 3647 3640; x_wconf 82' lang='lat' dir='ltr'>signi,</span> 
     </span>
     <span class='ocr_line' id='line_1_72' title="bbox 2094 3655 3650 3745; baseline 0.01 -21"><span class='ocrx_word' id='word_1_382' title='bbox 2094 3674 2278 3724; x_wconf 91' lang='lat' dir='ltr'>cum</span> <span class='ocrx_word' id='word_1_383' title='bbox 2362 3655 2529 3728; x_wconf 87' lang='lat' dir='ltr'>suis</span> <span class='ocrx_word' id='word_1_384' title='bbox 2597 3656 3096 3745; x_wconf 86' lang='lat' dir='ltr'>differentiis,</span> <span class='ocrx_word' id='word_1_385' title='bbox 3189 3664 3320 3736; x_wconf 89' lang='lat' dir='ltr'>sed</span> <span class='ocrx_word' id='word_1_386' title='bbox 3399 3666 3650 3740; x_wconf 89' lang='lat' dir='ltr'>etiam</span> 
     </span>
     <span class='ocr_line' id='line_1_73' title="bbox 2091 3769 3648 3861; baseline 0.009 -21"><span class='ocrx_word' id='word_1_387' title='bbox 2091 3769 2450 3861; x_wconf 87' lang='lat' dir='ltr'>aliquam</span> <span class='ocrx_word' id='word_1_388' title='bbox 2547 3774 2953 3847; x_wconf 88' lang='lat' dir='ltr'>rationem</span> <span class='ocrx_word' id='word_1_389' title='bbox 3039 3779 3648 3855; x_wconf 85' lang='lat' dir='ltr'>conformitatis</span> 
     </span>
     <span class='ocr_line' id='line_1_74' title="bbox 2091 3885 3649 3981; baseline 0.01 -25"><span class='ocrx_word' id='word_1_390' title='bbox 2091 3885 2187 3957; x_wconf 90' lang='lat' dir='ltr'>ad</span> <span class='ocrx_word' id='word_1_391' title='bbox 2258 3886 2695 3974; x_wconf 76' lang='lat' dir='ltr'>signatum,</span> <span class='ocrx_word' id='word_1_392' title='bbox 2761 3911 2934 3981; x_wconf 83' lang='lat' dir='ltr'>quae</span> <span class='ocrx_word' id='word_1_393' title='bbox 2991 3893 3292 3967; x_wconf 89' lang='lat' dir='ltr'>dicitur</span> <span class='ocrx_word' id='word_1_394' title='bbox 3341 3897 3649 3972; x_wconf 85' lang='lat' dir='ltr'>veritas</span> 
     </span>
     <span class='ocr_line' id='line_1_75' title="bbox 2092 3998 3647 4101; baseline 0.012 -31"><span class='ocrx_word' id='word_1_395' title='bbox 2092 3998 2170 4070; x_wconf 91' lang='lat' dir='ltr'>in</span> <span class='ocrx_word' id='word_1_396' title='bbox 2251 4002 2522 4094; x_wconf 85' lang='lat' dir='ltr'>signo;</span> <span class='ocrx_word' id='word_1_397' title='bbox 2596 4009 2676 4078; x_wconf 89' lang='lat' dir='ltr'>et</span> <span class='ocrx_word' id='word_1_398' title='bbox 2741 4011 2959 4099; x_wconf 87' lang='lat' dir='ltr'>patet</span> <span class='ocrx_word' id='word_1_399' title='bbox 3031 4014 3235 4101; x_wconf 89' lang='lat' dir='ltr'>quod</span> <span class='ocrx_word' id='word_1_400' title='bbox 3297 4013 3647 4089; x_wconf 89' lang='lat' dir='ltr'>istarum</span> 
     </span>
     <span class='ocr_line' id='line_1_76' title="bbox 2092 4117 3644 4219; baseline 0.015 -33"><span class='ocrx_word' id='word_1_401' title='bbox 2092 4117 2581 4191; x_wconf 89' lang='lat' dir='ltr'>relationum</span> <span class='ocrx_word' id='word_1_402' title='bbox 2647 4144 2803 4196; x_wconf 88' lang='lat' dir='ltr'>una</span> <span class='ocrx_word' id='word_1_403' title='bbox 2882 4128 3172 4200; x_wconf 84' lang='lat' dir='ltr'>accidit</span> <span class='ocrx_word' id='word_1_404' title='bbox 3234 4130 3504 4219; x_wconf 89' lang='lat' dir='ltr'>alteri,</span> <span class='ocrx_word' id='word_1_405' title='bbox 3565 4141 3644 4210; x_wconf 87' lang='lat' dir='ltr'>et</span> 
     </span>
     <span class='ocr_line' id='line_1_77' title="bbox 2090 4233 3643 4328; baseline 0.015 -27"><span class='ocrx_word' id='word_1_406' title='bbox 2090 4233 2324 4328; x_wconf 73' lang='lat' dir='ltr'>quasi</span> <span class='ocrx_word' id='word_1_407' title='bbox 2403 4239 2820 4327; x_wconf 88' lang='lat' dir='ltr'>posterior</span> <span class='ocrx_word' id='word_1_408' title='bbox 2898 4241 3280 4317; x_wconf 88' lang='lat' dir='ltr'>fundatur</span> <span class='ocrx_word' id='word_1_409' title='bbox 3341 4247 3419 4318; x_wconf 90' lang='lat' dir='ltr'>in</span> <span class='ocrx_word' id='word_1_410' title='bbox 3482 4251 3643 4324; x_wconf 85' lang='lat' dir='ltr'>alia</span> 
     </span>
     <span class='ocr_line' id='line_1_78' title="bbox 2092 4348 3635 4457; baseline 0.014 -40"><span class='ocrx_word' id='word_1_411' title='bbox 2092 4348 2393 4438; x_wconf 88' lang='lat' dir='ltr'>priori;</span> <span class='ocrx_word' id='word_1_412' title='bbox 2441 4353 2981 4429; x_wconf 83' lang='lat' dir='ltr'>conformitas</span> <span class='ocrx_word' id='word_1_413' title='bbox 3022 4360 3236 4434; x_wconf 90' lang='lat' dir='ltr'>enim</span> <span class='ocrx_word' id='word_1_414' title='bbox 3283 4362 3361 4434; x_wconf 91' lang='lat' dir='ltr'>in</span> <span class='ocrx_word' id='word_1_415' title='bbox 3405 4365 3635 4457; x_wconf 79' lang='lat' dir='ltr'>signo</span> 
     </span>
     <span class='ocr_line' id='line_1_79' title="bbox 2085 4462 3636 4570; baseline 0.012 -37"><span class='ocrx_word' id='word_1_416' title='bbox 2085 4462 2494 4549; x_wconf 86' lang='lat' dir='ltr'>fundatur,</span> <span class='ocrx_word' id='word_1_417' title='bbox 2567 4470 2645 4540; x_wconf 86' lang='lat' dir='ltr'>et</span> <span class='ocrx_word' id='word_1_418' title='bbox 2721 4476 2993 4561; x_wconf 85' lang='lat' dir='ltr'>posset</span> <span class='ocrx_word' id='word_1_419' title='bbox 3066 4494 3242 4548; x_wconf 89' lang='lat' dir='ltr'>esse</span> <span class='ocrx_word' id='word_1_420' title='bbox 3314 4478 3636 4570; x_wconf 84' lang='lat' dir='ltr'>signum</span> 
     </span>
     <span class='ocr_line' id='line_1_80' title="bbox 2086 4576 3637 4679; baseline 0.012 -32"><span class='ocrx_word' id='word_1_421' title='bbox 2086 4576 2258 4650; x_wconf 90' lang='lat' dir='ltr'>sine</span> <span class='ocrx_word' id='word_1_422' title='bbox 2310 4583 2431 4670; x_wconf 91' lang='lat' dir='ltr'>ea)</span> <span class='ocrx_word' id='word_1_423' title='bbox 2485 4580 2651 4653; x_wconf 88' lang='lat' dir='ltr'>sive</span> <span class='ocrx_word' id='word_1_424' title='bbox 2703 4584 2857 4656; x_wconf 88' lang='lat' dir='ltr'>ista</span> <span class='ocrx_word' id='word_1_425' title='bbox 2902 4604 3061 4657; x_wconf 90' lang='lat' dir='ltr'>non</span> <span class='ocrx_word' id='word_1_426' title='bbox 3096 4589 3499 4679; x_wconf 88' lang='lat' dir='ltr'>pertineat</span> <span class='ocrx_word' id='word_1_427' title='bbox 3542 4594 3637 4665; x_wconf 92' lang='lat' dir='ltr'>ad</span> 
     </span>
     <span class='ocr_line' id='line_1_81' title="bbox 2087 4692 3636 4785; baseline 0.011 -22"><span class='ocrx_word' id='word_1_428' title='bbox 2087 4692 2492 4767; x_wconf 89' lang='lat' dir='ltr'>rationem</span> <span class='ocrx_word' id='word_1_429' title='bbox 2528 4699 3063 4785; x_wconf 75' lang='lat' dir='ltr'>sacramenti,</span> <span class='ocrx_word' id='word_1_430' title='bbox 3110 4705 3243 4777; x_wconf 89' lang='lat' dir='ltr'>sed</span> <span class='ocrx_word' id='word_1_431' title='bbox 3287 4705 3391 4778; x_wconf 91' lang='lat' dir='ltr'>sit</span> <span class='ocrx_word' id='word_1_432' title='bbox 3436 4708 3636 4780; x_wconf 90' lang='lat' dir='ltr'>acci-</span> 
     </span>
     <span class='ocr_line' id='line_1_82' title="bbox 2081 4809 3628 4911; baseline 0.01 -31"><span class='ocrx_word' id='word_1_433' title='bbox 2081 4809 2272 4882; x_wconf 88' lang='lat' dir='ltr'>dens</span> <span class='ocrx_word' id='word_1_434' title='bbox 2325 4813 2914 4898; x_wconf 79' lang='lat' dir='ltr'>concomitanS,</span> <span class='ocrx_word' id='word_1_435' title='bbox 2963 4821 3047 4890; x_wconf 87' lang='lat' dir='ltr'>ut</span> <span class='ocrx_word' id='word_1_436' title='bbox 3092 4817 3171 4890; x_wconf 91' lang='lat' dir='ltr'>in</span> <span class='ocrx_word' id='word_1_437' title='bbox 3234 4822 3628 4911; x_wconf 80' lang='lat' dir='ltr'>pluribuS,</span> 
     </span>
     <span class='ocr_line' id='line_1_83' title="bbox 2082 4926 3631 5012; baseline 0.011 -16"><span class='ocrx_word' id='word_1_438' title='bbox 2082 4926 2376 5000; x_wconf 90' lang='lat' dir='ltr'>saltem</span> <span class='ocrx_word' id='word_1_439' title='bbox 2413 4927 2572 5001; x_wconf 88' lang='lat' dir='ltr'>ista</span> <span class='ocrx_word' id='word_1_440' title='bbox 2610 4931 2824 5004; x_wconf 88' lang='lat' dir='ltr'>ratio</span> <span class='ocrx_word' id='word_1_441' title='bbox 2858 4939 2982 5007; x_wconf 85' lang='lat' dir='ltr'>est</span> <span class='ocrx_word' id='word_1_442' title='bbox 3018 4935 3209 5008; x_wconf 91' lang='lat' dir='ltr'>illud</span> <span class='ocrx_word' id='word_1_443' title='bbox 3254 4937 3631 5012; x_wconf 87' lang='lat' dir='ltr'>ultimum</span> 
     </span>
     <span class='ocr_line' id='line_1_84' title="bbox 2078 5042 3629 5144; baseline 0.012 -31"><span class='ocrx_word' id='word_1_444' title='bbox 2078 5042 2169 5113; x_wconf 89' lang='lat' dir='ltr'>de</span> <span class='ocrx_word' id='word_1_445' title='bbox 2225 5045 2590 5135; x_wconf 86' lang='lat' dir='ltr'>potentia</span> <span class='ocrx_word' id='word_1_446' title='bbox 2652 5048 2865 5139; x_wconf 83' lang='lat' dir='ltr'>signi</span> <span class='ocrx_word' id='word_1_447' title='bbox 2918 5053 3289 5144; x_wconf 89' lang='lat' dir='ltr'>practici,</span> <span class='ocrx_word' id='word_1_448' title='bbox 3363 5059 3441 5129; x_wconf 90' lang='lat' dir='ltr'>et</span> <span class='ocrx_word' id='word_1_449' title='bbox 3514 5058 3629 5131; x_wconf 87' lang='lat' dir='ltr'>sic</span> 
     </span>
     <span class='ocr_line' id='line_1_85' title="bbox 2078 5158 2370 5232; baseline 0.007 -4"><span class='ocrx_word' id='word_1_450' title='bbox 2078 5158 2370 5232; x_wconf 88' lang='lat' dir='ltr'>virtus.</span> 
     </span>
    </p>

    <p class='ocr_par' dir='ltr' id='par_1_12' title="bbox 2076 5277 3626 5737">
     <span class='ocr_line' id='line_1_86' title="bbox 2165 5277 3625 5382; baseline 0.009 -32"><span class='ocrx_word' id='word_1_451' title='bbox 2165 5277 2280 5350; x_wconf 90' lang='lat' dir='ltr'>Ad</span> <span class='ocrx_word' id='word_1_452' title='bbox 2323 5279 2677 5371; x_wconf 85' lang='lat' dir='ltr'>primum</span> <span class='ocrx_word' id='word_1_453' title='bbox 2720 5284 2822 5373; x_wconf 86' lang='lat' dir='ltr'>(n)</span> <span class='ocrx_word' id='word_1_454' title='bbox 2864 5289 3138 5359; x_wconf 90' lang='lat' dir='ltr'>autem</span> <span class='ocrx_word' id='word_1_455' title='bbox 3178 5287 3381 5376; x_wconf 87' lang='lat' dir='ltr'>dic0,</span> <span class='ocrx_word' id='word_1_456' title='bbox 3418 5291 3625 5382; x_wconf 87' lang='lat' dir='ltr'>quod</span> 
     </span>
     <span class='ocr_line' id='line_1_87' title="bbox 2077 5395 3619 5491; baseline 0.013 -29"><span class='ocrx_word' id='word_1_457' title='bbox 2077 5411 2286 5483; x_wconf 89' lang='lat' dir='ltr'>aqua</span> <span class='ocrx_word' id='word_1_458' title='bbox 2356 5395 2611 5471; x_wconf 86' lang='lat' dir='ltr'>abluit</span> <span class='ocrx_word' id='word_1_459' title='bbox 2667 5419 2833 5482; x_wconf 90' lang='lat' dir='ltr'>cor,</span> <span class='ocrx_word' id='word_1_460' title='bbox 2902 5400 2972 5474; x_wconf 89' lang='lat' dir='ltr'>id</span> <span class='ocrx_word' id='word_1_461' title='bbox 3033 5409 3180 5485; x_wconf 89' lang='lat' dir='ltr'>est,</span> <span class='ocrx_word' id='word_1_462' title='bbox 3239 5407 3619 5491; x_wconf 85' lang='lat' dir='ltr'>animam,</span> 
     </span>
     <span class='ocr_line' id='line_1_88' title="bbox 2076 5512 3626 5617; baseline 0.014 -38"><span class='ocrx_word' id='word_1_463' title='bbox 2076 5530 2233 5580; x_wconf 89' lang='lat' dir='ltr'>non</span> <span class='ocrx_word' id='word_1_464' title='bbox 2327 5512 2637 5603; x_wconf 87' lang='lat' dir='ltr'>quidem</span> <span class='ocrx_word' id='word_1_465' title='bbox 2724 5520 3126 5592; x_wconf 86' lang='lat' dir='ltr'>causando</span> <span class='ocrx_word' id='word_1_466' title='bbox 3215 5522 3626 5617; x_wconf 86' lang='lat' dir='ltr'>dispositi-</span> 
     </span>
     <span class='ocr_line' id='line_1_89' title="bbox 2078 5629 3625 5737; baseline 0.015 -41"><span class='ocrx_word' id='word_1_467' title='bbox 2078 5646 2310 5700; x_wconf 88' lang='lat' dir='ltr'>onem</span> <span class='ocrx_word' id='word_1_468' title='bbox 2365 5629 2706 5705; x_wconf 87' lang='lat' dir='ltr'>mediam</span> <span class='ocrx_word' id='word_1_469' title='bbox 2745 5632 2959 5707; x_wconf 86' lang='lat' dir='ltr'>inter</span> <span class='ocrx_word' id='word_1_470' title='bbox 3001 5637 3257 5732; x_wconf 91' lang='lat' dir='ltr'>ipsam</span> <span class='ocrx_word' id='word_1_471' title='bbox 3321 5647 3399 5716; x_wconf 89' lang='lat' dir='ltr'>et</span> <span class='ocrx_word' id='word_1_472' title='bbox 3443 5664 3625 5737; x_wconf 80' lang='lat' dir='ltr'>gra-</span> 
     </span>
    </p>
   </div>
   <div class='ocr_carea' id='block_1_10' title="bbox 3684 2075 4004 2314">
    <p class='ocr_par' dir='ltr' id='par_1_13' title="bbox 3684 2075 4004 2314">
     <span class='ocr_line' id='line_1_90' title="bbox 3686 2075 3995 2127; baseline 0 0"><span class='ocrx_word' id='word_1_473' title='bbox 3686 2078 3836 2127; x_wconf 84' lang='lat' dir='ltr'>Text.</span> <span class='ocrx_word' id='word_1_474' title='bbox 3884 2075 3995 2127; x_wconf 82' lang='lat'><strong>116.</strong></span> 
     </span>
     <span class='ocr_line' id='line_1_91' title="bbox 3684 2139 4004 2200; baseline -0.006 -11"><span class='ocrx_word' id='word_1_475' title='bbox 3684 2140 3804 2200; x_wconf 81' lang='lat' dir='ltr'>Quae</span> <span class='ocrx_word' id='word_1_476' title='bbox 3846 2139 4004 2187; x_wconf 80' lang='lat' dir='ltr'>virtus</span> 
     </span>
     <span class='ocr_line' id='line_1_92' title="bbox 3704 2204 4004 2314; baseline -0.013 -61"><span class='ocrx_word' id='word_1_477' title='bbox 3704 2204 4004 2314; x_wconf 42' lang='lat' dir='ltr'>Sacramen-</span> 
     </span>
    </p>
   </div>
   <div class='ocr_carea' id='block_1_11' title="bbox 3772 5329 3854 5383">
    <p class='ocr_par' dir='ltr' id='par_1_14' title="bbox 3772 5329 3854 5383">
     <span class='ocr_line' id='line_1_93' title="bbox 3772 5329 3854 5383; baseline 0.024 -3"><span class='ocrx_word' id='word_1_478' title='bbox 3772 5329 3854 5383; x_wconf 82' lang='lat'>17.</span> 
     </span>
    </p>
   </div>
  </div>
 </body>
</html>
