4287 6313
1651 445 1829 507 DlST
1874 447 1918 507 l.
1966 444 2329 521 QUAEsTto
2376 447 2448 507 V.

514 596 698 688 igne,
742 613 804 669 et
834 602 961 671 alia
991 600 1290 690 quaedam
1320 605 1754 673 instrumenta
1794 606 2065 692 physica

513 718 896 804 disponunt,
968 741 1117 808 quae
1176 741 1306 787 non
1373 721 1705 808 attingunt
1760 721 2062 788 effectum

513 857 734 903 causae
776 837 1179 925 principalis,
1214 839 1327 906 sed
1369 839 1736 926 producunt
1782 838 2064 927 aliquam

515 957 791 1021 formam
836 956 1141 1038 mediam,
1177 978 1325 1044 qnae
1358 958 1705 1025 necessitat
1728 959 1804 1025 ad
1851 975 2061 1046 poste-

518 1070 784 1137 riorem.
839 1074 907 1137 Id
965 1085 1182 1139 autem
1225 1072 1508 1140 declarat
1572 1076 1789 1159 infra,
1835 1075 2059 1145 dicens

518 1186 693 1275 quod
757 1190 1265 1255 Sacramentum
1338 1211 1474 1256 non
1555 1194 1642 1257 sit
1708 1192 2059 1279 dispositio

512 1304 795 1393 (supple
822 1304 1058 1385 activa,
1104 1305 1183 1373 de
1222 1328 1349 1394 qua
1379 1307 1719 1396 loquitur)
1765 1330 1885 1394 per
1913 1310 2063 1393 for-

518 1441 697 1486 mam
752 1421 1189 1487 intrinsecam
1255 1422 1552 1509 (supple
1619 1424 1961 1510 physicam
2038 1424 2060 1508 )

513 1548 897 1603 causantem
954 1540 1334 1618 terminum,
1396 1537 1513 1604 sed
1576 1561 1661 1603 ea:
1709 1539 1835 1605 Dei
1898 1541 2062 1605 assi-

511 1653 782 1730 stentia,
835 1654 950 1739 qui
979 1653 1309 1739 disposuit
1349 1653 1431 1718 de
1457 1656 1757 1739 potentia
1797 1666 1857 1719 et
1925 1655 2062 1740 leye

510 1769 873 1834 ordinaria
1033 1770 1426 1854 suscipienti
1556 1771 2064 1835 Sacramentum

513 1884 802 1973 (supple
865 1883 1080 1950 debite
1126 1886 1151 1971 )
1236 1886 1546 1969 conferre
1602 1888 1909 1971 effectum
1977 1887 2065 1950 si-

514 2013 793 2088 qnalum
822 2021 945 2087 per
976 2002 1481 2066 Sacramentum
1503 2053 1517 2066 .

274 2145 355 2194 72.
602 2119 909 2205 Majorem
944 2118 1174 2203 probat
1194 2117 1538 2204 exemplis,
1565 2139 1738 2205 quae,
1773 2138 1856 2184 ex
1885 2139 2063 2186 com-

210 2206 448 2335 Z‘ss3ffl220
515 2233 700 2298 muni
773 2253 1126 2312 consensu,
1219 2232 1529 2300 dicuntur
1596 2233 1681 2300 ita
1721 2234 1942 2300 reduci
1982 2235 2061 2301 ad

510 2368 774 2415 causam
855 2348 1272 2427 efficientem,
1320 2351 1625 2435 quamvis
1668 2351 1732 2415 in
1799 2371 1872 2416 se
1930 2351 2060 2417 sint

511 2464 977 2552 dispositiones
1010 2463 1429 2531 immediatae.
1477 2466 1765 2531 Primum
1795 2476 1893 2531 est
1928 2487 2063 2532 me-

513 2582 624 2648 riti
686 2593 984 2668 respectu
1046 2580 1325 2667 praemii.
1408 2581 1777 2647 Secundum
1846 2594 2060 2649 motus

242 2757 391 2807 Ratio
513 2711 816 2784 respectu
884 2698 1175 2765 termini.
1217 2699 1503 2766 Tertium
1551 2710 1650 2765 est
1697 2721 1778 2766 ex
1844 2700 2059 2787 opini-

190 2836 219 2869 ι
251 2819 436 2884 primi.
513 2836 642 2881 one
679 2815 1095 2900 antiquorum
1137 2828 1201 2882 et
1232 2820 1304 2884 D.
1370 2817 1663 2896 Thomoe,
1708 2837 1903 2903 quam
1953 2838 2060 2885 su-

513 2954 632 3019 pra
714 2932 1181 3019 impugnavit;
1255 2944 1482 3020 estque
1532 2933 1695 2999 ratio
1744 2955 1775 3000 a
1827 2933 2051 3020 priori,

505 3050 670 3139 quia
733 3069 927 3117 causa
1008 3048 1248 3136 prioris
1308 3069 1436 3116 non
1497 3063 1591 3118 est
1661 3071 1855 3118 causa
1945 3073 2056 3139 po-

507 3167 834 3244 sterioriS,
899 3165 1027 3232 nisi
1085 3165 1374 3233 medium
1406 3166 1490 3233 sit
1520 3187 1715 3234 causa
1745 3167 1945 3246 tertii,
1991 3179 2056 3233 et

506 3285 636 3351 hoc
669 3283 889 3371 aliquo
936 3282 1126 3349 modo
1167 3283 1234 3349 in
1266 3286 1491 3349 eodem
1537 3303 1781 3369 genere
1811 3304 2051 3350 causae.

504 3400 634 3467 Sed
675 3419 950 3466 causans
980 3397 1479 3486 dispositionem
1560 3399 1925 3486 proximam
1974 3399 2055 3466 ad

509 3515 813 3595 formam,
879 3513 1235 3581 secundum
1288 3519 1596 3582 Doctores
1635 3514 1868 3583 citatos
1907 3536 2056 3581 cau-

510 3646 616 3699 sat
691 3631 1017 3711 effective,
1107 3631 1256 3718 quia
1296 3631 1392 3699 sic
1429 3644 1770 3718 exponunt
1848 3652 2056 3698 sacra-

511 3761 729 3816 menta
752 3769 1021 3815 causare
1042 3749 1507 3828 characterem,
1547 3760 1660 3814 aut
1723 3759 2050 3826 ornatum,

509 3864 625 3953 qui
677 3877 832 3930 sunt
914 3863 1376 3950 dispositiones
1438 3863 1909 3930 necessitantes
1972 3863 2053 3930 ad

507 3978 818 4066 gratiam,
898 3999 973 4044 ac
1039 3978 1315 4064 proinde
1382 3998 1652 4045 causare
1716 3978 2053 4065 gratiam;

508 4119 673 4185 ergo
721 4097 918 4163 etiam
987 4096 1127 4183 ipsa
1166 4096 1509 4183 dispositio
1543 4096 1607 4161 in
1631 4118 1873 4183 genere
1905 4117 2055 4162 cau-

503 4234 602 4280 sae
650 4213 1021 4293 efficientiS‚
1076 4225 1297 4280 causat
1333 4211 1614 4298 gratiam
1686 4212 2051 4279 secundum

502 4330 704 4415 ipsos

592 4447 700 4513 Sic
728 4447 922 4513 etiam
948 4445 1015 4512 in
1047 4446 1368 4514 sententia
1402 4451 1480 4513 D.
1524 4446 1816 4524 Thomae,
1849 4458 1919 4511 ut
1950 4466 2059 4533 pa-

497 4575 593 4630 tet
630 4583 713 4629 ex
754 4562 962 4648 prima
992 4563 1356 4649 quaestione
1386 4562 1614 4649 hujuS,
1686 4581 1883 4627 causa
1952 4561 2057 4626 in-

496 4679 957 4748 strumentalis
1024 4679 1221 4744 habet
1254 4700 1336 4745 ex
1373 4676 1636 4764 propria
1668 4678 1872 4743 forma
1902 4678 2060 4743 acti·

502 4818 698 4864 onem
742 4795 1084 4884 praeviam,
1154 4815 1280 4881 qua
1328 4795 1617 4882 disponit
1663 4795 1742 4862 ad
1783 4796 2058 4862 formam

499 4927 567 4979 et
605 4913 912 4979 effectum
962 4933 1178 4978 causae
1220 4911 1634 4998 principalis;
1668 4911 1822 4977 hinc
1866 4924 2061 4997 negat

501 5042 870 5095 creaturam
948 5048 1143 5115 agere
1209 5049 1401 5114 posse
1474 5027 2061 5094 instrumentaliter

501 5144 587 5211 ad
616 5145 921 5212 effectum
983 5144 1357 5223 creationis,
1410 5145 1560 5231 quia
1594 5143 1757 5209 nihil
1817 5165 2059 5231 suppo-

504 5263 706 5342 nitur,
744 5262 919 5351 quod
960 5262 1055 5328 sic
1084 5261 1340 5348 disponi
1376 5274 1586 5348 potest
1644 5283 1759 5347 per
1810 5263 2058 5329 instru-

504 5391 827 5447 mentum.
894 5382 1247 5464 Receptum
1308 5390 1405 5444 est
1445 5378 1638 5444 etiam
1708 5379 1771 5443 in
1832 5379 2056 5446 schola

504 5497 865 5563 D.Thomae
896 5495 1170 5561 formam
1192 5493 1950 5572 contrariam,inductam
1974 5496 2054 5561 ab

507 5628 770 5702 agente,
843 5610 1172 5699 expellere
1236 5609 1455 5691 aliam,
1503 5629 1633 5676 non
1675 5609 2055 5692 formaliter,

3597 441 3704 503 181

2179 606 2294 674 sed
2363 606 2744 687 efficienter,
2811 606 2953 673 ideo
3029 608 3223 672 Sotus
3298 604 3718 691 reprehendit

2176 724 2575 790 contrarium
2609 724 2674 790 in
2726 736 2948 791 nostro
2981 727 3274 790 Doctore.

2261 841 2594 907 Sententia
2640 861 2798 927 ergo
2841 841 3130 906 Doctoris
3170 852 3289 918 est,
3333 841 3717 906 Sacramen-
3827 873 3961 923 Vera

2174 970 2262 1038 ta,
2299 969 2368 1023 ut
2434 959 2675 1024 hahent
2740 959 3220 1025 institutionem
3261 957 3554 1024 divinam
3595 977 3707 1023 an·
3759 932 4059 1048 ξζὲξζξξξξ

2172 1094 2431 1152 nexam,
2503 1094 2772 1141 causare
2836 1074 3139 1160 gratiam,
3194 1087 3257 1139 et
3313 1085 3508 1158 patet,
3561 1073 3711 1161 quia
3777 1064 4024 1174 „gffflffffr-

2172 1189 2498 1268 voluntaS,
2555 1210 2682 1276 qua
2725 1193 2890 1255 Deus
2943 1190 3225 1256 instituit
3268 1191 3707 1271 Sacramenta,

2174 1313 2246 1366 ut
2284 1300 2474 1387 signa
2516 1300 2795 1386 practica
2835 1312 2899 1366 et
2927 1313 3125 1381 certa,
3171 1301 3445 1368 includit
3477 1302 3720 1368 virtute

2173 1415 2578 1482 voluntatem
2619 1419 3021 1483 causativam
3064 1417 3352 1503 signati;
3397 1440 3560 1505 ,ergo
3598 1421 3717 1485 Sa-

2174 1543 2528 1612 cramenta,
2576 1544 2648 1598 ut
2695 1531 3038 1600 includunt
3068 1532 3244 1599 illam
3286 1533 3713 1614 voluntatem,

2176 1648 2519 1715 includunt
2585 1648 2780 1716 etiam
2816 1649 3173 1715 voluntatis
3233 1650 3573 1737 sequentis
3623 1651 3715 1717 ef-

2175 1766 2415 1832 fectum
2465 1778 2529 1832 et
2584 1767 2905 1834 actionem
2966 1790 3047 1834 ex
3087 1768 3311 1834 divina
3385 1768 3718 1855 dispositi-

2172 1898 2319 1946 one.
2366 1879 2490 1947 Sed
2540 1882 2978 1959 Sacramenta,
3018 1893 3087 1948 ut
3127 1882 3370 1948 habent
3397 1884 3717 1952 rationem

2175 1995 2620 2075 instrumenti,
2674 2008 2735 2063 et
2770 2009 2840 2063 ut
2869 1997 3111 2063 habent
3141 1997 3457 2066 rationem
3499 1999 3717 2088 dispo-

2172 2112 2429 2179 sitionis
2463 2112 2918 2179 necessitantis
2950 2114 3028 2180 ad
3051 2115 3354 2200 gratiam,
3384 2116 3724 2183 includunt

2176 2230 2350 2296 illam
2393 2229 2815 2311 voluntatem,
2856 2230 3007 2320 quia
3038 2232 3106 2297 in
3147 2254 3281 2298 esse
3311 2233 3403 2299 rei
3456 2233 3602 2300 talis
3632 2235 3723 2301 ef-

2174 2345 2397 2412 ficacia
2436 2346 2532 2412 eis
2593 2366 2720 2412 non
2777 2347 3089 2433 competit
3133 2372 3148 2427 ;
3192 2369 3351 2435 ergo
3380 2362 3557 2415 recte
3605 2372 3723 2438 per

2175 2464 2300 2530 hoc
2347 2463 2703 2549 explicatur
2742 2485 2967 2530 eorum
3000 2463 3313 2534 efficacia.
3353 2469 3432 2533 Ut
3480 2466 3720 2534 clarius

2171 2588 2392 2644 autem
2435 2578 2498 2644 id
2541 2578 2651 2645 liat
2715 2579 3114 2647 adducemus
3153 2581 3715 2668 impugnationem

2172 2694 2630 2779 quorumdam,
2676 2694 2787 2782 qui
2828 2696 3001 2761 hunc
3042 2695 3305 2762 modum
3348 2698 3712 2783 explicandi

2169 2810 2613 2877 causalitatem
2689 2814 3255 2880 sacramentorum
3296 2814 3695 2900 improbant.
3855 2872 3939 2922 73.

2257 2936 2548 3021 vasquez
2578 2934 3030 3021 disputatione
3085 2938 3288 3002 citata
3319 2937 3410 3003 ad
3446 2940 3707 3005 conclu·
3766 2933 4019 3048 xfflngss

2165 3051 2422 3115 sionem
2455 3052 2908 3138 principalem
2956 3075 3101 3140 cap.
3154 3059 3213 3122 1.
3274 3055 3499 3143 objicit
3537 3057 3707 3143 quod
3874 3014 3941 3063 qu
4012 3035 4024 3048 ⁶

2167 3167 2513 3253 dispositio
2579 3169 2892 3236 consistat
2952 3171 3018 3235 in
3100 3173 3353 3240 actibus
3405 3176 3711 3242 humanis

2167 3284 2614 3371 suscipientiS,
2652 3299 3060 3354 sacramenta
3109 3287 3175 3353 in
3217 3290 3412 3355 rebus
3465 3301 3529 3356 et
3566 3311 3714 3357 ver-

2167 3401 2269 3468 bis
2298 3401 2705 3481 consistunt;
2760 3423 2918 3489 ergo
2961 3423 3089 3470 non
3130 3418 3288 3472 sunt
3338 3407 3708 3493 dispositio,

2166 3517 2624 3604 Respondetur
2664 3519 2860 3586 nimis
2901 3511 3125 3589 'stricte
3171 3525 3339 3591 sumi
3381 3523 3715 3610 dispositi·
3772 3512 4017 3566 Solvitur.

2166 3656 2357 3700 onem
2387 3634 2468 3699 ab
2509 3635 2632 3700 hoc
2669 3648 2958 3717 auctore,
2993 3639 3297 3724 quamvis
3328 3639 3434 3706 illa
3465 3641 3550 3707 sit
3579 3641 3717 3706 dis-

2166 3751 2401 3837 positio
2431 3763 2494 3817 et
2527 3752 2912 3838 praeparatio
2943 3753 3020 3819 ad
3046 3753 3612 3840 justificationem,
3651 3767 3721 3824 ut

2168 3866 2459 3955 procedit
2487 3869 2567 3934 ab
2597 3881 2929 3954 operante,
2970 3891 3096 3936 non
3155 3885 3372 3938 tamen
3440 3885 3539 3939 est
3592 3872 3723 3939 dis-

2169 3983 2429 4069 positi0,
2466 4004 2614 4069 quae
2644 4005 2725 4050 ex
2764 4005 2962 4072 opere
3001 3998 3268 4072 operato
3318 3988 3473 4055 facit
3500 3988 3581 4056 ad
3617 3991 3721 4078 ju-

2171 4094 2656 4162 stificationem.
2686 4099 2919 4162 Doctor
2957 4109 3174 4164 autem
3207 4098 3409 4165 sumit
3449 4101 3555 4166 hic
3583 4101 3724 4167 dis-

2166 4212 2567 4297 positionem
2598 4231 2717 4297 pro
2746 4232 2822 4278 eo
2862 4213 3034 4299 quod
3074 4225 3174 4280 est
3223 4215 3403 4301 prius
3436 4217 3723 4282 necessi-

2170 4338 2319 4394 tans
2359 4327 2436 4393 ad
2481 4326 2783 4407 formam,
2817 4349 2947 4416 quo
2987 4350 3184 4396 sensu
3228 4330 3607 4417 Philosophi
3655 4343 3719 4397 et

2170 4453 2666 4530 auctoi²eS,quos
2725 4464 2840 4529 pro
2872 4445 3169 4531 opposita
3235 4447 3558 4513 sententia
3611 4447 3718 4515 ad-

2175 4556 2376 4636 ducit,
2425 4556 2806 4643 loquuntur.
2849 4563 2927 4624 Et
2966 4572 3141 4626 certe
3180 4560 3527 4646 dispositio
3580 4564 3713 4645 illa,

2172 4694 2368 4761 quam
2411 4673 2690 4740 intendit
2753 4678 3073 4762 Vasquez,
3126 4689 3226 4742 est
3264 4688 3514 4745 tantum
3585 4681 3712 4747 dis-

2174 4786 2410 4874 positio
2477 4808 2558 4853 ex
2597 4787 3008 4855 ordinatione
3081 4789 3328 4870 divina,
3391 4806 3713 4879 quatenus

2173 4908 2341 4970 Deus
2393 4916 2682 4989 acceptat
2739 4917 2802 4970 et
2832 4905 3184 4985 ordinavit,
3249 4908 3434 4975 verbi
3473 4911 3704 4996 gratia,

2173 5020 2623 5106 poenitentiam
2647 5021 2875 5097 adulti,
2901 5035 3251 5111 antequam
3277 5025 3335 5091 ei
3353 5027 3709 5096 remitteret

2174 5148 2510 5221 peccatum
2550 5160 2563 5216 ;
2607 5157 2765 5224 ergo
2805 5139 3003 5205 etiam
3070 5140 3296 5208 eadem
3322 5144 3714 5231 proprietate

2174 5251 2457 5339 receptio
2487 5255 2887 5320 Sacramenti
2921 5276 3001 5321 ex
3032 5256 3446 5326 ordinatione
3490 5258 3712 5328 divina

2173 5369 2453 5435 instituti
2485 5391 2600 5457 per
2632 5371 2893 5438 modum
2953 5373 3374 5443 instrumenti
3405 5391 3467 5442 et
3497 5399 3714 5445 causae

2165 5483 2677 5571 justificationis,
2749 5489 2967 5556 vocari
3044 5502 3257 5582 postest
3340 5492 3706 5579 dispositi0‚

2172 5629 2380 5698 eoque
2422 5612 2633 5700 magis
2700 5633 2829 5702 quo
2893 5613 3104 5702 magis
3180 5627 3356 5683 certo
3395 5616 3589 5684 infert
3646 5630 3712 5686 et

3758 4877 4032 4943 Dispositio

3791 4957 3852 4989 ex
3907 4941 3999 4992 Dei

3763 5004 4038 5055 voluntate.
