4287 6313
1683 359 1905 423 'DIS'R
1950 356 2048 421 ln.
2096 353 2457 436 QUAES'rlo
2516 359 2593 426 11.
2664 357 2669 364 ’

483 540 756 590 sensum
806 524 1171 605 recipiendi
1254 525 1658 588 sacramenti
1699 523 1879 601 quod
1930 524 2042 585 Ec·

487 641 684 705 clesia
747 642 1089 716 ministrat,
1120 639 1242 704 sed
1286 640 1368 703 ab
1412 639 1724 703 Ecclesia.

560 756 746 822 Unde
776 757 1001 821 infine
1032 760 1123 820 sic
1175 757 1398 821 subdit
1431 777 1444 817 :
1479 759 1814 822 Mundatio
1842 763 2046 837 ἱρέων

481 894 894 957 nequaquam
937 877 1120 954 fluxo
1151 884 1207 941 et
1253 876 1446 941 labili
1483 878 1879 940 tribueretur
1921 881 2041 941 ete·

450 998 714 1066 ,mentm
781 996 910 1056 nesi
957 996 1309 1055 adderetur
1348 995 1416 1055 in
1465 995 1673 1056 verbe.
1724 998 1853 1056 Hoc
1899 1011 2042 1055 ver-

484 1110 637 1170 bum
666 1110 827 1186 fidei
847 1114 1099 1172 tantum
1139 1110 1315 1172 valet
1357 1112 1426 1171 in
1456 1110 1736 1173 Ecclesia
1782 1112 1923 1181 Dei,
1971 1117 2042 1171 ut

482 1240 600 1303 per
628 1225 847 1303 ipsum
893 1229 1278 1297 credentem,
1333 1225 1726 1301 offerentem,
1776 1226 2039 1287 benedi-

489 1349 749 1419 centem,
785 1345 1129 1420 tinyentem
1158 1346 1356 1404 etiam
1396 1344 1732 1404 tantillum
1779 1342 2039 1404 mundet

490 1460 825 1538 infantem,
856 1460 1152 1536 quamvis
1179 1461 1473 1521 nondum
1502 1458 1815 1520 valentem
1848 1460 2039 1520 corde

489 1578 751 1640 credere
795 1577 885 1638 ad
915 1575 1278 1654 justitiam,
1321 1582 1432 1636 aut
1481 1591 1594 1635 ore
1636 1574 1927 1651 confiteri
1953 1579 2042 1639 ad

482 1697 781 1768 salutem,
837 1698 965 1756 etc.
1007 1690 1192 1757 Unde
1242 1692 1609 1769 Baptismus
1662 1698 1765 1755 est
1806 1694 2038 1754 Sacra·

485 1817 778 1876 mentum
820 1808 995 1882 fidei,
1049 1815 1115 1872 et
1159 1809 1226 1871 in
1270 1808 1413 1887 ejus
1472 1805 1680 1871 forma
1725 1809 2039 1884 exprimi-

487 1933 591 1992 tur
620 1927 930 1990 articulus
973 1925 1342 2004 primariuS,
1399 1928 1468 1986 et
1519 1924 1859 2005 objectum
1903 1926 2033 1988 for-

489 2047 657 2110 male
703 2033 880 2119 fidei,
931 2040 1087 2105 inde
1128 2041 1343 2105 forma
1385 2043 1528 2121 ipsa
1571 2049 1751 2105 recte
1803 2044 2035 2107 dicitur

489 2162 753 2222 verbum
777 2161 953 2237 fidei,
985 2160 1066 2221 ab
1106 2161 1496 2240 Augustino,
1548 2160 1774 2223 Ultima
1813 2166 2035 2223 autem

493 2278 692 2338 verba
724 2276 917 2338 citata
966 2257 1314 2338 destruunt
1362 2275 1853 2338 conclusionem
1899 2275 2038 2338 Cal·

181 2370 420 2483 Cainnas
490 2395 641 2467 vini,
690 2410 821 2473 qua
850 2395 987 2457 vult
1016 2381 1764 2472 celebrari'Baptismum
1798 2410 1881 2455 ex
1908 2393 2033 2455 hac

181 2499 406 2574 *⁰8⁰⁸P·
487 2512 875 2574 auctoritate
918 2510 1285 2591 Augustini,
1313 2511 1379 2572 in
1436 2511 1641 2573 verbo
1691 2513 2035 2574 conciona-

491 2629 677 2700 tori0,
712 2629 981 2690 extante
1011 2624 1234 2701 fidem,
1271 2643 1420 2688 cum
1452 2629 1520 2689 in
1558 2625 1806 2689 infante
1857 2626 2035 2688 nulla

486 2743 692 2821 possit
738 2759 887 2805 esse
940 2741 1156 2815 fides;
1213 2741 1522 2805 virtutem
1578 2740 1945 2804 mundandi
1999 2760 2035 2804 a

487 2861 760 2936 peccato
812 2861 1114 2938 originali
1164 2860 1388 2923 tribuit
1443 2861 1849 2941 Augustinus
1914 2859 2038 2937 ipsi

490 2978 717 3050 verbo,
751 2974 932 3055 quod
959 2979 1208 3055 nequit·
1243 2993 1392 3039 esse
1448 2979 2033 3049 concionatorium,

490 3094 643 3172 quia
673 3093 908 3155 saltem
937 3092 1094 3155 nihil
1123 3093 1190 3154 in
1216 3090 1467 3156 infante
1496 3094 1694 3156 valet.

151 3257 454 3310 Annelmus.
575 3218 781 3292 Unde,
812 3225 885 3282 ut
913 3223 1098 3282 notat
1142 3217 1319 3282 bene
1359 3221 1707 3283 Anselmus
1764 3222 1833 3282 in
1860 3224 1917 3284 l.
1945 3222 2034 3284 ad

164 3320 435 3447 Βηὲῐῑυξῑῦῑ
496 3337 858 3399 Corinthios
920 3339 972 3398 l.
1027 3336 1266 3397 multos
1334 3352 1482 3398 esse
1537 3336 1870 3399 ministros
1917 3338 2037 3398 Sa-

136 3449 455 3560 0332?ssss
495 3453 831 3523 eramenti,
869 3454 978 3531 qui
1023 3467 1155 3512 non
1184 3455 1339 3513 sunt
1366 3448 1588 3517 idonei
1646 3452 1731 3514 ad
1776 3456 2037 3517 concio-

137 3568 456 3699 ffiffnognl'gs·
490 3568 804 3638 nandum,
863 3565 1042 3647 quod
1087 3571 1365 3631 maxime
1422 3573 1696 3647 apparet
1756 3570 1820 3630 in
1880 3585 2035 3632 casu

173 3695 386 3761 scripta.
488 3683 921 3757 necessitatiS,
952 3684 1064 3746 ubi
1108 3683 1474 3760 baptizatur
1515 3681 1730 3745 infans
1790 3685 1871 3747 ab
1914 3684 2033 3746 ob-

480 3800 874 3866 stetricibus.
907 3798 1277 3861 Ambrosius
1348 3795 1632 3861 advertit
1677 3799 1876 3861 etiam
1920 3802 2031 3863 Sa-

479 3921 887 3978 cramentum
938 3914 1160 3993 perfici
1202 3916 1425 3977 verbis
1480 3915 1916 3989 solemnibuS,
1963 3920 2033 3978 et

473 4031 740 4094 Petrum
777 4030 959 4109 prius
1003 4030 1309 4093 docuisse
1336 4029 1732 4105 Cornelium,
1789 4046 2029 4110 praece-

474 4147 649 4226 pisse
701 4163 874 4221 mox,
944 4150 1020 4208 ut
1074 4166 1112 4211 a
1173 4146 1478 4209 ministris
1559 4146 2021 4225 baptizaretur.

470 4262 709 4324 Paulus
757 4261 979 4325 docuit
1047 4260 1436 4333 Corinthios,
1499 4260 1621 4324 sed
1682 4261 2020 4324 neminem

471 4376 839 4455 baptizavit,
889 4378 1041 4456 quia
1101 4378 1554 4453 evangelizare
1613 4378 1849 4439 missus
1893 4384 2017 4453 est,

473 4501 543 4557 et
568 4510 703 4557 non
731 4495 1087 4573 baptizare.

161 2242 449 2309 Redargui-

252 2314 341 2358 tur

1059 4746 1456 4805 scHoLluM.

3580 362 3700 428 287

2248 523 2362 594 De
2465 522 2811 596 secundo
2878 523 2975 615 (c)
3059 524 3483 598 videndum
3541 529 3691 607 est,
3870 553 3954 625 5.,

2157 657 2333 730 quae
2386 625 2636 710 verba
2695 637 2858 712 sint
2907 640 3175 712 forma
3214 639 3374 713 isto
3433 639 3692 712 modo.
3749 614 4019 745 dssssffgss„

2151 753 2303 826 Ubi
2337 754 2744 826 sciendum
2786 759 2936 838 est,
2991 756 3198 848 quod
3255 756 3337 830 in
3407 758 3696 830 Sacra·
3772 756 3993 792 m·

3822 819 3956 855 num

2158 870 2451 943 mentis
2544 875 2669 945 est
2745 871 3048 963 aliquid
3139 873 3693 946 necessarium
3748 865 4020 986 ῑξηξζξζξ·

2156 984 2665 1078 simpliciter,
2724 987 3037 1062 scilicet
3103 1009 3201 1061 ex
3252 993 3487 1082 parte
3556 993 3694 1063 Sa-

2156 1101 2582 1185 cramenti,
2631 1124 2782 1196 quo
2820 1104 3130 1179 scilicet
3161 1124 3320 1178 non
3351 1105 3696 1178 existen-

2155 1220 2258 1297 te,
2315 1219 2642 1292 omnino
2675 1240 2837 1292 non
2876 1223 2997 1294 est
3041 1224 3686 1296 Sacramentum.

2152 1333 2471 1426 Aliquid
2539 1340 2662 1410 est
2713 1338 3264 1411 necessarium
3336 1337 3701 1431 aliquali-

2155 1453 2306 1532 ter,
2337 1451 2649 1526 scilicet
2681 1473 2779 1524 ex
2811 1458 3047 1547 parte
3092 1454 3473 1536 ministri,
3530 1455 3701 1528 sine

2158 1585 2311 1657 quo
2384 1566 2760 1642 minister
2805 1569 3336 1661 dispensando
3416 1573 3701 1646 Sacra-

2156 1684 2541 1765 mentum,
2596 1702 2758 1755 non
2839 1689 3111 1778 potest
3184 1685 3449 1760 vitare
3526 1708 3702 1781 pec-

2154 1801 2457 1871 catum.

2243 1915 2324 1987 Si
2372 1918 2794 2007 quaeratur
2848 1916 2940 1989 de
3016 1918 3284 1991 forma
3350 1920 3696 1994 secundo

2155 2031 2387 2103 modo
2446 2033 2943 2120 necessaria,
2996 2034 3145 2107 hoc
3213 2040 3360 2118 est,
3404 2037 3495 2110 de
3540 2036 3703 2110 for-

2154 2165 2290 2217 ma
2356 2150 2821 2222 necessario
2877 2150 3374 2225 observanda
3430 2172 3478 2225 a
3555 2153 3702 2226 mi-

2150 2262 2444 2347 nistro,
2492 2265 2668 2340 dico
2722 2269 2930 2360 quod
2964 2268 3043 2341 in
3101 2272 3278 2344 tota
3335 2270 3704 2345 Ecclesia

2149 2379 2523 2454 Romana
2603 2379 2870 2456 forma
2960 2386 3430 2460 necessaria
3520 2386 3695 2461 haec

2147 2500 2297 2580 est,
2341 2497 2432 2569 de
2472 2518 2628 2590 qua
2670 2502 3094 2592 quaeritur,
3133 2503 3404 2577 forma
3435 2523 3699 2577 neces-

2151 2613 2377 2685 saria
2426 2615 2739 2691 scilicet
2784 2618 3195 2704 ministro,
3249 2624 3326 2694 et
3380 2620 3530 2695 hoc
3585 2621 3697 2694 lo·

2151 2730 2455 2820 quendo
2488 2731 2579 2803 de
2625 2731 3031 2818 ministro,
3094 2735 3221 2809 cui
3301 2738 3695 2831 competit

2146 2865 2245 2916 ex
2289 2843 2552 2919 officio
2592 2846 3034 2940 baptizare.
3110 2852 3302 2934 Quis
3353 2854 3459 2926 sit
3527 2854 3690 2939 ille,

2146 2958 2462 3033 dicetur
2500 2964 2798 3034 distinct.
2843 2968 2909 3039 5.
2964 2986 3152 3039 nam
3224 2966 3471 3042 istum
3531 2991 3690 3046 non

2147 3081 2419 3170 potest
2468 3077 2935 3171 ignorantia
2992 3104 3414 3170 excusare,
3505 3088 3696 3182 quia

2147 3196 2473 3268 tenetur
2560 3197 2771 3270 scire
2827 3198 2967 3272 illa
3044 3222 3220 3293 quae
3314 3207 3497 3277 sunt
3571 3206 3694 3279 sui

2147 3308 2419 3393 officii,
2492 3311 2588 3383 ad
2641 3315 2846 3404 quod
2878 3315 3337 3410 deputatur.
3403 3321 3698 3394 Proba-

2147 3432 2307 3511 tur,
2336 3434 2516 3522 quia
2540 3432 2870 3524 quilibet
2915 3433 3293 3511 minister
3325 3438 3405 3510 in
3428 3440 3696 3513 Eccle-

2146 3542 2267 3615 sia
2321 3544 2694 3619 Romana
2737 3551 3061 3623 tenetur
3099 3553 3564 3628 necessario
3610 3555 3699 3628 il-

2146 3657 2309 3731 lam
2368 3660 2716 3735 formam
2766 3685 3125 3751 servare,
3182 3689 3419 3762 quam
3498 3671 3688 3745 talis

2145 3776 2511 3850 Ecclesia
2578 3778 2967 3871 imposuit
3048 3784 3489 3870 ministris;
3556 3788 3696 3860 hu-

2138 3890 2498 3983 Jusmodi
2539 3896 2664 3967 est
2708 3894 2893 3978 ista,
2927 3897 3019 3969 de
3052 3919 3207 3990 qua
3263 3902 3685 3993 quaeritur,

2145 4012 2231 4082 ut
2282 4014 2500 4102 patet
2543 4015 2825 4082 Εωιναυ.
2874 4014 2955 4087 in
2995 4019 3432 4108 arguendO,
3480 4020 3692 4095 scili-

2141 4131 2269 4199 cet
2310 4126 2407 4198 ad
2456 4129 2922 4221 oppositum
2964 4132 3045 4204 in
3077 4133 3217 4207 illo
3270 4136 3627 4229 capitulo
3664 4162 3679 4208 z

2138 4244 2220 4309 Si
2249 4245 2426 4330 quis.

2225 4359 2308 4432 Si
2363 4379 2681 4450 quaeras
2731 4362 2821 4434 de
2872 4363 3143 4438 forma
3182 4367 3281 4458 (d)
3312 4388 3686 4444 necessa-

2137 4472 2264 4545 ria
2355 4474 2736 4550 ministro
2807 4481 3014 4570 apud
3088 4484 3438 4566 Graecos,
3518 4487 3676 4561 dici

2134 4591 2407 4681 potest
2485 4594 2692 4684 quod
2769 4598 3159 4686 quantum
3258 4601 3355 4673 ad
3411 4602 3685 4696 aliqua

2131 4706 2406 4789 verba,
2486 4727 2644 4781 non
2691 4711 3175 4806 principalia
3227 4715 3310 4790 in
3377 4718 3669 4805 forma,

2133 4821 2448 4897 scilicet
2564 4825 2727 4908 illa,
2809 4828 3093 4921 quibus
3179 4833 3677 4926 exprimitur

545 4946 631 5002 De
666 4944 1037 5002 necessitate
1067 4945 1367 5015 praecepti
1426 4944 1688 5000 formam
1753 4957 2020 5000 consue·
2133 4940 2612 5033 suscipiens,
2655 4946 2736 5017 et
2767 4948 3021 5029 actus,
3068 4947 3237 5022 sive
3272 4950 3672 5037 minister,

469 5050 599 5102 tam
632 5043 923 5115 Baptismi
954 5056 1086 5098 esse
1117 5043 1561 5110 necessariam,
1588 5057 1700 5098 nec
1756 5039 2013 5098 ordina·
2130 5055 2497 5130 Ecclesia
2579 5061 2861 5134 Graeca
2962 5065 3430 5160 quandoque
3512 5090 3673 5145 non

472 5158 638 5298 ζεῖ
671 5141 2019 5305 3113133230253025321sistrum
2125 5169 2776 5301 y0101tf0rmam
2827 5179 3071 5308 isam

461 5340 630 5411 juste
669 5339 734 5395 in
765 5354 837 5396 ea
867 5352 989 5396 non
1042 5337 1314 5409 exprimi
1354 5351 1680 5409 personam
1712 5320 2011 5405 ministri,
2115 5308 2255 5379 Jus
2297 5307 2627 5419 oausajm
2686 5296 2950 5387 tanglt
3012 5298 3454 5392 APOStOIUS
3512 5307 3673 5398 Pl’i·

469 5454 585 5496 nec
623 5441 906 5497 constare
935 5437 1098 5509 quod
1148 5451 1262 5493 nec
1312 5435 1491 5495 modo
1544 5435 1712 5509 apud
1769 5452 1874 5494 eos
1931 5438 2013 5495 sit
2126 5424 2277 5476 mae
2344 5407 2710 5482 Gormth·
2761 5414 2820 5481 1·
2853 5416 2987 5482 HOC
3022 5429 3242 5487 autem
3286 5421 3459 5504 dim·
3494 5426 3670 5511 quod

469 5538 669 5598 nom,
2119 5526 2567 5613 unusquisque
2640 5538 2927 5599 vestrum
2972 5532 3158 5618 dicit,
3230 5558 3348 5625 eqo
3403 5539 3668 5627 quidem

3702 5388 3875 5447 Quare
3885 5386 4019 5452 apud

3750 5449 3957 5562 αἱῗὲο·
