4287 6313
518 369 666 443 568,

523 535 801 611 stantia;
836 540 901 600 in
946 539 1250 617 sequenti
1298 537 1381 598 de
1438 537 1750 617 qualitate
1803 534 2064 596 disseri-

531 657 655 725 tur,
690 649 822 713 'seu
872 653 954 714 de
998 653 1195 715 modo
1250 654 1423 733 ejus,

605 767 954 847 Distinguit
1024 773 1262 831 Doctor
1319 767 1508 841 infra,
1567 769 1604 848 S
1669 773 1797 830 lloo
1856 775 2072 829 autem

524 886 915 947 rationabile
974 894 1084 961 est,
1154 892 1277 949 etc.
1351 887 1788 949 intentionem
1849 888 2071 948 huma·

529 1014 681 1059 nam
750 1005 1062 1075 respectu
1105 1000 1444 1062 ministerii
1511 999 1913 1062 sacramenti
1959 1000 2077 1061 du-

532 1111 790 1190 plicem.
855 1115 1082 1185 Aliam,
1137 1129 1266 1192 qua
1337 1118 1513 1175 esset
1573 1116 1740 1175 actio
1805 1114 2075 1193 quidem

533 1227 762 1302 libera,
820 1229 941 1291 sed
1002 1245 1132 1290 non
1195 1230 1551 1292 formaliter
1612 1248 1770 1291 usus
1841 1233 2063 1292 Sacra-

532 1346 762 1420 menti‚
833 1362 962 1424 qua
1039 1348 1531 1409 Sacramentum
1611 1351 1733 1420 est,
1804 1346 1873 1408 id
1951 1352 2072 1418 est,

531 1463 918 1524 caeremonia
966 1478 1175 1535 sacra,
1238 1468 1306 1524 et
1352 1464 1458 1524 ille
1502 1480 1663 1525 usus
1716 1468 1893 1524 esset
1951 1480 2078 1524 ma-

535 1578 798 1649 teriaiiS,
882 1595 1107 1641 rerum
1209 1584 1275 1641 et
1360 1581 1746 1653 verborum,
1836 1596 2077 1657 nempe

533 1695 880 1774 applicatio
961 1697 1057 1758 rei
1102 1702 1167 1758 et
1210 1696 1431 1759 formae
1481 1699 1903 1770 sacramenti,
1948 1714 2080 1759 non

535 1816 751 1873 tamen
811 1829 931 1889 per
994 1813 1266 1875 modum
1330 1815 1757 1887 sacramenti,
1817 1813 1939 1875 sed
1998 1813 2082 1874 ad

534 1927 736 1989 alium
794 1927 1018 1999 finem,
1092 1933 1162 1989 ut
1220 1928 1528 2017 irrisorie,
1608 1934 1674 1990 et
1749 1929 2080 1999 simulate,

534 2050 607 2105 ut
699 2042 1030 2121 quondam
1100 2043 1465 2105 illudebant
1520 2044 1825 2106 Ecclesiae
1871 2045 2084 2106 idolo-

537 2161 736 2232 latrae,
819 2159 923 2220 vel
985 2159 1288 2234 malefici,
1367 2167 1441 2223 ut
1504 2161 1769 2239 quando
1832 2179 1914 2224 ex
1986 2165 2080 2224 in-

538 2277 781 2338 stinctu
826 2275 1148 2338 daemonis
1197 2278 1526 2355 baptizant
1573 2279 1764 2340 bruta
1808 2278 1892 2339 ad
1927 2294 2081 2338 con-

199 2385 504 2500 lrllxtzer‘i‘gil‘i’s·
545 2398 868 2470 temptum
925 2393 1370 2466 Sacramenti;
1431 2396 1534 2456 vel
1586 2398 1637 2457 si
1691 2395 1836 2473 quis
1880 2396 2086 2480 inten-

230 2512 479 2625 goztiffiiig
545 2509 734 2571 deret
790 2510 1011 2572 dicere
1089 2509 1364 2572 formam
1420 2512 1754 2575 recitative
1810 2518 2084 2581 tantum,

546 2632 611 2687 et
661 2642 795 2688 non
852 2632 927 2688 ut
979 2633 1078 2689 est
1134 2627 1397 2707 signum
1468 2629 1844 2705 practicum.
1907 2631 2088 2690 Alius

544 2740 783 2804 modus
840 2747 959 2816 est,
1024 2743 1291 2821 quando
1344 2743 1413 2805 fit
1469 2760 1625 2806 usus
1679 2746 2088 2806 sacramenti

541 2857 919 2932 formaliter,
951 2863 1024 2919 ut
1060 2863 1162 2920 est
1193 2865 1573 2923 caeremonia
1622 2875 1830 2931 sacra,
1865 2863 2082 2922 inten-

544 2972 764 3035 dendo
816 2971 1034 3036 facere
1079 2974 1261 3054 quod
1312 2973 1463 3036 fecit
1513 2975 1825 3049 ChristuS,
1861 2983 1927 3039 et
1967 2979 2090 3038 Ec-

544 3091 738 3152 clesia
810 3109 933 3152 seu
1015 3090 1350 3154 Christiani
1436 3089 1707 3165 faciunt,
1787 3093 1923 3155 sive
2005 3109 2087 3153 ex

541 3209 905 3269 intentione
962 3209 1258 3285 speciali,
1315 3209 1450 3271 sive
1493 3226 1576 3271 ex
1634 3211 1929 3288 generali
1990 3214 2093 3273 in-

545 3323 883 3397 tentione;
959 3329 1026 3385 et
1109 3324 1190 3386 de
1267 3327 1630 3387 intentione
1688 3327 1814 3389 hoc
1891 3330 2092 3391 modo

547 3446 801 3519 sumpta
852 3445 1166 3505 Doctores
1197 3444 1302 3505 hic
1335 3444 1687 3506 disserunt.

333 3577 388 3626 2.
632 3558 916 3620 Haeretici
967 3566 1211 3638 negant
1260 3560 1435 3621 illam
1491 3561 1922 3624 intentionem
1986 3580 2096 3625 re-

203 3638 523 3753 ῗζζῗοζῑζῖ
557 3676 722 3754 quiri
771 3691 853 3737 ex
899 3675 1063 3738 falso
1108 3676 1445 3756 dogmate,
1497 3679 1648 3756 quia
1710 3685 1938 3758 putant
1986 3682 2093 3743 Sa-

557 3772 885 3854 cramenta
956 3810 1089 3856 non
1158 3809 1303 3856 esse
1377 3811 1608 3855 causas
1670 3796 1916 3873 gratiae,
1975 3795 2097 3857 sed

551 3909 764 3970 solum
822 3910 1167 3979 excitantia
1239 3913 1426 3990 signa
1480 3908 1659 3983 fidei,
1736 3911 1916 3989 quod
1978 3929 2100 3990 pe-

548 4026 734 4087 rinde
803 4028 962 4103 ipsis
1043 4027 1374 4103 competit,
1445 4027 1581 4087 sive
1634 4026 1756 4087 hoc
1814 4044 1850 4088 a
1911 4028 2098 4089 mini-

546 4147 793 4204 strante
856 4141 1258 4216 intendatur,
1324 4142 1458 4204 sive
1515 4160 1673 4214 non,
1749 4144 1903 4221 quia
1963 4145 2098 4206 hacc

547 4261 852 4321 excitatio
933 4258 1271 4335 competit‘
1312 4260 1468 4336 ipsis
1539 4276 1617 4321 ex
1682 4260 2098 4323 institutione

545 4394 663 4439 sua
719 4377 1085 4455 respective
1130 4375 1212 4436 ad
1258 4393 1436 4451 eum,
1500 4377 1611 4455 qui
1672 4376 1879 4438 fidem
1940 4394 2099 4439 con—

551 4495 771 4569 cipere
851 4495 1090 4569 potest,
1161 4490 1353 4564 sicut,
1424 4469 1507 4552 si‘
1548 4491 1919 4569 proferatur
1965 4493 2101 4554 haec

552 4609 749 4672 dictio
781 4610 994 4678 hom0‚
1029 4613 1139 4668 aut
1169 4609 1356 4669 homo
1390 4611 1619 4681 currit,
1654 4624 2098 4687 quaecumque

549 4725 633 4783 sit
690 4723 963 4784 intentio
1042 4721 1459 4799 proferentis,
1525 4724 1802 4802 perinde
1863 4730 2103 4789 excitat

553 4838 637 4900 ad
694 4842 1078 4900 memoriam
1134 4838 1373 4918 signati
1431 4839 1834 4914 audientem,
1887 4847 1954 4903 et
2001 4860 2104 4905 se-

556 4955 845 5017 cundum
890 4956 1013 5018 hoc
1059 4956 1253 5017 etiam
1327 4962 1814 5034 consequenter
1881 4957 2101 5023 dicere

555 5072 828 5143 debent,
876 5089 1001 5134 nec
1060 5090 1257 5134 usum
1312 5074 1581 5135 rationis
1639 5076 1813 5154 exigi
1855 5079 1922 5139 in
1982 5079 2096 5140 mi-

552 5190 782 5261 nistrO,
877 5187 962 5248 ad
1059 5189 1232 5250 hunc
1307 5191 1479 5251 enim
1563 5191 1872 5252 effectum
1946 5193 2099 5255 nihil

557 5303 886 5375 conducit,
936 5320 1083 5363 cum
1143 5303 1356 5365 solum
1427 5303 1809 5382 dependeat
1867 5309 1947 5368 ah
2007 5310 2104 5369 in-

557 5423 893 5483 stitutione
938 5422 1132 5499 signi,
1186 5427 1253 5482 et
1303 5424 1662 5499 capacitate
1728 5425 2098 5499 audientis;

561 5540 741 5621 quod
788 5546 1005 5602 tamen
1059 5550 1259 5623 negat
1309 5542 1665 5605 Kemnitius
1708 5546 1776 5605 in
1828 5548 2106 5607 secunda

222 1318 230 1325 Ι
247 1255 440 1326 Duplex

220 1322 450 1367 intentio.

1697 372 1838 434 ΗΒ.
1887 371 1986 432 lv.
2032 368 2628 433 SENTENTIARUM

2176 538 2367 610 parte
2434 535 2780 602 examinis.
2826 548 3081 612 negans
3129 530 3456 592 actionem
3517 538 3729 585 sacra·

2184 650 2535 711 mentalem
2609 665 2755 710 esse
2825 647 3071 710 debere
3141 643 3725 708 subsannationem

2186 768 2533 839 mimicam,
2567 771 2680 829 aut
2707 768 2946 829 lusum.
2994 767 3296 826 Errorem
3346 758 3733 839 praedictum

2188 882 2406 946 docuit
2450 884 2768 945 Lutherus
2810 885 2877 943 in
2925 882 3038 943 lib.
3087 882 3165 941 de
3209 879 3580 955 captivitate
3612 879 3732 936 Ba·

2188 1000 2504 1075 bylonica,
2566 1016 2709 1074 cap.
2755 999 2833 1059 de
2885 998 3257 1072 Baptismo,·
3302 998 3369 1055 et
3440 994 3508 1054 in
3570 992 3731 1053 arti-

2187 1116 2333 1175 culo
2386 1114 2480 1174 12.
2530 1112 2838 1174 damnato
2871 1129 2910 1173 a
2950 1114 3166 1173 Leone
3196 1110 3271 1170 X.
3319 1108 3619 1170 Calvinus
3670 1108 3733 1169 in

2190 1233 2475 1294 Antidoto
2506 1233 2595 1292 ad
2633 1246 2854 1291 canon.
2895 1231 2989 1292 ll.
3030 1227 3402 1297 Tridentini,
3447 1224 3731 1285 Tilman-
3803 1299 3804 1302 Ἴ

2191 1363 2313 1408 nus
2343 1346 2410 1405 in
2441 1345 2553 1405 lib.
2603 1347 2680 1406 de
2722 1344 3053 1406 erroribus
3105 1341 3612 1414 Pontificiorum.

2269 1464 2392 1525 Alii
2449 1465 2768 1524 Doctores
2813 1461 3142 1530 Catholici,
3199 1460 3349 1521 licet
3391 1457 3740 1519 admittant
3906 1483 3959 1531 3,
4028 1544 4038 1553 ·

2193 1595 2418 1641 sanam
2482 1579 2850 1641 doctrinam
2908 1575 2992 1638 de
3056 1575 3438 1639 intentionis
3494 1590 3732 1636 neces-
3772 1544 4074 1657 Οῗῗζξῖἲὲῗ

2192 1696 2408 1768 sitate,
2461 1684 2689 1756 tamen
2730 1694 2929 1771 aliqui
2974 1707 3125 1753 eam
3178 1691 3342 1753 dure
3386 1690 3739 1770 explicant.

2195 1813 2599 1883 Catherinus,
2683 1811 2750 1870 in
2825 1808 3146 1886 opusculo
3217 1806 3298 1869 de
3368 1806 3739 1870 intentione

2195 1928 2467 1991 ministri
2537 1928 3136 1998 Sacramentorum,
3207 1922 3359 1987 dicit
3432 1920 3737 1984 sufficere

2195 2044 2626 2107 intentionem
2702 2044 2987 2105 exterius
3070 2040 3378 2114 faciendi,
3461 2058 3541 2103 ea
3606 2056 3749 2119 quae

2196 2159 2345 2221 facit
2416 2159 2726 2232 Ecclesia,
2818 2175 3060 2236 nempe
3135 2156 3430 2233 ponendi
3511 2154 3743 2218 abluti-

2199 2294 2420 2349 onem,
2495 2282 2560 2337 et
2612 2276 2812 2337 verba
2886 2276 3130 2351 dehita,
3207 2289 3407 2352 quam
3476 2273 3751 2337 intenti-

2200 2410 2396 2455 onem
2452 2393 2680 2472 nequit
2745 2392 3221 2480 non-hahere,
3307 2390 3360 2451 si
3429 2391 3510 2452 sit
3582 2405 3754 2451 sanae

2199 2508 2459 2578 mentis,
2522 2507 2817 2584 quamvis
2886 2520 3107 2584 neque
3178 2504 3533 2565 Ecclesiam
3600 2520 3748 2567 esse

2204 2623 2449 2696 credat,
2508 2628 2620 2684 aut
2676 2621 2884 2683 ullum
2928 2622 3237 2683 effectum
3311 2622 3746 2693 Sacramenti,

2203 2757 2423 2818 neque
2462 2740 2662 2801 ullam
2695 2738 2883 2800 aliam
2934 2739 3382 2814 intentionem,
3426 2754 3570 2816 quae
3599 2755 3748 2800 cum

2203 2855 2325 2916 hac
2360 2859 2661 2916 constare
2693 2859 2934 2929 potest,
2980 2851 3244 2915 officere
3295 2854 3741 2925 sacramento,

2206 2973 2362 3049 quin
2407 2970 2804 3047 perficiatur.

2288 3086 2531 3148 Citatur
2587 3104 2704 3165 pro
2751 3087 2990 3148 eadem
3051 3087 3375 3149 sententia
3421 3088 3744 3169 AngeluS,

2205 3204 2406 3266 verbo
2465 3208 2830 3281 Baptismus
2874 3207 2934 3266 5.
2983 3221 3047 3266 n.
3099 3206 3157 3266 7.
3217 3205 3360 3276 sed,
3396 3208 3747 3283 immeritO,
3838 3210 3841 3213 ’

2208 3321 2355 3399 quia
2407 3319 2562 3381 dicit
2611 3336 2743 3381 non
2801 3318 3103 3382 sufficere
3146 3320 3582 3383 intentionem
3639 3339 3744 3384 so-

2207 3439 2342 3501 lum
2398 3437 2656 3500 lavandi
2727 3456 2987 3517 corpuS‚
3067 3444 3133 3501 et
3205 3441 3449 3519 requiri
3515 3442 3748 3503 saltem

2205 3555 2663 3628 intentionem,
2712 3571 2840 3634 qua
2901 3555 3012 3616 fiat
3080 3572 3201 3633 per
3246 3555 3513 3619 modum
3560 3575 3749 3621 caere-

2209 3679 2436 3740 moniae
2482 3682 2843 3751 consuetae,
2892 3684 2958 3740 et
3005 3681 3070 3739 in
3119 3680 3336 3758 reipsa
3381 3682 3549 3744 hanc
3599 3700 3747 3745 esse

2208 3795 2637 3855 intentionem
2691 3790 2993 3869 faciendi,
3069 3795 3248 3874 quod
3310 3795 3465 3858 facit
3525 3800 3747 3862 Eccle-

2211 3911 2327 3978 sia,
2374 3908 2527 3970 licet
2570 3925 2698 3969 non
2754 3909 2876 3970 sub
2933 3909 3044 3970 illo
3094 3926 3410 3988 expresso
3470 3911 3742 3977 motiv0.

2215 4011 2390 4084 'idem
2447 4025 2653 4085 sensit
2723 4026 3140 4087 innocentius
3197 4027 3292 4086 tv,
3346 4029 3411 4088 in
3472 4046 3610 4107 cap.
3681 4030 3761 4090 Si

2212 4146 2358 4217 quis
2416 4156 2722 4217 puerum,
2791 4141 2873 4203 de
2935 4144 3281 4219 Baptismo,
3352 4150 3479 4208 etc.
3554 4165 3752 4226 quem

2213 4259 2384 4319 male
2427 4258 2494 4318 in
2536 4274 2726 4320 suum
2763 4275 3054 4322 errorem
3084 4259 3327 4340 allegat
3371 4263 3750 4328 KemnitiuS.

2215 4375 2583 4436 Paludanus
2649 4376 2716 4436 in
2785 4375 2922 4437 solo
2995 4378 3407 4440 matrimonio
3479 4383 3757 4460 requirit

2212 4493 2639 4557 intentionem
2715 4498 2968 4557 ratione
3041 4502 3438 4571 contractus,
3498 4501 3563 4561 in
3621 4517 3750 4580 quo

2215 4611 2605 4691 perficitur;
2678 4613 2742 4673 in
2819 4614 2959 4675 aliis
3043 4615 3253 4675 solum
3321 4616 3757 4680 intentionem

2215 4725 2590 4805 proferendi
2634 4729 2832 4789 verha
2876 4727 3193 4807 legitime,
3254 4736 3318 4791 et
3370 4732 3497 4793 hoc
3554 4737 3753 4809 potis-

2215 4846 2455 4905 simum
2488 4843 2722 4905 asserit
2763 4847 2827 4907 in
2860 4844 3217 4921 Baptismo,
3272 4851 3422 4925 quia
3468 4848 3759 4911 minister

2217 4977 2349 5022 non
2395 4965 2496 5022 est
2548 4977 2739 5021 causa
2800 4961 3197 5039 principalis,
3246 4964 3367 5025 sed
3419 4966 3756 5043 applicans

2217 5078 2427 5139 activa
2482 5077 2776 5155 passivis.
2849 5077 3011 5140 Vide
3072 5081 3215 5141 dist.
3284 5082 3346 5142 6.
3407 5088 3629 5158 qaaest.
3685 5086 3746 5146 2.

2218 5198 2344 5254 art.
2379 5194 2436 5254 3.
2491 5193 2894 5253 Sententiam
2937 5193 3112 5254 illam
3169 5195 3491 5257 catherini
3537 5201 3753 5277 sequi-

2221 5313 2322 5369 tur
2352 5309 2684 5387 Sylvester
2725 5310 2926 5371 verbo
2974 5311 3339 5385 Baptismus
3411 5314 3468 5374 3.
3525 5318 3592 5373 et
3638 5331 3755 5391 pro

2218 5424 2454 5484 eadem
2514 5422 2745 5484 citatur
2807 5425 2882 5483 D.
2950 5425 3232 5484 Thomas
3303 5428 3367 5485 in
3420 5427 3541 5488 liae
3609 5420 4090 5533 dishgylffiegffi·

2219 5545 2428 5616 quaest.
2485 5540 2539 5602 l.
2590 5546 2715 5600 art.
2769 5539 2829 5601 2.
2881 5541 3337 5616 quaestiuncula
3376 5543 3426 5602 1.
3461 5545 3549 5604 ad
3587 5544 3647 5606 2.
3696 5551 3752 5606 et
