4287 6313
1727 407 1927 471 Dls'r.
1990 409 2090 469 vl.
2123 404 2482 483 QUAEs-'rlo
2515 406 2587 469 11.

542 585 724 631 mum
751 575 1041 646 concedo,
1094 578 1219 634 etc.
1268 587 1422 633 mox
1471 571 1867 651 subjungit:
1914 574 1988 632 Et
2035 572 2093 630 si

542 687 815 763 objicias
865 687 1095 749 saltem
1146 691 1432 763 formam
1490 690 1820 764 Baptismi,
1870 694 1939 749 ut
2001 691 2090 747 est

540 808 1038 865 Sacramentum
1079 807 1323 867 inducit
1367 805 1677 877 minister,
1727 808 1902 867 etsie
1943 807 2088 864 sunt

535 921 678 979 duoe
705 936 934 994 causae,
970 924 1098 983 etc.
1151 919 1535 1000 Respondet
1583 920 1817 998 prim0,
1872 935 2086 996 quan·

539 1038 677 1095 tum
703 1035 787 1097 ad
819 1036 1220 1100 ablutionem
1251 1055 1452 1100 unam
1494 1053 1643 1099 esse
1675 1037 1939 1099 totalem
2003 1053 2084 1096 ex

537 1152 831 1231 pluribus
875 1154 1279 1230 partialibus,
1331 1159 1655 1232 quantum
1689 1152 1772 1214 ad
1812 1152 2085 1215 formam

539 1268 795 1331 difficile
828 1287 975 1333 esse
1005 1272 1259 1334 salvare
1302 1274 1622 1333 unitatem
1654 1269 2080 1340 Sacramenti,

536 1391 692 1465 quia
713 1405 978 1464 ponere,
1011 1389 1246 1466 inquit,
1293 1394 1421 1454 duo
1472 1392 1766 1467 ejusdem
1812 1389 2089 1450 rationis

536 1523 666 1567 esse
707 1512 933 1582 partes
986 1510 1199 1579 um'us,
1265 1512 1438 1587 quod
1485 1508 1868 1586 simpliciter
1932 1511 2085 1567 esset

524 1623 909 1701 perfectam,
963 1625 1251 1687 habendo
1329 1625 1613 1687 atterum
1677 1638 1903 1684 eorum
1954 1638 2083 1698 pro

528 1743 748 1814 parte,
778 1741 1034 1802 videtur
1060 1742 1509 1817 superfluum:
1543 1757 1682 1816 quae
1712 1744 1927 1799 autem
1971 1755 2082 1800 su-

530 1853 841 1928 perfluat,
877 1859 932 1913 et
991 1855 1175 1931 cujus
1218 1855 1633 1930 proferentes,
1683 1853 1954 1928 difficile
1997 1858 2083 1913 est

539 1972 897 2047 assiquare,
931 1977 1060 2034 etc.

186 2098 514 2209 sffgssffieffsso
619 2088 707 2148 Ex
741 2089 979 2168 quibus
1012 2093 1266 2151 constat
1296 2106 1446 2152 eum
1491 2089 1672 2168 loqui
1714 2086 1820 2150 de·
1851 2089 2085 2150 Sacra-

185 2221 511 2349 ἕέἷξπὲΐὶωὶὲι
542 2211 787 2275 ment0,
832 2210 907 2266 ut
936 2208 1037 2266 est
1080 2205 1356 2265 effectus
1403 2205 1675 2266 ministri
1722 2205 2082 2282 proximuS,

542 2336 673 2381 non
718 2335 872 2381 vero
920 2325 993 2381 ut
1024 2324 1124 2381 est
1155 2336 1353 2382 causa
1382 2324 1690 2397 respectu
1716 2320 1944 2400 gratiae
1975 2325 2086 2380 aut

543 2436 975 2509 characteris;
1041 2441 1107 2498 et
1164 2437 1257 2499 sic
1321 2437 1458 2517 agit
1516 2437 1599 2500 de
1646 2453 1724 2497 eo
1796 2439 1860 2498 in
1934 2441 2085 2496 actu

541 2551 775 2629 prime,
823 2557 891 2613 et
933 2559 1128 2631 prout
1171 2556 1411 2616 virtute
1458 2553 1746 2615 continet
1775 2552 2085 2615 effectum

540 2666 901 2742 dumtaxat,
935 2684 1070 2730 non
1100 2687 1254 2732 vero
1288 2672 1353 2732 in
1385 2675 1533 2731 actu
1564 2667 1859 2730 secundo
1893 2675 2085 2746 prout

537 2783 719 2845 illum
756 2783 1049 2856 confert;
1089 2803 1229 2865 quae
1278 2786 1636 2864 acceptatio
1688 2787 2082 2847 Sacramenti

535 2905 633 2960 est
689 2915 771 2961 ex
840 2916 1041 2978 scopo
1103 2899 1496 2979 quaestioniS‚
1570 2906 1635 2961 et
1707 2898 1787 2961 de
1860 2904 2078 2961 mente

536 3018 911 3090 Doctorum,
945 3020 1052 3097 qui
1102 3021 1168 3079 in
1219 3019 1343 3081 boc
1383 3035 1585 3080 sensu
1641 3023 1958 3099 quaerunt,
2000 3035 2081 3081 an

532 3137 616 3199 sit
672 3153 879 3199 unum
924 3138 1441 3211 Sacramentum,
1491 3153 1572 3199 an
1643 3136 1974 3200 diversum
2016 3138 2080 3199 in

533 3253 789 3315 ratione
821 3252 990 3331 signi
1020 3252 1538 3314 sacramentalis.

315 3372 388 3422 11.
615 3371 950 3430 Ponamus
1031 3383 1190 3447 ergo
1281 3384 1505 3430 casum
1583 3367 2079 3445 suscipientem,

532 3502 776 3563 nempe
808 3486 1326 3558 Sacramentum,
1372 3501 1520 3547 esse
1563 3486 1838 3548 invitum
1887 3484 2081 3546 abso-

529 3605 666 3666 lute
695 3605 761 3666 in
813 3621 931 3666 sua
973 3604 1335 3675 voluntate,
1390 3611 1454 3665 et
1501 3604 1674 3666 nolle
1727 3603 2079 3666 consentiri

528 3719 594 3779 in
652 3717 1107 3796 receptionem
1165 3720 1591 3791 Sacramenti‚
1654 3718 1775 3780 sed
1830 3723 2080 3781 tantum

526 3832 677 3896 ficte
729 3840 793 3896 et
829 3834 1141 3897 simulate
1195 3851 1267 3897 se
1319 3835 1589 3907 habere,
1634 3838 1700 3898 in
1749 3852 1879 3913 quo
1927 3851 2084 3897 casu

529 3948 685 4012 nihil
735 3948 1083 4026 reciperet,
1137 3952 1442 4027 quamvis
1499 3946 1926 4025 perficeretur
1974 3949 2080 4010 Sa·

530 4070 943 4128 crementum
971 4081 1008 4125 a
1040 4064 1299 4126 duobus
1330 4064 1511 4142 juxta
1554 4082 1779 4127 casum
1820 4067 2079 4145 quaesti-

528 4182 710 4255 onis;
771 4180 987 4243 adhuc
1044 4184 1270 4241 manet
1320 4180 1457 4242 haec
1518 4180 1811 4257 quaest10‚
1867 4197 1950 4241 an
2003 4182 2085 4243 sit

527 4315 754 4370 unum,
802 4303 914 4358 aut
957 4295 1227 4373 duplex,
1274 4297 1529 4358 secluso
1575 4295 1806 4359 ordine
1850 4296 1933 4358 ad
1982 4294 2074 4358 ef-

527 4414 799 4485 fectum,
860 4415 970 4492 qui
1031 4429 1163 4474 non
1226 4413 1397 4474 inest
1455 4415 1520 4473 in
1580 4428 1652 4474 re
1713 4420 2076 4475 causatum.

528 4527 806 4605 Quando
881 4544 1039 4606 ergo
1116 4526 1274 4588 dicit
1348 4529 1586 4589 Doctor
1670 4526 2079 4605 superfluere

527 4647 798 4710 formam
846 4646 928 4707 ab
975 4647 1181 4709 altero
1213 4646 1452 4707 horum
1483 4646 1829 4722 prolatam,
1876 4646 2081 4724 loqui-

532 4773 633 4829 tur
691 4766 775 4828 de
830 4764 1278 4843 superfluitate
1341 4763 1407 4825 in
1465 4762 1693 4825 ordine
1752 4761 1835 4823 ad
1875 4780 2081 4826 unum

532 4884 1029 4944 Sacramentum
1065 4878 1630 4953 constituendum,
1680 4880 1830 4957 quia
1860 4898 2080 4960 neque

535 5003 678 5064 duae
723 4998 967 5072 formae,
1027 5014 1245 5076 neque
1293 4996 1571 5074 prolatio
1618 5012 1870 5072 earum,
1923 4998 2074 5061 raci-

537 5123 655 5180 unt
698 5133 901 5181 unum
934 5116 999 5176 in
1033 5132 1162 5177 esse
1190 5114 1288 5175 rei
1318 5119 1431 5175 aut
1474 5115 1667 5193 signi,
1711 5118 2079 5193 respective

535 5235 620 5297 ad
670 5237 974 5303 invicem,
1025 5232 1396 5310 respective
1446 5248 1601 5293 vero
1653 5230 1738 5292 ad
1770 5232 2081 5296 lotionem

544 5352 744 5415 altera
775 5350 1118 5429 superfluit
1152 5350 1219 5411 in
1257 5348 1489 5411 ordine
1538 5348 1625 5410 ad
1675 5351 2081 5413 constituen-

535 5467 691 5529 dum
724 5466 1224 5529 Sacramentum
1254 5481 1486 5537 unum,
1520 5466 1670 5542 quia
1702 5467 1902 5527 altera
1941 5466 2079 5529 suf-

539 5582 713 5658 ficit3
750 5600 907 5663 ergo
936 5582 1283 5658 superfluit
1334 5582 1479 5656 alia,
1541 5598 1686 5687 quae
1739 5589 1840 5645 est
1898 5585 2079 5664 ejus-

3647 401 3766 465 549

2211 566 2361 631 dem
2447 570 2713 632 omnino
2773 569 3065 640 rationis,
3131 585 3264 631 non
3314 583 3508 630 secus
3559 582 3634 626 ac
3697 566 3761 626 in

2208 686 2346 747 aliis
2428 687 2840 765 compositis;
2923 688 3047 748 hoc
3141 686 3363 748 album
3453 700 3758 753 numero,

2204 802 2386 864 verbi
2447 802 2680 882 gratia,
2725 802 2811 863 ita
2890 801 3306 865 constituitur
3379 818 3499 878 per
3556 815 3759 860 unam

2203 935 2478 980 numero
2512 919 2913 992 albedinem,
2948 922 3015 978 ut
3066 918 3273 979 altera
3328 920 3596 980 omnino
3644 933 3751 976 su-

2199 1037 2499 1116 perfluat,
2546 1041 2620 1097 ut
2675 1053 2895 1114 neque
2943 1035 3124 1098 idem
3174 1051 3450 1098 numero
3509 1033 3755 1096 consti-

2203 1157 2363 1224 tuat,
2396 1168 2618 1230 neque
2666 1153 3064 1213 constituere
3098 1156 3346 1228 posset.

2279 1269 2525 1332 Eodem
2555 1269 2754 1331 modo
2805 1268 3009 1331 forma
3064 1267 3554 1329 sacramentalis
3606 1281 3752 1326 cum

2200 1384 2423 1447 debita
2456 1385 2822 1462 prolatione
2868 1385 2948 1445 ab
2978 1401 3111 1445 uno
3145 1383 3422 1459 prolata,
3455 1384 3543 1442 ita
3592 1399 3742 1443 con·

2198 1500 2402 1561 stituit
2461 1515 2670 1562 unum
2729 1515 3005 1560 numero
3078 1499 3599 1568 Sacramentum,
3676 1500 3750 1557 ut

2201 1617 2432 1680 eadem
2477 1615 2684 1679 forma
2728 1617 2808 1678 ab
2868 1616 2993 1678 alio
3034 1616 3308 1693 prolata,
3358 1630 3508 1676 cum
3557 1612 3745 1673 simili
3775 1634 4094 1706 Duce-formae

2199 1737 2588 1808 intentione,
2648 1736 2732 1796 sit
2787 1733 3138 1813 superflua,
3224 1750 3443 1811 neque
3518 1733 3583 1793 in
3646 1750 3740 1807 re,
3805 1698 4061 1825 ῃξέξζῖυῗι

2197 1868 2419 1930 neque
2474 1852 2540 1911 in
2597 1847 3075 1929 significatione
3142 1849 3348 1926 possit
3407 1847 3491 1909 ad
3565 1848 3742 1909 idem
3770 1828 4077 1933 conisgztlzere

2197 1982 2472 2029 numero
2505 1968 3024 2038 Sacramentum,
3073 1970 3146 2025 ut
3190 1980 3339 2042 pars
3385 1964 3530 2043 ejus
3573 1964 3741 2026 ordi·
3769 1961 4092 2072 quffafflgffdn

2197 2085 2360 2156 nari,
2405 2086 2556 2164 quia
2599 2084 2776 2160 quod
2818 2090 3041 2144 natum
3092 2088 3193 2145 est
3236 2083 3392 2145 dare
3440 2082 3740 2144 ultimum
3768 2071 4095 2185 sabone-inan-

2199 2207 2419 2263 actum
2478 2202 2904 2279 completum,
2959 2199 3252 2262 excludit
3278 2200 3340 2260 in
3388 2199 3619 2262 ordine
3659 2200 3742 2261 ad

2197 2322 2382 2383 illum
2428 2321 2762 2386 effectum,
2820 2335 3082 2381 omnem
3129 2318 3321 2378 aliam
3368 2316 3645 2377 formam
3687 2324 3751 2377 et

2198 2443 2419 2499 actum
2484 2437 2813 2499 diversum
2871 2451 3173 2506 numer0,
3235 2450 3376 2512 quae
3441 2432 3751 2495 advenire

2199 2556 2435 2633 nequit
2466 2570 2585 2633 per
2627 2553 2898 2614 modum
2935 2551 3408 2622 constituenti&
3440 2549 3561 2611 nisi
3591 2565 3747 2626 sup-

2198 2679 2402 2750 ponat
2444 2674 2810 2748 potentiam
2882 2668 3349 2745 incompletam
3424 2682 3503 2727 ex
3559 2671 3751 2742 parte

2198 2792 2487 2852 materiae
2541 2792 2652 2849 aut
2700 2787 3054 2858 constituti,
3116 2801 3258 2864 quae
3304 2786 3368 2846 in
3414 2784 3748 2861 proposito

2198 2907 2374 2968 nulla
2407 2910 2551 2975 est:
2606 2918 2763 2982 ergo
2812 2900 3072 2963 eaedem
3113 2898 3337 2962 formae
3390 2899 3584 2962 simul
3621 2899 3741 2960 ad-

2195 3024 2538 3085 venientes
2567 3024 2912 3098 nequeunt
2941 3019 3343 3079 constituere
3393 3015 3570 3079 idem
3616 3033 3742 3077 nu·

2197 3156 2374 3201 mero
2421 3140 2939 3208 Sacramentum,
2989 3150 3071 3196 ex
3116 3149 3193 3195 eo
3228 3129 3412 3212 quod
3442 3132 3748 3210 quaelibet

2197 3267 2350 3323 nata
2381 3263 2464 3321 sit
2495 3259 2653 3321 dare
2698 3258 2999 3320 ultimum
3044 3261 3289 3330 actum,
3336 3253 3443 3315 vol
3474 3252 3740 3313 omnino

2195 3377 2468 3439 nullum.

2275 3494 2451 3553 Hanc
2499 3508 2655 3572 ergo
2689 3496 2941 3569 partem
2989 3493 3183 3551 teneo
3218 3505 3367 3550 esse
3396 3488 3475 3551 de
3518 3493 3742 3551 mente
3899 3509 3974 3559 12.

2198 3609 2514 3684 DoctoriS,
2573 3607 2659 3668 ad
2718 3624 2919 3687 quam
2969 3604 3125 3667 facit
3171 3621 3290 3666 sua
3334 3606 3524 3677 rati0‚
3592 3622 3741 3685 quae
3797 3571 4060 3687 ἓξὲξῗξζᾶ

2192 3726 2538 3804 aequivalet
2595 3723 2962 3795 assertioni,
3023 3726 3089 3784 et
3153 3723 3278 3784 hoc
3337 3721 3746 3800 potissimum

2196 3839 2487 3903 tenendo
2533 3842 2955 3911 sententiam,
2994 3854 3193 3916 quam
3224 3838 3366 3915 ipse
3413 3854 3632 3915 supra,
3675 3843 3750 3900 ut

2195 3957 2710 4033 probabiliorem
2756 3956 3057 4033 sequitur
3112 3956 3255 4015 dist.
3307 3955 3364 4014 3.
3420 3959 3636 4030 quaest.
3689 3956 3743 4016 l.

2195 4090 2439 4151 nempe
2468 4071 2745 4133 formam
2775 4071 3085 4149 Baptismi
3130 4072 3461 4149 pertinere
3514 4071 3597 4131 ad
3651 4087 3747 4132 es-

2195 4189 2474 4251 sentiam
2508 4190 2670 4267 ejuS,
2713 4205 2831 4266 per
2879 4188 3152 4250 modum
3199 4187 3615 4250 fundamenti
3658 4189 3742 4250 si-

2195 4302 2630 4381 gnificationis
2674 4302 3192 4374 sacramentaliS‚
3247 4308 3313 4365 et
3349 4319 3482 4364 non
3527 4301 3741 4363 solum

2195 4436 2268 4481 se
2333 4420 2608 4494 habere,
2668 4423 2741 4479 ut
2805 4418 3352 4479 circumstantiam
3442 4427 3744 4496 respectu

2197 4535 2569 4606 ablutioniS,
2632 4541 2705 4594 ut
2751 4551 2823 4596 se
2883 4534 3084 4596 habet
3141 4533 3412 4595 intentio
3472 4533 3744 4597 ministri

2196 4659 2506 4728 respectu
2544 4651 2910 4729 utriusque,
2963 4657 3028 4712 et
3083 4650 3201 4711 alia
3266 4650 3744 4713 concurrentia.

2198 4769 2328 4829 lino
2389 4772 2587 4832 etiam
2645 4767 2820 4831 idem
2878 4784 3125 4838 assem,
3198 4767 3485 4829 tenendo
3547 4768 3742 4829 etiam

2195 4889 2585 4951 sententiam
2629 4887 2934 4966 Magistri,
2984 4902 3181 4964 quam
3218 4892 3290 4947 ut
3337 4886 3741 4964 probabilem

2198 5002 2520 5080 defendit,
2583 5020 2728 5083 quae
2791 5008 2981 5065 totam
3041 5002 3592 5082 significationem
3644 5020 3745 5063 sa-

2198 5119 2672 5183 cramentalem
2716 5122 2946 5183 statuit
2976 5123 3037 5179 in
3072 5123 3208 5198 ipsa
3243 5120 3603 5195 ablutione,
3656 5121 3737 5181 ad

2194 5253 2388 5315 quam
2421 5252 2493 5296 se
2525 5237 2805 5298 haberet
2834 5240 2924 5298 sic
2954 5235 3188 5310 forma,
3230 5240 3303 5298 ut
3350 5237 3631 5300 conditio
3677 5244 3741 5299 et

2196 5349 2700 5413 circumstantia.

2277 5464 2732 5542 Confirmatur,
2792 5466 3038 5528 ablutio
3098 5466 3587 5528 sacramentalis
3657 5467 3739 5527 ab
3795 5507 4084 5559 Confirma-

2192 5587 2473 5658 utroque
2529 5580 2702 5644 facta
2747 5597 2879 5643 non
2953 5580 3109 5643 facit
3178 5598 3385 5644 unum
3448 5582 3514 5642 in
3591 5598 3737 5644 esse
3882 5570 3969 5619 ²10·
