4287 6313
1602 377 1779 439 Dls'r
1830 377 1929 437 lv.
1979 376 2344 452 QUAESTIO
2374 381 2447 441 V.

88 533 500 646 ΒοἝὲᾶοῠ-ἃῠ
559 539 762 601 altera
815 546 1125 613 respectu
1178 539 1279 601 sui
1349 541 1646 612 effectuS,
1720 546 1954 601 neutra

125 665 323 710 mutua.
415 654 596 732 prius
627 662 871 731 causat,
917 657 1040 719 sed
1073 662 1351 736 utraque
1399 656 1615 730 simul,
1661 659 1745 718 ita
1777 672 1958 717 nem-

418 784 499 847 pe
537 767 876 848 dependet
903 771 1291 833 Poenitentia
1323 789 1360 834 a
1402 773 1732 849 Baptismo
1769 772 1960 833 ratio-

415 901 500 946 ne
578 886 1034 965 impedimenti
1126 891 1377 966 peccati
1452 888 1822 968 originaliS,
1896 892 1963 949 et

415 1003 723 1078 aliorum,
783 1022 928 1085 quae
978 1012 1455 1083 praecesserunt
1508 1005 1955 1085 Baptismum;

411 1120 500 1182 ita
545 1124 741 1184 etiam
792 1123 1159 1201 Baptismus
1190 1140 1225 1183 a
1274 1123 1663 1185 poenitentia
1708 1123 1959 1183 ratione

410 1234 713 1310 fictionis,
759 1245 834 1301 ut
865 1245 1099 1301 neutra
1147 1242 1419 1303 seorsim
1453 1241 1518 1302 in
1569 1256 1647 1302 eo
1694 1256 1850 1302 casu
1880 1256 1961 1301 ex

415 1353 877 1432 coniunctione
909 1355 1216 1430 fictionis,
1264 1361 1330 1417 et
1372 1355 1623 1435 peccati
1673 1356 1959 1435 origina-

413 1468 509 1542 lis,
562 1474 626 1531 et
708 1472 981 1533 actualis
1040 1471 1485 1548 praecedentis
1520 1520 1535 1545 ,
1599 1469 1829 1534 efficax
1882 1473 1965 1533 sit

414 1583 730 1651 seorsim:
781 1583 1226 1663 dependentia
1262 1603 1424 1665 ergo
1485 1590 1587 1647 est
1627 1591 1854 1647 mutua
1895 1587 1963 1646 in

413 1715 492 1762 eo
524 1715 708 1772 casu,
745 1707 810 1762 et
838 1700 1186 1762 causalitas
1235 1703 1651 1774 simultanea,
1721 1709 1786 1764 et
1842 1703 1966 1763 hoc

415 1819 541 1889 est,
571 1815 753 1896 quod
784 1816 1064 1880 intendit
1101 1819 1342 1882 Doctor
1374 1819 1603 1881 dicens
1659 1820 1725 1879 in
1765 1819 1961 1896 ρωπί-

414 1933 613 1993 tentia
669 1935 890 1993 omnia
945 1935 1216 2007 remini,
1276 1951 1401 1995 non
1459 1940 1674 1995 tamen
1734 1936 1967 1994 virtute

416 2047 615 2108 solius
635 2050 1041 2124 poem'tentioe,
1062 2048 1199 2111 'sed
1231 2053 1427 2111 etiam
1459 2048 1789 2127 Baptismi.

192 2192 271 2242 32.
500 2166 866 2242 Baptismus
909 2168 975 2226 in
1018 2182 1089 2227 re
1134 2171 1361 2228 manet
1399 2166 1786 2245 applicatus,
1830 2180 1963 2226 non

61 2251 391 2368 ssufflssffi,
419 2286 638 2343 tamen
696 2286 797 2342 est
856 2279 1110 2353 efficaX,
1170 2283 1294 2343 nisi
1345 2287 1689 2344 concurrat
1742 2297 1961 2353 causa,

76 2382 390 2432 Sacrnmen-
422 2414 563 2477 quae
591 2403 745 2458 nata
779 2403 880 2460 est
924 2399 1152 2460 tollere
1189 2398 1762 2478 impedimentum,
1825 2413 1968 2477 quae

58 2507 118 2557 *ἃ
151 2448 292 2554 „2⁸⁶2
321 2505 387 2556 'd
418 2519 518 2576 est
559 2516 971 2593 poenitentia,
1021 2521 1085 2576 et
1140 2516 1273 2577 haec
1333 2521 1433 2577 est
1489 2516 1789 2593 prioritas
1846 2515 1964 2575 Ba-

83 2568 350 2619 effectum.
409 2633 631 2708 ptismi
661 2631 745 2692 ad
776 2632 1087 2694 effectum
1144 2632 1567 2707 Poenitentiae,
1601 2648 1845 2709 nempe
1892 2636 1965 2693 ut

411 2747 590 2825 prius
619 2753 1058 2826 cognoscatur
1091 2746 1173 2809 de
1188 2746 1498 2815 [fictione.
1531 2752 1598 2807 et
1628 2744 1965 2824 proferen-

409 2861 492 2924 do
539 2863 938 2925 sententiam
992 2861 1367 2941 perficiatur
1442 2863 1962 2934 Sacramentum,

406 2983 471 3040 et
540 2979 606 3040 in
654 2992 905 3059 genere
951 2993 1164 3039 causae
1212 2977 1562 3040 materialis
1626 2992 1966 3055 suppona-

411 3098 515 3155 tur
542 3095 917 3171 respective
963 3092 1047 3154 ad
1110 3092 1421 3155 effectum
1465 3092 1786 3170 Baptismi
1835 3092 1969 3154 tolli

404 3209 984 3287 impedimentum.
1044 3211 1120 3271 Et
1171 3210 1308 3293 baec
1369 3207 1806 3270 consideratio
1865 3212 1965 3270 est

400 3326 827 3405 inadaequatae
872 3325 1307 3398 remissioniS,
1363 3340 1514 3404 quae
1573 3324 1637 3386 fit
1678 3324 1744 3385 in
1772 3322 1955 3398 fict0,

402 3442 716 3520 quoniam
772 3457 851 3502 ex
912 3442 1123 3503 altera
1177 3450 1361 3517 parte
1406 3438 1687 3518 perinde
1734 3445 1956 3501 manet

404 3560 614 3623 simile
652 3557 1201 3635 impedimentum
1247 3562 1557 3636 respectu
1613 3557 1959 3634 poeniten-

409 3675 540 3750 tiae,
588 3682 652 3738 et
701 3678 1095 3755 supponitur
1153 3675 1528 3753 Baptismus
1572 3676 1639 3735 in
1685 3690 1755 3735 re
1814 3689 1955 3735 sus·

411 3797 666 3870 ceptuS‚
711 3796 785 3853 ut
813 3792 937 3853 hoc
982 3791 1357 3871 subjectum
1409 3792 1492 3851 sit
1524 3790 1669 3869 ejus
1727 3805 1955 3866 capax,

410 3910 476 3968 et
505 3904 793 3967 efficacia
824 3906 1133 3984 Baptismi
1165 3909 1617 3977 concurreret,
1651 3909 1725 3964 ut
1754 3904 1967 3982 poeni·

414 4024 614 4085 tentia
686 4024 928 4085 habeat
983 4039 1175 4084 suum
1236 4022 1600 4095 effectum;
1649 4019 1826 4093 ideo,
1896 4025 1968 4082 ut

420 4137 574 4214 dixi,
610 4146 709 4201 est
742 4146 967 4201 mutua
1000 4138 1452 4215 dependentia
1499 4153 1751 4209 eorum,
1774 4138 1969 4198 ratio·

411 4267 501 4315 ne
567 4252 974 4316 diversorum
1032 4246 1480 4332 peccatorum,
1544 4267 1694 4331 quae
1775 4250 1969 4312 simul

415 4377 810 4432 concurrunt
843 4370 908 4430 in
951 4369 1279 4448 subjectO.
1313 4372 1378 4428 et
1425 4383 1550 4445 per
1577 4383 1649 4429 se
1695 4366 1970 4444 exigunt

411 4491 764 4566 utramque
813 4500 1079 4547 causam
1111 4483 1611 4560 particulariter,
1674 4498 1757 4543 ex
1806 4497 1966 4543 con·

414 4601 660 4665 ditione
695 4608 763 4664 et
820 4607 1052 4663 natura
1101 4600 1541 4681 singulorum,
1586 4603 1660 4660 ut
1719 4597 1965 4661 dictum

422 4716 542 4773 est.
591 4711 666 4773 Et
708 4711 1011 4788 exemplo
1059 4707 1455 4770 declaratur·
1481 4708 1545 4769 in
1588 4706 1860 4769 materia
1905 4712 1972 4768 et

420 4817 628 4880 forma
650 4818 1075 4889 sacramenti,
1108 4814 1375 4896 quando
1401 4817 1682 4894 utraque
1716 4821 1815 4876 est
1838 4811 1970 4875 effi-

426 4943 565 5000 ca1,
603 4931 670 4987 et
712 4924 855 4987 talis
887 4928 987 4985 est
1034 4922 1507 5001 dependentia,
1544 4926 1616 4982 ut
1672 4922 1967 5000 quamvis

421 5033 796 5097 absolvatur
837 5047 967 5093 una
1016 5035 1168 5092 ante
1201 5030 1497 5099 alteram,
1549 5028 1706 5089 nihil
1745 5025 1965 5100 efficit,

423 5140 547 5204 nisi
591 5141 792 5203 altera
853 5138 1056 5213 finita,
1112 5144 1179 5200 et
1239 5142 1376 5199 tum
1434 5136 1628 5199 simul
1673 5139 1969 5197 causant.

424 5248 661 5312 Similis
719 5247 1166 5327 dependentia
1238 5248 1458 5324 potest
1539 5259 1688 5306 esse
1778 5246 1974 5305 etiam

427 5360 600 5419 inter
629 5372 859 5419 causas
892 5356 1123 5417 totales
1157 5351 1628 5415 subordinatas
1674 5368 1756 5413 ex
1815 5368 1971 5415 con·

432 5464 678 5527 ditione
723 5462 1038 5542 subjecti,
1097 5461 1267 5522 sicut
1326 5461 1618 5521 continet
1677 5474 1756 5520 ex
1802 5460 1977 5518 statu

430 5570 561 5635 ficti
650 5570 820 5635 inter
887 5569 1288 5649 Baptismum
1361 5573 1427 5630 et
1495 5565 1975 5629 Poenitentiam.

3519 373 3637 434 445

2068 545 2298 620 Neque
2330 558 2488 623 ergo
2546 543 2911 620 Baptismus
2966 558 3084 619 per
3141 539 3448 603 accidens
3507 553 3610 600 re·
3693 551 3942 600 Neutrum

2068 657 2260 718 mittit
2300 656 2654 731 fictionem,
2689 671 2910 737 neque
2955 658 3154 718 etiam
3199 655 3612 729 Poenitentia,
3673 616 3937 724 ῑῃῧῗζῖζὲἓθ,

2071 788 2192 849 per
2235 771 2540 834 accidens
2582 772 2852 833 remittit
2896 772 3238 850 originale,
3306 775 3419 830 aut
3490 769 3614 830 alia

2073 905 2217 968 quae
2246 895 2398 952 sunt
2432 893 2698 953 materia
2730 891 3058 967 Baptismi,
3092 892 3245 968 quia
3275 888 3343 950 id
3374 890 3614 963 impro-

2073 1008 2211 1083 prie
2258 1005 2512 1081 dicitur,
2547 1023 2697 1068 cum
2730 1023 2926 1069 causa
2975 1006 3308 1084 disparata
3369 1022 3500 1067 non
3533 1002 3619 1063 di·

2074 1123 2237 1185 citur
2284 1139 2402 1200 per
2457 1123 2791 1197 accidenS,
2852 1140 2974 1185 seu
3035 1122 3361 1184 indirecte
3398 1121 3623 1201 (quod

2072 1238 2250 1300 idem
2317 1243 2417 1299 est
2477 1239 2543 1300 in
2600 1237 2976 1318 proposito)
3058 1239 3163 1299 vel
3219 1235 3616 1299 secundario

2073 1355 2272 1418 habet
2317 1372 2389 1417 re
2422 1356 2734 1418 effectum
2793 1373 2911 1434 per
2940 1374 3011 1419 se
3055 1356 3323 1418 alterius
3384 1370 3620 1427 causae,

2076 1475 2195 1534 nisi
2242 1473 2505 1552 quando
2538 1490 2684 1535 eam
2716 1472 2936 1554 quoad
2980 1475 3109 1536 hoc
3154 1472 3446 1549 supplet,
3480 1471 3621 1548 ipsa

2072 1604 2208 1649 non
2278 1596 2563 1668 agente;
2639 1589 2813 1669 quod
2885 1603 3017 1649 non
3104 1587 3426 1666 contingit
3488 1586 3619 1658 bic,

2074 1703 2224 1780 quia
2288 1709 2643 1782 utrumque
2691 1704 3189 1765 Sacramentum
3237 1701 3373 1782 agit
3438 1698 3624 1779 quod

2073 1836 2268 1881 suum
2351 1826 2472 1892 est,
2550 1821 2916 1898 respective
3002 1819 3084 1880 ad
3161 1819 3471 1880 effectum
3561 1823 3627 1878 et

2073 1938 2418 1999 materiam
2448 1939 2802 2015 propriam,
2837 1952 2968 1999 non
3027 1942 3252 1998 autem
3298 1936 3622 1998 indirecte

2073 2062 2383 2133 respectu
2423 2055 2715 2129 alteriuS,
2777 2054 2959 2132 quod
3015 2055 3138 2131 ipsi
3182 2070 3317 2115 non
3363 2054 3620 2125 subest,

2073 2176 2147 2231 ut
2179 2169 2375 2233 docet
2403 2169 2774 2231 Paludanus
2803 2171 2868 2229 in
2913 2169 2969 2229 4.
3020 2171 3163 2232 dist.
3211 2171 3273 2230 4.
3310 2173 3523 2245 quaest.
3559 2168 3618 2228 5.
3688 2187 3935 2256 Rejicitur

2077 2286 2228 2367 quia
2272 2288 2383 2348 ubi
2427 2287 2645 2348 nullus
2675 2286 2967 2364 sequitur
2998 2285 3273 2347 effectus
3306 2301 3388 2346 ex
3417 2287 3616 2347 virtu·
3677 2257 3943 2364 ῗξὸῗέζᾷἳ

2078 2410 2139 2466 te
2201 2419 2416 2466 causae
2482 2403 2853 2482 procedens
2924 2403 3157 2464 salvari
3216 2420 3349 2464 non
3392 2406 3622 2480 potest

2077 2523 2365 2584 causatio
2467 2521 2712 2582 directa
2799 2521 2985 2600 ejuS,
3061 2525 3173 2581 aut
3248 2518 3615 2595 indirecta;

2076 2642 2432 2717 utrumque
2490 2642 2712 2699 autem
2756 2638 3256 2698 Sacramentum
3328 2636 3434 2697 hic
3477 2652 3624 2697 cau-

2075 2761 2174 2817 sat
2227 2754 2473 2816 directe
2532 2754 2988 2817 remissionem
3039 2753 3297 2830 peccati
3352 2752 3620 2830 proprii,

2078 2871 2234 2933 nihil
2290 2872 2601 2950 relinquit
2669 2868 3075 2932 causandum
3132 2869 3318 2942 alteri
3376 2867 3625 2930 directe

2076 2991 2181 3051 vel
2220 2987 2539 3053 indirecte
2597 2988 2967 3065 respective
3027 2986 3111 3048 ad
3169 2984 3372 3047 idem.
3418 2985 3628 3045 Minus

2078 3108 2276 3170 etiam
2332 3121 2562 3167 verum
2631 3110 2731 3167 est
2788 3101 2969 3185 quod
3029 3101 3276 3165 ibidem
3365 3103 3626 3176 asserit,

2076 3224 2480 3301 Baptismum
2514 3237 2786 3285 causare
2816 3222 3277 3282 remissionem
3328 3229 3629 3295 peccato·

2077 3357 2248 3413 rum,
2324 3346 2453 3401 tam
2528 3336 3044 3417 praecedentium
3135 3351 3335 3413 quam
3428 3337 3625 3397 etiam

2075 3454 2377 3528 fictioniS,
2439 3454 2799 3517 accedente
2855 3468 2994 3514 sota
3057 3451 3412 3524 attritione,
3487 3466 3631 3529 quae

2077 3580 2255 3635 extra
2301 3574 2798 3634 Sacramentum
2819 3567 3184 3650 justificare
3215 3569 3469 3647 nequit.

2155 3691 2295 3752 Haec
2362 3688 2656 3750 doctrina
2715 3687 3030 3764 supponit
3093 3684 3229 3747 dari
3295 3685 3621 3749 diversam
3687 3709 3931 3774 nai-iper

2074 3804 2351 3885 gratiam
2380 3821 2496 3884 per
2536 3809 2885 3882 utrumque
2919 3804 3416 3863 Sacramentum
3448 3818 3622 3863 com·
3681 3781 3952 3903 ”gr'gfflff

2075 3924 2351 4001 pletum,
2425 3922 2580 4000 quia
2654 3921 2847 3983 datur
2937 3918 3147 3997 gratia
3219 3917 3630 3996 baptismalis
3684 3902 3949 3964 ⁰⁰¹¹¹P¹⁶2⁸·

2076 4054 2221 4117 quae
2261 4041 2529 4112 inesset,
2563 4034 2616 4097 si
2659 4033 2828 4098 fictio
2874 4050 3009 4096 non
3040 4035 3516 4109 praecessisset,
3565 4036 3632 4095 et

2077 4156 2353 4218 ulterius
2381 4153 2590 4233 gratia
2621 4150 3121 4231 poenitentialis,
3171 4151 3281 4211 Est
3330 4164 3624 4212 commu-

2077 4276 2223 4337 nior
2264 4272 2612 4341 sententia,
2648 4284 2846 4348 quam
2905 4269 3149 4329 Doctor
3176 4270 3249 4327 ut
3281 4265 3634 4343 probabili·

2078 4404 2263 4451 orem
2323 4384 2624 4449 defendit
2692 4385 2899 4460 primo
2964 4384 3152 4455 1000,
3215 4385 3283 4443 et
3351 4380 3632 4460 perinde

2077 4504 2388 4584 applicari
2451 4506 2670 4580 potest
2721 4500 2805 4562 ad
2861 4502 3125 4573 fictum,
3180 4498 3292 4579 qui
3349 4497 3636 4576 resurgit

2078 4622 2165 4686 ad
2195 4619 2557 4700 perfectam
2590 4620 3072 4695 contritionem,
3105 4633 3252 4696 quae
3302 4623 3482 4678 extra
3520 4615 3639 4675 Sa-

2082 4743 2487 4801 cramentum
2545 4737 2901 4817 requiritur
2944 4735 3027 4797 ad
3076 4732 3437 4795 tollendam
3468 4730 3634 4793 floti-

2081 4875 2300 4930 onem,
2334 4862 2407 4917 ut
2437 4855 2776 4934 supponit.

2159 4971 2247 5052 (e)
2303 4973 2501 5034 Aliter
2535 4976 2738 5047 potest
2783 4970 2933 5040 dici,
2984 4971 3111 5028 etc.
3160 4964 3270 5025 Hic
3341 4959 3635 5025 ostendit
3785 5031 3844 5082 33

2084 5093 2330 5153 Doctor
2384 5091 2576 5152 aliam
2633 5088 2804 5148 viam
2864 5083 3268 5147 defendendi
3335 5080 3629 5154 modum,
3688 5068 3950 5147 secunhus

2085 5227 2215 5289 quo
2273 5207 2443 5270 fictio
2505 5206 2806 5268 deleatur
2863 5209 2930 5266 et
2985 5204 3365 5265 restituatur
3424 5200 3635 5280 gratia
3705 5157 3932 5270 (1ἳῖᾒῖ

2084 5324 2516 5403 baptismalis,
2552 5338 2682 5384 non
2712 5321 2779 5382 in
2823 5336 2921 5394 se,
2954 5319 3076 5382 sed
3105 5319 3170 5380 in
3196 5317 3634 5396 aequivalenti,

2089 5459 2219 5523 qua
2263 5441 2512 5503 scilicet
2542 5438 2813 5500 daretur
2865 5439 3076 5517 gratia
3128 5433 3485 5515 perfectior
3525 5450 3632 5495 re-

2086 5556 2391 5637 surgenti
2434 5572 2554 5634 per
2597 5555 3083 5634 poenitentiam,
3131 5566 3326 5629 quam
3379 5551 3463 5610 sit
3503 5544 3638 5621 illa,
