4287 6313
566 392 687 452 522

588 556 740 621 Haec
806 554 1082 641 quaestio
1149 554 1360 640 magis
1425 553 1569 619 fuse
1631 552 1999 638 disputatur
2056 550 2121 615 in

578 681 853 738 tractatu
892 670 974 736 de
1013 670 1161 736 fide.

666 787 849 863 Quod
889 786 1124 852 deinde
1167 789 1399 851 Doctor
1457 786 1563 851 hic
1620 785 1854 851 asserit
1885 785 1964 850 de
1996 784 2112 850 du·

579 903 814 969 hietate
844 900 1158 989 Baptismi
1192 922 1272 967 ex
1306 900 1702 988 projectione
1743 900 2008 966 infantis
2054 900 2118 965 in

578 1026 849 1102 puteum
936 1034 1131 1100 supra
1208 1024 1551 1080 tractatum
1648 1022 1747 1078 est
1821 1013 1978 1080 dist.
2050 1019 2114 1081 4.

577 1141 809 1217 quoest.
884 1129 948 1196 3.
1023 1131 1113 1194 Ex
1188 1129 1313 1193 hoc
1377 1140 1591 1193 autem
1662 1127 1801 1192 loco
1873 1124 2124 1211 colligit

579 1245 975 1312 Scholiastes
1062 1247 1396 1309 Doctorem
1476 1263 1669 1328 posse
1736 1241 1929 1307 etiam
2008 1262 2123 1327 pro

585 1360 979 1426 affirmativa
1010 1374 1191 1446 parte
1229 1357 1514 1436 defendi,
1553 1358 1704 1444 quia
1756 1355 1926 1421 illam
1971 1378 2124 1422 sen-

588 1476 853 1542 tentiam
897 1476 1093 1541 refert
1138 1488 1445 1562 tanquam
1488 1474 1778 1553 alteriuS‚
1816 1492 1935 1537 nec
1976 1492 2125 1557 pro-

589 1592 720 1669 bat,
787 1610 905 1656 nec
944 1590 1290 1675 improbat,
1337 1589 1508 1676 quod
1557 1608 1789 1654 verum
1848 1597 1970 1662 est,
2011 1606 2128 1651 nec

591 1728 731 1773 eam
775 1717 999 1773 tenere
1035 1706 1295 1772 videtur
1328 1718 1634 1791 tanquam
1676 1714 1916 1768 certam
1949 1727 1963 1779 ;
2017 1704 2128 1768 secl

588 1824 882 1909 apposite
945 1823 1052 1890 hic
1126 1843 1269 1888 eam
1352 1822 1530 1898 citat,
1621 1820 1773 1907 quia
1847 1819 2127 1885 dubitari

590 1952 803 2028 potest
849 1960 995 2005 cum
1048 1937 1470 2005 fundamento
1520 1936 1600 2003 de
1651 1936 1872 2003 valore
1913 1933 2128 2020 Bapti-

589 2057 738 2135 smi,
790 2076 938 2122 cum
991 2077 1149 2143 ergo
1196 2067 1445 2121 certum
1516 2053 1600 2119 sit
1658 2062 1991 2140 peccatum
2051 2069 2131 2113 ex

592 2172 1130 2261 parteministri,
1178 2191 1388 2257 neque
1434 2180 1654 2236 certus
1704 2180 1802 2234 est
1853 2166 2132 2246 fructus,

590 2304 698 2356 aut
737 2290 922 2356 valor
962 2289 1272 2375 Baptismi
1314 2298 1613 2372 respectu
1667 2284 1958 2363 infantis,
2020 2283 2133 2349 sed

592 2406 858 2472 omnino
906 2405 1167 2483 dubim,
1228 2403 1479 2469 tollitur
1526 2422 1605 2467 ex
1644 2402 1767 2466 hoc
1817 2400 2134 2466 motivum

594 2524 675 2591 de
718 2524 927 2591 salute
967 2535 1141 2591 certa
1196 2522 1484 2601 infantiS,
1531 2540 1606 2586 ac
1649 2519 1921 2606 proinde
1962 2518 2134 2584 illius

595 2640 870 2708 actionis
920 2640 986 2705 in
1037 2639 1246 2727 praxi,
1300 2659 1336 2704 a
1385 2657 1511 2725 qua
1558 2637 1663 2702 vel
1708 2636 1921 2722 ipsum
1964 2655 2132 2719 prae-

597 2771 857 2845 ceptum
897 2758 1221 2835 divinum,
1282 2777 1418 2822 non
1455 2754 1731 2833 occider,
1776 2752 2138 2819 absterrere

598 2875 812 2952 debet,
903 2885 967 2941 et
1042 2871 1404 2959 periculum
1481 2870 1561 2936 de
1647 2868 1942 2934 nullitate
2018 2870 2138 2932 Ba-

602 2992 843 3078 ptismi.

1174 3197 1571 3253 SCHOLIUM.

676 3408 979 3477 posquam
1066 3402 1277 3459 docuit
1361 3414 1481 3456 nou
1566 3399 1760 3454 licere
1835 3397 2145 3469 projicere

603 3519 873 3578 puerum
929 3506 996 3560 in
1047 3504 1429 3574 puteum,·ut
1460 3499 1806 3570 baptizetur
1855 3496 2002 3567 (ubi
2044 3497 2146 3551 in-

606 3605 765 3671 nuit,
798 3603 961 3673 quod
992 3603 1236 3658 valeret
1284 3600 1431 3655 talis
1462 3599 1834 3669 Baptismus,
1868 3598 1969 3653 vel
2022 3597 2148 3651 sal-

603 3708 725 3760 tem
759 3701 999 3758 dubitat
1029 3699 1104 3755 de
1135 3700 1269 3766 hoc,
1303 3698 1451 3754 licet
1492 3696 1554 3752 id
1595 3711 1824 3764 negare
1854 3694 2148 3751 videatur

607 3815 745 3871 sup.
779 3800 837 3856 d.
870 3800 924 3855 4.
977 3813 1032 3869 q.
1079 3798 1133 3853 3.
1187 3798 1334 3868 quia
1382 3797 1565 3852 affert
1614 3796 1952 3865 oppositam
2004 3808 2148 3848 sen-

608 3900 864 3956 tentiam
900 3894 1199 3953 Richardi
1250 3894 1535 3964 negantis
1583 3893 1820 3960 valere,
1848 3906 1962 3948 nec
2010 3905 2146 3945 eam

609 3997 933 4071 approbat,
967 4011 1080 4052 nec
1110 3994 1458 4066 reprobat),
1487 3992 1744 4048 resolvit
1777 3990 1954 4048 modo
1996 3990 2149 4060 quid

610 4097 985 4164 faciendum,
1012 4097 1258 4167 quando
1276 4096 1567 4153 minister
1595 4093 1751 4150 falso
1793 4093 1911 4150 sibi
1935 4087 2153 4146 suadet

609 4199 1019 4270 baptizatione
1052 4194 1548 4254 interimendum
1571 4208 1863 4266 puerum.

699 4381 919 4464 Quod
963 4380 1061 4470 (b)
1141 4378 1208 4449 si
1289 4375 1821 4470 praesumptio
1877 4374 2033 4446 illa'
2061 4375 2150 4445 de

610 4502 877 4572 morte
910 4495 1364 4569 imminenti
1458 4495 1581 4566 vel
1629 4491 2153 4567 acceleranda

612 4617 952 4707 propter
1010 4613 1547 4705 Baptismum‚
1605 4632 1762 4684 non
1820 4612 1924 4684 sit
1986 4631 2153 4682 cer-

607 4736 717 4812 ta,
757 4732 888 4804 sed
934 4731 1160 4812 leviS,
1216 4735 1297 4804 et
1352 4729 1567 4803 forto
1633 4726 2150 4801 irrationabi-

612 4851 741 4931 lis,
788 4852 1069 4941 utpote
1140 4849 1207 4920 si
1251 4846 1643 4941 parvulus
1738 4844 1864 4918 vel
1933 4844 2168 4944 adulf

613 4971 746 5040 tus
797 4968 919 5038 est
974 4965 1053 5037 in
1131 4964 1485 5037 articulo
1525 4961 1816 5035 mortis
1860 4959 2155 5033 consti-

613 5088 865 5165 tutus,
929 5082 1134 5163 dico,
1231 5081 1435 5172 quod
1486 5079 1786 5150 habens
1847 5077 2157 5150 consci-

609 5201 915 5275 entiam
1016 5200 1109 5273 de
1190 5197 1785 5271 acceleratione
1863 5195 2156 5268 mortis

616 5321 805 5397 talis
876 5317 1178 5391 infirmi
1294 5337 1441 5411 per
1520 5313 2156 5408 baptizationem

611 5441 812 5537 ejus,
868 5436 1105 5508 habet
1186 5431 1771 5508 conscientiam
1832 5448 2158 5502 errone-

621 5579 777 5642 am,
853 5575 1052 5647 quae,
1130 5553 1191 5625 si
1310 5551 1580 5623 nullus
1651 5549 1861 5621 alius
1949 5547 2157 5619 adsit

1640 389 1786 451 Lm.
1860 389 1961 451 IV.
1994 388 2419 452 SENTENTIA
2427 388 2590 452 RUM

2232 549 2365 639 qui
2434 548 2819 641 baptizet,
2897 552 3093 625 facit
3177 572 3362 624 eum
3467 552 3773 645 perple—

2228 685 2449 736 xum.
2503 667 2793 739 Nullus
2847 668 3061 740 enim
3143 669 3574 761 perplexus
3643 672 3769 741 est

2227 802 2328 852 ex
2371 781 2548 873 lege
2603 783 2897 866 divina,
2948 786 3078 857 sed
3147 790 3415 878 potest
3466 806 3644 857 esse
3690 786 3768 857 in

2232 897 2505 989 aliquo
2565 902 2750 973 actu
2864 901 2993 972 vel
3077 921 3268 973 casu
3334 901 3770 995 perplexus

2232 1033 2330 1084 ex
2393 1033 2743 1087 erronea
2828 1015 3193 1099 scientia,
3257 1037 3443 1089 nam
3522 1018 3589 1089 si
3688 1018 3773 1089 il-

2235 1128 2306 1199 le
2352 1128 2673 1201 decedat
2739 1131 2911 1202 sine
2995 1131 3445 1223 Baptismo,
3557 1132 3776 1204 dam-

2235 1248 2524 1325 natur;
2571 1265 2767 1335 ergo
2818 1246 2950 1318 ille
3009 1252 3332 1322 tenetur
3380 1248 3472 1320 de
3513 1270 3777 1321 neces-

2239 1359 2482 1433 sitate
2562 1361 2879 1443 salutis,
2946 1364 3087 1449 (si
3155 1363 3427 1434 nullus
3497 1364 3779 1455 adsit)

2237 1475 2654 1566 baptizare
2759 1478 3031 1560 istum,
3090 1500 3187 1550 ne
3289 1480 3776 1561 damnetur;

2242 1589 2502 1679 magis
2553 1591 2768 1663 enim
2801 1586 3127 1666 tenetur
3158 1592 3493 1683 diligere
3526 1595 3779 1668 vitam

2239 1707 2415 1796 ejus
2483 1710 2902 1789 aeternam,
2978 1730 3215 1800 quarn
3292 1710 3546 1783 vitam
3608 1711 3782 1801 ejus

2243 1822 2805 1914 temporalem.
2935 1826 3014 1897 Si
3103 1844 3300 1916 orgo
3355 1833 3780 1919 peccaret.

2242 1957 2401 2008 non
2448 1940 2830 2012 salvando
2886 1941 2965 2012 in
3008 1962 3200 2013 casu
3264 1942 3784 2015 necessitatis

2240 2053 2496 2128 vitam
2539 2057 2712 2147 ejus
2755 2058 3298 2150 corporalem,
3355 2063 3545 2150 puta
3604 2078 3786 2150 per-

2248 2171 2634 2245 mittendo
2697 2194 2880 2245 eum
2933 2174 3370 2266 submergi,
3442 2176 3787 2248 nolendo

2244 2289 2318 2359 ei
2372 2288 2801 2379 porrigere
2845 2307 3172 2360 manum
3216 2289 3313 2361 ad
3359 2289 3783 2362 extrahen-

2244 2406 2454 2484 dum,
2515 2405 2771 2476 multo
2823 2405 3080 2496 magis
3145 2410 3520 2496 peccaret
3574 2427 3789 2478 mor-

2250 2519 2529 2591 taliter
2587 2519 3124 2611 permittendo
3173 2520 3418 2591 istum
3469 2520 3796 2592 damna-

2253 2636 2321 2708 ri
2354 2638 2692 2728 propter
2750 2635 3148 2708 defectum
3200 2636 3626 2729 Baptismi.
3711 2637 3791 2709 Si

2249 2753 2494 2824 etiam
2552 2752 2686 2824 ille
2748 2756 3016 2826 stante
3081 2749 3220 2823 illa
3291 2754 3790 2827 conscientia

2250 2888 2628 2949 erronea,
2693 2869 2896 2960 quod
2949 2868 3423 2961 baptizando
3492 2872 3794 2944 accele-

2256 2991 2380 3059 ret
2416 2989 2789 3066 mortem,
2816 2983 3195 3076 baptizet,
3235 2990 3514 3077 peccat
3545 2988 3792 3061 etiam

2257 3092 2749 3172 mortaliter,
2822 3092 3007 3184 quia
3094 3093 3525 3166 secundum
3606 3115 3797 3168 con-

2257 3213 2683 3288 scientiam
2718 3211 2915 3282 facit
2984 3208 3532 3284 homicidium.
3596 3213 3792 3295 Quid

2255 3348 2454 3421 ergo
2486 3334 2521 3398 ἐ’
2574 3330 2921 3400 Necesse
2970 3332 3094 3401 est
3141 3328 3248 3418 (si
3282 3328 3553 3400 nullus
3588 3329 3797 3400 alius

2257 3445 2491 3527 adsit,
2531 3442 2659 3536 qui
2698 3442 2958 3535 possit
2998 3443 3471 3535 baptizare)
3537 3445 3799 3518 dimit-

2255 3565 2430 3634 tere
2491 3559 2734 3630 istam
2813 3559 3426 3641 conscientiam,
3485 3561 3670 3653 quia
3720 3562 3797 3634 in

2259 3698 2447 3751 casu
2495 3677 2660 3760 illo,
2706 3676 3021 3748 nullum
3090 3679 3211 3748 est
3265 3678 3478 3750 aliud
3542 3699 3793 3752 reme-

2259 3793 2473 3865 dium
2533 3793 2837 3866 vitandi
2927 3797 3347 3886 peccatum
3422 3796 3798 3868 mortale.

2262 3911 2622 4002 Apparet
2685 3910 2934 3983 etiam
3016 3909 3219 3982 satis
3300 3911 3803 3985 rationabili·

2261 4031 2414 4110 ter,
2452 4027 2655 4118 quod
2683 4027 2823 4099 illa
2849 4027 3381 4119 praesumptio
3417 4032 3540 4102 est
3574 4025 3799 4102 fatua

2259 4149 2339 4218 et
2371 4143 2995 4228 irrationabiliS,
3041 4144 3226 4237 quia
3260 4165 3418 4216 non
3457 4146 3801 4219 multum

2264 4263 2596 4334 noceret
2671 4261 2918 4333 etiarn
3015 4262 3386 4352 graviter
3480 4260 3806 4335 infirmo

2263 4399 2555 4471 parum
2591 4378 2920 4470 aspergi
2964 4379 3052 4449 de
3088 4399 3296 4469 aqua
3333 4378 3412 4450 in
3490 4380 3794 4472 capite;

2263 4498 2341 4568 et
2403 4493 2471 4566 si
2535 4494 2750 4568 forte
2819 4513 3029 4585 aqua
3090 4494 3390 4585 frigida
3441 4501 3803 4579 noceret,

2266 4610 2557 4682 saltem
2620 4609 2888 4702 tepida
2969 4629 3129 4680 non
3198 4613 3557 4693 noceret,
3625 4611 3810 4702 quia

2270 4725 2588 4819 parvuli
2673 4725 3103 4797 tenerrimi
3191 4746 3339 4817 pro
3456 4727 3808 4799 remedio

2266 4843 2752 4915 balneantur
2796 4862 3004 4933 aqua
3048 4842 3340 4934 tepida.

2358 4960 2502 5033 Sed
2537 4957 2919 5051 numquid
2961 4958 3381 5049 baptizans
3427 4981 3605 5032 cum
3643 4960 3803 5034 ista

3871 681 4055 733 Nullus

3823 745 4094 811 perplexus

3852 823 3915 857 ex
3952 806 4065 870 lege

3864 869 4050 918 divina.

3895 4998 4009 5046 Non
4040 5002 4120 5045 est

2270 5075 2771 5148 conscientia
2838 5095 3186 5147 erronea
3228 5079 3352 5150 est
3411 5057 4150 5169 ir1²egula-⁵¹·‘0{1;¹ffl·1⁸

2273 5191 2415 5272 ris,
2489 5191 2556 5262 si
2628 5195 2812 5283 post
2883 5212 3106 5262 mors
3179 5196 3808 5284 sequatur?Re-

2272 5308 2650 5399 spondeo,
2684 5327 2842 5378 non
2876 5311 3001 5380 est
3048 5308 3564 5399 irregularis,
3623 5313 3811 5401 quia

2270 5423 2493 5495 nulla
2563 5424 2688 5495 lex
2774 5424 3354 5498 Ecclesiastica
3414 5431 3807 5517 quantum

2275 5539 2367 5612 ad
2438 5539 2657 5621 illud,
2740 5540 2992 5613 reddit
3037 5540 3612 5633 irregularem,
3646 5545 3805 5618 nisi

3840 5182 4148 5238 homicidiO,

3869 5247 3967 5295 nisi
4019 5259 4143 5295 vere

3879 5307 4139 5358 homicida
4153 5345 4165 5357 .
