4287 6313
1726 403 1926 465 n1s'r.
1962 402 2007 463 ι.
2052 398 2411 477 ouAEs'rlo
2464 400 2537 458 ιι.

597 569 957 643 Secundo
998 568 1200 649 dico,
1257 569 1458 661 quod
1508 566 1885 662 possibile
1924 569 2050 640 est

502 690 764 760 Deum
839 686 1255 779 imponere
1339 685 1663 778 aliquod
1730 684 2051 775 signum

503 805 608 877 ad
649 803 1130 895 signandum
1192 803 1441 876 istum
1499 801 1873 875 effectum
1936 801 2053 872 in-

505 921 942 994 visibilem.
983 921 1154 992 Hoc
1188 922 1436 1012 patet,
1476 919 1662 1011 quia
1695 940 1842 990 nos
1878 939 2052 1012 pos-

508 1057 792 1110 sumus
847 1039 1264 1129 imponere
1298 1036 1531 1128 signa
1589 1037 1684 1108 ad
1736 1037 2054 1126 signan-

506 1157 697 1228 dum
788 1155 1345 1247 quodcumque
1433 1152 1941 1245 intelligibile
2010 1174 2057 1226 a

203 1292 432 1403 353¹?OE
510 1270 767 1342 nobis.
820 1274 1018 1344 Cum
1053 1275 1324 1343 autem
1357 1269 1765 1342 dividatur
1804 1269 1883 1341 in
1932 1291 2056 1342 re-

249 1372 262 1403 ι
325 1370 414 1413 ex,

174 1370 487 1466 rememora-

227 1481 417 1539 tivum,

199 1542 457 1606 pronosti-

234 1619 388 1665 cum,

170 1668 487 1717 demonstra·

219 1732 404 1782 tivum.

517 1389 1168 1471 memorativum,
1208 1389 1409 1481 quod
1441 1393 1566 1461 est
1617 1388 2052 1481 praeteriti;

513 1514 597 1582 et
637 1507 1285 1601 prognosticum,
1342 1508 1547 1599 quod
1586 1512 1710 1582 est
1753 1506 2051 1591 futuri3

511 1631 593 1699 et
630 1624 1389 1706 demonstrativum,
1438 1624 1644 1716 quod
1685 1628 1809 1697 est
1852 1645 2057 1716 prae-

513 1742 811 1823 sentis;
876 1740 1264 1834 possibile
1320 1743 1442 1812 est
1519 1742 1775 1812 Deum
1835 1740 2060 1814 insti-

510 1865 742 1932 tuere
811 1859 1359 1952 quodcumque
1394 1857 1745 1929 istorum
1790 1857 2057 1949 signo-

505 1995 690 2049 rum
751 1976 847 2048 ad
899 1975 1375 2067 signandum
1419 1996 1610 2047 suos
1687 1974 2048 2049 effectus,

498 2092 720 2176 Quod
751 2091 1001 2165 etiam
1045 2091 1463 2185 probatur,
1493 2091 1681 2184 quia
1709 2112 1857 2164 nos
1881 2112 2056 2184 pos-

501 2230 787 2282 sumus
822 2210 1377 2300 quodcumque
1403 2208 1753 2281 istorum
1788 2208 2055 2300 signo-

507 2345 692 2398 rum
747 2325 1180 2399 instituere
1221 2326 1315 2399 ad
1359 2324 1838 2415 signandum
1875 2346 2056 2397 nos-

519 2448 702 2516 tros
767 2441 1146 2522 effectus3
1238 2440 1353 2513 sic
1406 2441 1620 2512 enim
1676 2442 2056 2517 instituta

503 2562 696 2632 sunt
752 2578 798 2629 a
851 2558 1086 2630 nobis
1137 2559 1634 2651 juramenta,
1709 2560 2051 2651 promis-

501 2677 775 2749 siones
834 2678 915 2749 et
975 2673 1212 2765 signa
1250 2674 1711 2768 hujusmodi
1761 2677 2055 2767 obliga·

499 2791 858 2875 toria,ad
890 2790 1372 2881 signandum
1406 2795 1783 2865 nostrum
1826 2791 2054 2865 effec-

500 2912 682 2981 tum
741 2908 1150 2989 futurum;
1223 2906 1351 2980 vel
1419 2909 1877 2982 assertoria
1957 2910 2052 2980 ad

504 3024 992 3117 signandum
1068 3023 1446 3098 effectum
1533 3024 2052 3117 praeteritum

501 3140 629 3212 vel
671 3143 1184 3232 praesentem.

591 3258 958 3330 Ulterius
1014 3278 1404 3352 suppono,
1452 3259 1657 3350 quod
1710 3260 2050 3352 possibi-

503 3377 582 3447 le
652 3379 776 3449 est
857 3378 1115 3448 Deum
1183 3376 1730 3450 determinare
1818 3398 1901 3448 se
1971 3380 2051 3450 et

500 3492 962 3583 disponere,
1033 3497 1119 3567 ut
1191 3496 1680 3584 cooperetur
1742 3494 1837 3565 ad
1911 3493 2053 3565 ali-

505 3609 716 3701 quod
758 3608 1077 3702 signum
1134 3609 1231 3682 ab
1271 3631 1364 3681 eo
1426 3608 1894 3684 institutum
1955 3612 2050 3683 ad

507 3727 1005 3799 causandum
1038 3725 1410 3798 effectum
1455 3725 1896 3817 signatum,
1939 3727 2052 3798 ni-

507 3843 582 3915 si
652 3841 1032 3934 impediat
1117 3842 1629 3934 indispositio
1685 3844 1860 3936 ejus
1922 3845 2050 3917 cui

504 3957 961 4030 adhibetur.
1035 3960 1291 4041 Patet,
1349 3960 1536 4052 quia
1582 3961 1791 4034 sicut
1834 3966 2050 4035 osset

505 4073 894 4166 possibile
972 4072 1054 4145 in
1117 4074 1374 4157 nobis,
1448 4077 1655 4168 quod
1747 4077 2048 4171 aliquid

507 4190 949 4266 instituens
1039 4191 1363 4282 signum
1462 4193 1795 4267 effectus
1891 4196 2041 4281 sui,

506 4307 971 4399 disponeret
1057 4329 1141 4380 se
1209 4328 1530 4401 semper
1615 4313 2048 4403 cooperari

514 4423 978 4513 hujusmodi
1037 4424 1296 4515 signo,
1401 4425 1561 4498 nisi
1623 4426 2051 4519 impediret

508 4541 647 4614 ille
690 4541 817 4614 cui
867 4540 1386 4615 adhiberetur
1430 4547 1676 4635 ;puta
1740 4544 1806 4616 si
1869 4546 2049 4639 quis

513 4658 888 4732 instituat
944 4679 1090 4752 pro
1151 4660 1384 4752 signo
1439 4661 1690 4754 pacis,
1744 4663 1870 4734 vel
1919 4663 2049 4735 be-

507 4775 990 4848 nevolentiae
1030 4779 1339 4850 tactum
1386 4796 1698 4859 manus,
1743 4777 1870 4850 vel
1902 4779 2048 4850 ele·

507 4892 921 4965 vationem
1017 4893 1277 4985 digiti,
1342 4893 1468 4966 vel
1554 4894 2044 4987 hujusmodi,

506 5016 780 5103 posset
831 5011 1266 5084 instituens
1328 5012 1490 5084 tale
1549 5013 1870 5104 signum
1920 5015 2048 5085 de-

501 5127 947 5200 terminare
989 5148 1073 5199 se
1115 5128 1210 5200 ad
1246 5149 1569 5220 semper
1612 5150 2048 5224 cooperan-

495 5243 682 5315 dum
752 5245 844 5317 ad
913 5244 1289 5317 effectum
1378 5244 1814 5336 signatum,
1889 5247 2047 5320 nisi

499 5360 1013 5453 indispositio
1083 5361 1284 5452 ejus,
1331 5361 1461 5434 cui
1527 5362 2050 5435 adhiberetur

500 5478 844 5569 signum,
892 5478 1366 5570 impediret;
1414 5479 1576 5553 tale
1630 5484 1903 5553 autem
1948 5480 2047 5553 si-

497 5623 762 5696 gnum,
810 5603 943 5677 cui
1015 5603 1452 5679 instituens
1515 5607 1869 5701 disponit
1927 5629 2046 5681 re-

3610 384 3719 444 105

2164 559 2571 652 gulariter
2658 553 3115 648 cooperari,
3214 551 3482 644 potest
3566 548 3721 622 dici

2166 679 2488 770 signum
2519 695 2770 748 verax
2823 673 2950 744 vel
3011 675 3353 749 certum,
3435 668 3530 740 ad
3570 666 3721 739 dis-

2165 795 2646 870 tinctionem
2704 790 2917 881 signi
2968 788 3263 861 incerti
3301 786 3426 859 vel
3474 783 3715 877 aequi-

2166 914 2374 995 voci,
2412 911 2616 1006 quod
2656 910 3084 1002 aequaliter
3151 905 3388 979 habet
3442 919 3714 974 secum

2170 1032 2583 1122 signatum
2631 1026 3189 1103 concomitans
3231 1022 3357 1094 vel
3401 1017 3715 1112 opposi-

2170 1153 2366 1224 tum.
2398 1146 2738 1239 Proprie
2762 1150 3032 1218 tamen
3059 1141 3361 1214 dicitur
3394 1138 3716 1228 signum

2168 1266 2481 1348 efficaX,
2554 1264 2623 1335 si
2665 1260 3017 1334 adhibito
3053 1258 3311 1348 signo,
3350 1252 3719 1346 sequitur

2172 1384 2591 1474 signatum
2642 1378 2922 1452 ordine
2963 1381 3306 1453 naturae,
3363 1375 3442 1445 et
3474 1390 3634 1443 non
3675 1388 3717 1439 e

2170 1518 2592 1581 converso,
2664 1495 2851 1588 quia
2920 1493 2986 1565 si
3067 1492 3387 1580 signum
3448 1507 3719 1579 seque-

2173 1620 2405 1689 retur
2456 1614 2868 1706 signatum
2956 1627 3188 1681 suum
3261 1604 3537 1677 ordine
3578 1622 3720 1674 na-

2168 1740 2403 1814 turae,
2494 1731 2648 1805 etsi
2749 1731 3025 1822 posset
3118 1744 3295 1797 esse
3400 1720 3718 1811 signum

2167 1857 2513 1933 certum,
2589 1849 2659 1921 si
2716 1865 3127 1938 nunquam
3187 1842 3508 1915 careret
3578 1837 3720 1909 illo

2169 1972 2493 2063 signato
2536 1964 3057 2060 praecedente,
3103 1980 3265 2032 non
3307 1963 3579 2033 tamen
3613 1976 3724 2027 es-

2169 2090 2288 2160 set
2332 2084 2646 2165 efficax,
2720 2080 2905 2174 quia
2955 2077 3179 2150 nullo
3233 2074 3465 2147 modo
3539 2072 3715 2165 ejus

2168 2202 2470 2298 positio
2540 2198 2990 2272 efficaciam
3051 2195 3386 2267 haberet
3452 2209 3716 2282 respe-

2168 2324 2300 2395 ctu
2346 2317 2677 2410 signati,
2744 2316 2876 2388 sed
2935 2335 2977 2386 e
3043 2330 3474 2386 converso.

2256 2438 2565 2510 Ultimo
2625 2434 2824 2516 dico,
2900 2431 3104 2524 quod
3167 2431 3289 2501 est
3333 2425 3720 2520 possibile

2167 2561 2424 2631 Deum
2469 2554 2564 2626 ad
2598 2550 3072 2643 signandum
3107 2546 3484 2620 effectum
3518 2563 3719 2637 prae·

2167 2675 2499 2754 dictum,
2534 2678 2612 2741 et
2659 2668 2887 2740 modo
2936 2663 3347 2757 praedicto,
3399 2659 3713 2734 scilicet

2171 2786 2860 2865 certitudinaliter
2911 2787 2991 2855 et
3041 2780 3509 2859 efficaciter,
3552 2777 3714 2850 ins-

2169 2905 2473 2980 tituere
2545 2902 2865 2993 signum
2919 2899 3244 2991 aliquod
3303 2896 3705 2969 sensibile.

2173 3025 2344 3095 Hoc
2405 3024 2773 3114 apparet,
2821 3018 3010 3111 quia
3061 3022 3142 3091 et
3226 3036 3374 3088 nos
3439 3032 3717 3107 possu-

2166 3162 2344 3213 mus
2389 3138 2710 3232 aliquod
2763 3137 3083 3228 signum
3130 3132 3508 3207 sensibile
3560 3129 3715 3203 ins-

2166 3259 2467 3333 tituere
2571 3256 2664 3327 ad
2754 3253 3231 3345 signandum
3336 3249 3713 3323 effectum

2168 3377 2545 3447 nostrum
2606 3393 2789 3445 cum
2861 3370 3025 3442 illis
3113 3364 3707 3441 conditionibus

2167 3491 2620 3584 praedictis;
2660 3510 2803 3562 nec
2840 3488 3101 3560 solum
3177 3483 3440 3578 potuit
3491 3481 3717 3554 insti-

2168 3610 2286 3684 tui
2329 3628 2575 3680 unum
2618 3608 2882 3679 solum
2927 3606 3247 3696 signum
3304 3597 3705 3680 sensibile,

2170 3727 2303 3800 sed
2342 3725 2592 3799 etiam
2642 3722 3019 3796 sensibile
3077 3721 3314 3812 plura
3382 3714 3714 3795 sensibi-

2165 3843 2275 3915 lia
2309 3842 2720 3916 includens
2764 3840 2843 3911 in
2888 3860 2996 3921 se,
3041 3842 3121 3910 et
3160 3836 3310 3908 hoc
3343 3834 3471 3907 vel
3501 3834 3711 3927 ejus-

2165 3964 2339 4034 dem
2365 3979 2676 4038 sensus,
2728 3956 2855 4028 vel
2889 3956 3398 4026 diversorum
3443 3969 3715 4022 sensu-

2166 4099 2327 4150 um.
2376 4077 2599 4152 Sicut
2650 4076 2865 4148 enim
2904 4073 2998 4144 ad
3032 4069 3510 4163 signandum
3541 4086 3714 4161 per-

2165 4195 2598 4269 fectionem
2649 4189 3027 4270 divinam,
3066 4207 3240 4280 quae
3292 4191 3417 4259 est
3448 4204 3709 4256 essen·

2163 4313 2282 4388 tia
2343 4308 2980 4403 simplicissima,
3054 4321 3482 4397 possumus
3557 4300 3710 4372 ins-

2167 4431 2466 4504 tituere
2519 4428 2762 4501 istam
2808 4422 3309 4498 orationem:
3374 4422 3547 4485 Deus
3614 4429 3706 4484 esc

2162 4548 2469 4629 infinitus
2529 4547 2845 4631 perfecte,
2939 4558 3113 4631 quae
3172 4533 3707 4609 constituitur

2164 4682 2261 4733 ex
2307 4660 2584 4732 multis
2628 4656 2963 4750 syllabis
3025 4652 3531 4732 audibilibus,
3589 4652 3706 4725 ita

2165 4797 2596 4872 possumus
2658 4773 3116 4854 instituere,
3186 4769 3386 4862 quod
3430 4768 3704 4860 aliqua

2164 4893 2569 4974 audibilia,
2617 4896 2696 4965 et
2737 4890 3010 4983 aliqua
3065 4885 3423 4959 visibilia
3466 4885 3709 4958 simul

2165 5013 2584 5104 signarent
2609 5011 3089 5100 conceptum
3121 5009 3527 5085 nostrum,
3577 5024 3709 5095 pu-

2165 5135 2249 5204 ta
2283 5128 2488 5221 quod
2519 5129 2791 5200 actum
2825 5122 3406 5197 benevolentiae
3449 5121 3710 5211 signa-

2166 5253 2346 5320 rent
2379 5246 2651 5337 aliqua
2678 5242 2925 5315 verba
2958 5243 3184 5315 certa
3217 5260 3402 5312 cum
3437 5238 3708 5330 aliquo

2164 5371 2350 5439 actu
2407 5383 2716 5445 manuS,
2758 5361 2885 5433 vel
2930 5360 3236 5433 osculo.

2250 5495 2369 5564 Ex
2414 5491 2594 5563 istis
2647 5489 3018 5581 sequitur
3061 5488 3219 5562 ista
3260 5487 3703 5568 conclusio,

2165 5609 2375 5703 quod
2426 5610 2585 5682 ista
2632 5608 2901 5683 oratio
2946 5606 3228 5680 totalis
3271 5627 3431 5678 non
3474 5611 3599 5681 est
3637 5607 3714 5680 in

3797 1097 3850 1148 Si
3885 1164 3894 1174 ι
3924 1114 4009 1148 um

3818 1176 3846 1209 e
3902 1176 3992 1210 cax

3839 1224 3980 1289 quid.

3771 5524 3920 5603 Text:
3959 5553 4006 5602 ⁴.
