4287 6313
205 2254 388 2328 Tertia

145 2332 434 2384 responsio.

175 3114 389 3181 Replicn
400 3154 413 3169 .

159 3607 418 3658 Solvitur.

155 4413 442 4468 Reconcili-

242 4477 348 4529 atio

181 4545 420 4592 Deci-eto-

233 4620 369 4655 ram.

1570 381 1787 446 msr.
1820 381 1919 446 ni.
1971 291 2507 460 ouffls'r'roff

478 542 652 631 quod
727 542 973 632 aliquid
1057 544 1422 612 decreverit
1493 556 1716 612 contra
1772 545 2022 612 traditi-

476 680 668 726 onem
708 681 744 727 a
802 663 1130 748 Stephano
1168 674 1233 728 et
1287 662 1575 729 Concilio
1638 662 1882 730 Niceno
1912 683 2020 730 as-

478 787 745 843 sertam.

569 896 702 959 Hoc
756 914 915 981 ergo
954 893 1167 979 posito
1216 892 1280 960 id
1319 914 1449 960 non
1507 895 1717 980 potuit
1771 915 2022 981 praesu-

483 1031 658 1077 mere
687 1009 989 1077 Nicolaus
1017 1009 1098 1077 de
1127 1009 1376 1091 Iudaeo,
1439 1010 1550 1098 qui
1594 1010 1785 1076 fidem
1841 1011 2024 1076 Chri-

481 1127 564 1194 sti
605 1146 735 1193 non
786 1126 1037 1206 habuit,
1082 1147 1295 1214 neque
1332 1127 1604 1213 proinde
1650 1126 2025 1195 adhaerebat

482 1242 598 1308 ulli
657 1242 1029 1330 particulari
1087 1243 1318 1322 errori,
1380 1254 1606 1310 contra
1681 1243 2022 1310 veritatem

482 1345 907 1440 Sacramenti,
962 1380 1156 1448 quem
1207 1360 1274 1426 in
1316 1360 1522 1427 forma
1582 1360 2019 1446 exprimeret3

481 1485 546 1540 et
598 1475 694 1541 sic
744 1475 1093 1562 respondet
1151 1476 1450 1543 Pontifex
1497 1475 1793 1542 absolute
1837 1475 2026 1561 juxta

482 1591 871 1658 sententiam
939 1592 1250 1680 Stephani
1309 1604 1369 1659 et
1440 1592 1794 1672 Ambrosii,
1877 1613 2027 1679 quae

483 1707 826 1774 traditione
875 1718 940 1773 et
994 1707 1374 1774 definitione
1419 1707 1729 1775 Ecclesiae
1803 1708 2028 1775 fulcie-

486 1827 696 1918 batur.
741 1827 892 1891 Haec
930 1824 1272 1911 responsio
1322 1823 1532 1911 magis
1565 1824 1839 1912 quadrat
1877 1846 2025 1891 sen-

480 1940 703 2006 tentiae
777 1939 1093 2006 asserenti
1160 1939 1516 2006 etiamnum
1591 1939 2020 2027 Baptismum,

484 2059 610 2124 sub
649 2056 921 2143 praefata
970 2056 1202 2136 forma,
1247 2057 1469 2123 datum
1511 2056 1753 2124 valere.

570 2171 1021 2258 Respondetur
1060 2172 1273 2250 terti0‚
1310 2171 1474 2237 nihil
1503 2171 1847 2238 definitum
1882 2193 2028 2239 esse

480 2311 516 2355 a
557 2289 840 2376 Pelagio,
885 2288 998 2355 sed
1047 2288 1421 2355 decrevisse
1471 2288 1634 2355 tales
1685 2289 2029 2355 haereticos

479 2425 624 2472 esse
656 2404 1172 2492 rebaptizandOS,
1210 2404 1512 2491 quamvis
1542 2404 1665 2471 hoc
1693 2404 2025 2471 decretum

479 2530 805 2606 supponat
864 2520 1264 2606 Baptismum
1299 2540 1523 2586 eorum
1556 2519 1764 2586 fuisse
1791 2519 2026 2585 invali-

478 2636 658 2713 dum,
713 2648 777 2702 et
810 2635 1117 2721 baptizari
1172 2635 1413 2702 debere
1449 2636 1572 2701 sub
1612 2636 2026 2702 invocatione

482 2751 841 2831 Trinitatis,
878 2772 955 2817 ex
989 2763 1205 2818 mente
1245 2750 1598 2819 Pontificis.
1646 2755 1776 2817 Hoc
1808 2765 2025 2819 autem

485 2889 613 2935 non
654 2867 931 2952 derogat
970 2867 1129 2955 quin
1175 2869 1544 2954 Baptismus
1581 2866 2030 2954 dispensative

483 2984 563 3049 ab
612 2982 939 3070 Apostolis
970 2983 1172 3051 fuerit
1206 2984 1397 3050 datus
1438 2983 1503 3050 in
1544 2983 1782 3049 Christi
1825 2986 2029 3049 nomi-

485 3123 588 3183 ne,
623 3121 706 3169 ex
746 3100 1014 3170 motivis
1053 3120 1251 3188 supra
1290 3100 1646 3187 expressis,
1684 3099 1893 3180 DiceS,
1930 3099 2028 3165 in-

483 3215 771 3282 curritur
802 3216 972 3282 idem
1007 3214 1500 3291 inconveniens
1538 3215 1686 3300 quia
1720 3215 1816 3281 sic
1847 3214 2028 3280 Pela·

483 3332 633 3418 gius
663 3332 954 3399 decrevit
982 3344 1204 3398 contra
1245 3332 1677 3418 Stephanum,
1722 3343 1785 3397 et
1828 3331 2024 3398 tradi-

484 3449 728 3516 tionem
777 3447 1096 3514 firmatam
1145 3449 1207 3513 in
1251 3448 1517 3514 NicenO.
1577 3449 2031 3536 Respondetur

485 3564 821 3651 Pelagium
851 3574 1149 3631 secutum
1180 3563 1385 3631 fuisse
1416 3565 1711 3652 regulam
1745 3587 2031 3653 evange-

484 3681 699 3761 licam,
734 3682 815 3748 de
846 3702 972 3770 qua
1030 3683 1393 3762 constabat,
1439 3696 1502 3748 et
1531 3683 1812 3769 elegisse
1859 3687 2028 3773 quod

482 3798 687 3866 tutius
761 3808 901 3889 erat
966 3799 1032 3863 in
1108 3818 1261 3864 casu
1329 3799 1687 3885 proposito,
1760 3800 1824 3866 in
1902 3822 2033 3889 quo

481 3916 675 3982 etiam
715 3912 1137 4000 probabiliter
1194 3914 1603 4001 interpretari
1655 3917 1885 4002 potuit,
1921 3939 2034 3985 ne-

483 4052 610 4118 que
676 4030 1109 4117 Stephanum,
1171 4050 1385 4118 neque
1427 4032 1787 4098 Concilium
1856 4032 2030 4099 aliud

486 4147 864 4227 intendisse,
914 4146 1211 4234 quamvis
1242 4147 1608 4234 Cyprianus
1644 4148 2035 4215 intellexerit

486 4266 889 4352 Stephanum
961 4266 1148 4353 Juxta
1213 4263 1479 4330 modum
1542 4263 1849 4352 loquendi
1905 4271 2034 4333 Lu-

488 4402 583 4448 cae
650 4381 714 4446 in
785 4379 962 4446 Actis
1020 4379 1510 4465 Apostolorum.
1555 4382 1765 4447 Verba
1816 4394 2034 4449 tamen

490 4496 804 4582 Stephani
899 4495 1253 4562 admittunt
1361 4496 1663 4563 eumdem
1769 4499 2036 4566 modum

491 4613 1071 4702 interpretationis,
1117 4635 1311 4701 quem
1352 4615 1637 4681 admittit
1672 4616 2032 4703 Scriptura,

492 4744 551 4799 et
638 4752 833 4819 quem
879 4743 1143 4798 secutus
1188 4741 1288 4797 est
1337 4732 1767 4818 Augustinus,
1814 4744 1879 4799 et
1925 4755 2038 4819 po-

492 4847 822 4927 steriores,
859 4858 1098 4933 praeter
1121 4848 1256 4934 jam
1287 4846 1542 4926 citatos,
1579 4861 1642 4913 et
1681 4869 1875 4935 quem
1917 4853 2037 4914 Ec·

492 4961 686 5027 clesia
724 4960 954 5033 habuit
1011 4961 1077 5027 in
1128 4961 1357 5047 praxi:
1402 4961 1466 5027 in
1508 4962 1869 5030 ministerio
1918 4984 2037 5030 au-

492 5091 621 5144 tem
666 5083 1231 5146 sacramentorum
1263 5079 1465 5144 tutior
1513 5099 1662 5165 pars
1708 5079 2039 5167 sequenda

493 5210 613 5264 est.
678 5197 888 5277 DiceS,
936 5216 1094 5283 ergo
1159 5195 1384 5262 debuit
1421 5194 1703 5282 adjicere
1758 5195 2038 5262 conditi-

491 5334 708 5382 onem.
786 5313 1238 5399 Respondetur
1285 5312 1584 5401 negando
1630 5333 2039 5400 consequen-

2349 233 2439 308 4

3580 389 3696 453 315

2132 548 2240 628 tis,
2305 560 2369 615 et
2407 549 2739 638 sequendo
2794 551 3167 640 opinionem
3232 552 3681 638 praescriptam

2133 667 2421 744 Patrum,
2485 667 2696 753 potuit
2735 689 2878 735 esse
2936 669 3004 734 in
3062 689 3136 735 ea
3198 667 3548 748 sententia,
3613 678 3685 733 ut

2133 792 2392 867 putaret
2476 783 2880 869 Baptismum
2946 783 3135 850 aliter
3213 783 3464 861 datum,
3535 802 3685 849 esse

2136 897 2388 964 nullum
2420 899 2843 987 simpliciter:
2889 911 2952 967 et
2996 921 3033 966 e
3075 910 3326 980 contra,
3379 898 3686 966 Nicolaus

2135 1015 2470 1100 sequendo
2525 1016 2941 1083 Ambrosium
2983 1027 3046 1082 et
3084 1015 3488 1102 Stephanum
3526 1015 3686 1102 jux-

2135 1139 2198 1192 ta
2239 1129 2501 1196 modum
2564 1131 3030 1218 interpretandi
3087 1130 3394 1218 Cypriani
3454 1130 3578 1196 fuit
3618 1129 3685 1195 in

2135 1244 2431 1330 opposita
2480 1245 2810 1332 opinione.
2876 1246 3310 1312 Contradictio
3371 1266 3531 1334 ergo
3571 1248 3686 1311 De·

2136 1370 2461 1426 cretorum
2510 1361 2843 1428 reducitur
2900 1360 2979 1428 ad
3035 1362 3377 1448 opiniones
3435 1372 3690 1428 contra·

2138 1475 2291 1555 riaS,
2356 1495 2634 1562 quarum
2676 1489 2903 1543 neutra
2962 1475 3230 1544 definita
3277 1488 3375 1543 est
3423 1477 3504 1542 ab
3565 1476 3689 1541 hoc

2138 1592 2243 1659 vel
2302 1591 2436 1672 illo,
2500 1606 2565 1660 et
2613 1592 2979 1681 inquibus
3029 1593 3388 1660 etiamnum
3450 1613 3687 1680 graves

2138 1709 2451 1797 Theologi
2513 1710 2821 1777 haesitant
2886 1730 3016 1777 non
3076 1710 3486 1778 obstantibus
3545 1710 3686 1798 qui-

2140 1825 2548 1912 buscumque
2604 1825 3056 1893 determinatis
3105 1828 3184 1892 ab
3224 1826 3514 1893 Ecclesia
3562 1826 3687 1892 cir-

2138 1960 2213 2006 ca
2270 1942 2733 2022 ministerium,
2795 1954 2859 2009 et
2924 1941 3303 2031 essentialia
3369 1942 3684 2030 Baptismi

2139 2068 2455 2145 quantum
2501 2057 2579 2124 ad
2612 2058 2899 2126 valorem
2932 2059 3358 2126 Sacramenti.

2228 2175 2469 2241 Eodem
2502 2176 2693 2242 modo
2725 2176 3157 2263 respondetur
3195 2175 3273 2242 ad
3305 2175 3519 2242 locum
3564 2179 3686 2240 Za-

2140 2402 2346 2470 fuisse
2379 2404 2673 2490 regulam
2724 2407 3085 2487 Canonum,
3124 2403 3189 2470 in
3247 2403 3489 2489 quibus
3522 2424 3688 2490 prae-

2139 2520 2470 2600 scribitur,
2516 2532 2589 2587 ut
2636 2521 3009 2607 Baptismus
3060 2520 3172 2587 fiat
3208 2522 3330 2587 sub
3373 2521 3690 2588 invocati-

2136 2657 2262 2702 one
2291 2636 2652 2717 TrinitatiS,
2690 2637 2787 2704 sic
2836 2637 3027 2704 etiam
3065 2637 3417 2723 respondet
3449 2636 3694 2703 Bellar-

2141 2750 2362 2818 minus
2420 2751 2673 2819 nullum
2713 2774 2795 2819 ex
2838 2753 2938 2819 his
2994 2751 3206 2818 tribus
3266 2750 3694 2818 Pontificibus
3795 2821 3801 2826 ,

2141 2867 2388 2954 aliquid
2421 2867 2825 2935 definivisse.

2230 2988 2420 3050 Forte
2459 2986 2655 3051 etiam
2701 2995 2765 3050 et
2794 2984 3096 3052 diversus
3135 2996 3236 3052 est
3282 3007 3477 3053 casus
3536 3007 3692 3073 pro-

2141 3098 2393 3187 positus
2422 3099 2776 3177 Zachariae,
2815 3120 3207 3188 quamquam
3249 3102 3423 3168 enim
3474 3102 3540 3168 in
3574 3101 3696 3169 ini·

2142 3216 2233 3283 tio
2266 3219 2493 3301 probat
2522 3216 3127 3284 determinationem
3162 3219 3430 3286 Concilii
3462 3219 3697 3308 Angli·

2140 3332 2285 3399 cani
2317 3331 2486 3398 circa
2526 3332 2800 3399 formam
2834 3334 3169 3420 Baptismi,
3207 3334 3364 3401 illud
3406 3355 3535 3400 non
3571 3334 3695 3402 fuit

2142 3447 2316 3535 quod
2362 3447 2772 3534 potissimum
2823 3450 2888 3515 in
2960 3451 3326 3539 quaestione
3389 3452 3693 3518 versaba-

2146 3571 2276 3629 tur.

2232 3678 2351 3743 Sed
2411 3678 2567 3765 quid
2634 3679 2962 3766 agendum
3022 3693 3221 3762 esset,
3285 3680 3364 3748 de
3431 3682 3512 3748 iis
3578 3682 3692 3768 qui

2146 3789 2632 3880 baptizati‘sunt
2669 3818 2706 3864 a
2755 3799 3148 3885 quibusdam
3206 3799 3548 3887 sacrilegis
3594 3820 3696 3867 sa-

2143 3911 2539 3991 cerdotibus,
2587 3914 2697 4000 qui
2748 3915 2943 3981 etiam
2998 3914 3192 3983 idolis
3242 3916 3699 3983 sacrificabant

2146 4039 2211 4093 et
2242 4026 2625 4096 dubitabant
2693 4030 2913 4117 plures
2951 4034 3343 4118 superstites
3383 4033 3437 4099 si
3481 4033 3544 4098 in
3585 4053 3699 4098 no-

2150 4140 2324 4208 mine
2365 4143 2699 4210 Trinitatis
2757 4144 2998 4211 fuerint
3046 4146 3126 4211 ab
3191 4147 3286 4212 eis
3349 4145 3695 4233 baptizati;

2148 4257 2326 4323 nulla
2380 4272 2596 4325 autem
2641 4260 2760 4326 fuit
2805 4261 3086 4347 quaestio
3141 4280 3222 4328 an
3261 4263 3384 4327 sub
3434 4262 3703 4329 nomine

2148 4375 2388 4441 Christi
2471 4377 2769 4463 baptizati
2839 4391 3048 4456 erant,
3106 4378 3233 4444 ina.
3272 4390 3487 4444 autem
3549 4400 3702 4444 ver-

2152 4491 2231 4557 ba
2267 4514 2281 4557 :
2325 4492 2405 4557 Ut
2433 4494 2549 4578 qui
2589 4494 2692 4557 vel
2721 4514 2924 4559 unam
2962 4494 3045 4558 de
3084 4494 3417 4559 Trinitate
3473 4516 3701 4581 perso-

2149 4608 2408 4673 namin
2444 4609 2861 4693 Baptismum
2902 4629 3035 4675 non
3084 4610 3488 4687 nominaret,
3527 4611 3703 4676 illud

2157 4723 2498 4809 Baptisma
2549 4746 2683 4790 esse
2737 4745 2869 4790 non
2931 4746 3139 4810 posse,
3203 4738 3328 4791 etc.
3385 4726 3704 4793 Videntur

2151 4840 2568 4907 subindicare
2626 4839 2899 4906 dubium
2971 4852 3272 4907 exortum
3325 4841 3555 4920 luisse,
3616 4863 3726 4909 an-

2155 4953 2552 5043 baptizantes
2588 4956 2651 5021 in
2701 4955 2908 5023 forma
2947 4957 3071 5023 sub
3105 4958 3517 5024 invocatione
3556 4958 3696 5024 Tri-

2154 5070 2395 5147 nitatis,
2435 5084 2608 5137 recte
2647 5070 3037 5157 protulerint
3105 5072 3419 5152 formam,
3470 5071 3579 5142 vel
3615 5096 3695 5141 ex

2155 5186 2546 5272 ignorantia,
2589 5187 2692 5253 vel
2732 5186 3005 5267 incuria,
3043 5188 3146 5255 vel
3179 5201 3357 5257 certe
3381 5192 3698 5276 supersti-

2152 5302 2330 5367 tione
2377 5301 2654 5368 affectati
2703 5303 2970 5388 erroriS,
3006 5304 3111 5370 vel
3170 5305 3414 5393 aliquid
3460 5307 3699 5374 vitians

492 5432 675 5510 tiam,
736 5431 889 5519 quia
956 5442 1170 5498 stante
1223 5430 1450 5517 regula
1515 5429 1894 5517 evangelica
1959 5430 2042 5496 de
2155 5437 2423 5483 sensum
2464 5417 2919 5504 fldeflXePisstz
2956 5440 3105 5485 nam
3175 5441 3255 5487 ex
3333 5422 3698 5508 ignorantia

495 5548 708 5616 dando
747 5547 1075 5637 Baptismo
1140 5548 1264 5615 sub
1308 5546 1720 5614 invocatione
1757 5545 2040 5613 Trinita*

2155 5532 2364 5600 Latini
2400 5533 2722 5605 sermonis
2764 5535 3088 5623 Baptisma
3118 5537 3425 5605 collatum
3468 5539 3542 5604 in
3570 5560 3693 5605 no-

2304 2287 2316 2300 .
2702 2289 2713 2302 .
2775 2289 2785 2300 .
3036 2288 3050 2302 .
3717 2177 4012 2306 Expligdtur

2139 2288 2407 2368 chariae,
2453 2309 2603 2354 eum
2651 2288 2812 2354 nihil
2854 2287 3190 2365 definisse,
3242 2288 3356 2355 sed
3389 2300 3681 2354 secutum
3739 2307 4016 2415 2533?ss

3838 3641 3918 3692 70.
