<?xml version="1.0" encoding="UTF-8"?>
<!DOCTYPE html PUBLIC "-//W3C//DTD XHTML 1.0 Transitional//EN"
    "http://www.w3.org/TR/xhtml1/DTD/xhtml1-transitional.dtd">
<html xmlns="http://www.w3.org/1999/xhtml" xml:lang="en" lang="en">
 <head>
  <title>
</title>
<meta http-equiv="Content-Type" content="text/html;charset=utf-8" />
  <meta name='ocr-system' content='tesseract 3.04.00' />
  <meta name='ocr-capabilities' content='ocr_page ocr_carea ocr_par ocr_line ocrx_word'/>
</head>
<body>
  <div class='ocr_page' id='page_1' title='image "./joannisdunsscot01waddgoog_0613.png"; bbox 0 0 4287 6313; ppageno 0'>
   <div class='ocr_carea' id='block_1_1' title="bbox 1636 461 2558 538">
    <p class='ocr_par' dir='ltr' id='par_1_1' title="bbox 1636 461 2558 538">
     <span class='ocr_line' id='line_1_1' title="bbox 1636 461 2558 538; baseline 0 -14"><span class='ocrx_word' id='word_1_1' title='bbox 1636 464 1834 525; x_wconf 85' lang='lat' dir='ltr'>DlST.</span> <span class='ocrx_word' id='word_1_2' title='bbox 1883 463 2009 524; x_wconf 86' lang='lat' dir='ltr'>V1.-</span> <span class='ocrx_word' id='word_1_3' title='bbox 2033 461 2397 538; x_wconf 80' lang='lat' dir='ltr'>QUAESTlo</span> <span class='ocrx_word' id='word_1_4' title='bbox 2449 465 2526 524; x_wconf 79' lang='lat' dir='ltr'>lx</span> <span class='ocrx_word' id='word_1_5' title='bbox 2544 510 2558 524; x_wconf 92' lang='lat'><strong>.</strong></span> 
     </span>
    </p>
   </div>
   <div class='ocr_carea' id='block_1_2' title="bbox 481 619 2037 2222">
    <p class='ocr_par' dir='ltr' id='par_1_2' title="bbox 487 619 2037 917">
     <span class='ocr_line' id='line_1_2' title="bbox 490 619 2037 714; baseline 0.006 -33"><span class='ocrx_word' id='word_1_6' title='bbox 490 628 554 681; x_wconf 87' lang='lat' dir='ltr'>et</span> <span class='ocrx_word' id='word_1_7' title='bbox 610 619 1007 689; x_wconf 78' lang='lat' dir='ltr'>revelatione</span> <span class='ocrx_word' id='word_1_8' title='bbox 1075 636 1336 692; x_wconf 87' lang='lat' dir='ltr'>statutae</span> <span class='ocrx_word' id='word_1_9' title='bbox 1392 639 1567 708; x_wconf 87' lang='lat' dir='ltr'>sunt,</span> <span class='ocrx_word' id='word_1_10' title='bbox 1642 627 1809 692; x_wconf 86' lang='lat' dir='ltr'>inter</span> <span class='ocrx_word' id='word_1_11' title='bbox 1877 646 2037 714; x_wconf 86' lang='lat' dir='ltr'>quas</span> 
     </span>
     <span class='ocr_line' id='line_1_3' title="bbox 490 731 2035 822; baseline 0.004 -25"><span class='ocrx_word' id='word_1_12' title='bbox 490 731 777 799; x_wconf 83' lang='lat' dir='ltr'>Ecclesia</span> <span class='ocrx_word' id='word_1_13' title='bbox 827 735 1071 822; x_wconf 84' lang='lat' dir='ltr'>Spiritu</span> <span class='ocrx_word' id='word_1_14' title='bbox 1122 751 1347 806; x_wconf 86' lang='lat' dir='ltr'>sancto</span> <span class='ocrx_word' id='word_1_15' title='bbox 1391 738 1749 804; x_wconf 87' lang='lat' dir='ltr'>illuminata</span> <span class='ocrx_word' id='word_1_16' title='bbox 1797 737 2035 804; x_wconf 90' lang='lat' dir='ltr'>discer-</span> 
     </span>
     <span class='ocr_line' id='line_1_4' title="bbox 487 849 602 917; baseline -0.009 0"><span class='ocrx_word' id='word_1_17' title='bbox 487 849 602 917; x_wconf 91' lang='lat' dir='ltr'>nit.</span> 
     </span>
    </p>

    <p class='ocr_par' dir='ltr' id='par_1_3' title="bbox 481 968 2037 2222">
     <span class='ocr_line' id='line_1_5' title="bbox 585 968 2036 1059; baseline 0.001 -26"><span class='ocrx_word' id='word_1_18' title='bbox 585 968 816 1036; x_wconf 85' lang='lat' dir='ltr'>Futilis</span> <span class='ocrx_word' id='word_1_19' title='bbox 851 972 1043 1039; x_wconf 86' lang='lat' dir='ltr'>etiam</span> <span class='ocrx_word' id='word_1_20' title='bbox 1078 985 1176 1039; x_wconf 90' lang='lat' dir='ltr'>est</span> <span class='ocrx_word' id='word_1_21' title='bbox 1205 972 1311 1039; x_wconf 91' lang='lat' dir='ltr'>illa</span> <span class='ocrx_word' id='word_1_22' title='bbox 1354 994 1579 1039; x_wconf 90' lang='lat' dir='ltr'>eorum</span> <span class='ocrx_word' id='word_1_23' title='bbox 1630 971 2036 1059; x_wconf 80' lang='lat' dir='ltr'>impugnatio</span> 
     </span>
     <span class='ocr_line' id='line_1_6' title="bbox 481 1085 2034 1178; baseline 0.002 -28"><span class='ocrx_word' id='word_1_24' title='bbox 481 1085 755 1173; x_wconf 80' lang='lat' dir='ltr'>obJecta‚</span> <span class='ocrx_word' id='word_1_25' title='bbox 801 1093 974 1178; x_wconf 80' lang='lat' dir='ltr'>quod</span> <span class='ocrx_word' id='word_1_26' title='bbox 1015 1091 1090 1157; x_wconf 80' lang='lat' dir='ltr'>in</span> <span class='ocrx_word' id='word_1_27' title='bbox 1127 1113 1271 1177; x_wconf 83' lang='lat' dir='ltr'>cap.</span> <span class='ocrx_word' id='word_1_28' title='bbox 1324 1089 1634 1178; x_wconf 65' lang='lat' dir='ltr'>Major-es,</span> <span class='ocrx_word' id='word_1_29' title='bbox 1687 1089 1766 1155; x_wconf 93' lang='lat' dir='ltr'>de</span> <span class='ocrx_word' id='word_1_30' title='bbox 1818 1090 2034 1175; x_wconf 86' lang='lat' dir='ltr'>Bapti-</span> 
     </span>
     <span class='ocr_line' id='line_1_7' title="bbox 484 1205 2026 1286; baseline 0.001 -19"><span class='ocrx_word' id='word_1_31' title='bbox 484 1222 649 1279; x_wconf 92' lang='lat' dir='ltr'>smo,</span> <span class='ocrx_word' id='word_1_32' title='bbox 689 1223 790 1270; x_wconf 87' lang='lat' dir='ltr'>res</span> <span class='ocrx_word' id='word_1_33' title='bbox 840 1216 977 1271; x_wconf 89' lang='lat' dir='ltr'>tum</span> <span class='ocrx_word' id='word_1_34' title='bbox 1043 1226 1170 1272; x_wconf 92' lang='lat' dir='ltr'>non</span> <span class='ocrx_word' id='word_1_35' title='bbox 1203 1206 1294 1272; x_wconf 90' lang='lat' dir='ltr'>sit</span> <span class='ocrx_word' id='word_1_36' title='bbox 1319 1227 1550 1273; x_wconf 89' lang='lat' dir='ltr'>recens</span> <span class='ocrx_word' id='word_1_37' title='bbox 1584 1206 1873 1286; x_wconf 87' lang='lat' dir='ltr'>inventa,</span> <span class='ocrx_word' id='word_1_38' title='bbox 1913 1205 2026 1272; x_wconf 91' lang='lat' dir='ltr'>sed</span> 
     </span>
     <span class='ocr_line' id='line_1_8' title="bbox 486 1320 2037 1409; baseline 0.001 -25"><span class='ocrx_word' id='word_1_39' title='bbox 486 1320 794 1386; x_wconf 87' lang='lat' dir='ltr'>memoria</span> <span class='ocrx_word' id='word_1_40' title='bbox 875 1323 1212 1388; x_wconf 88' lang='lat' dir='ltr'>hominum</span> <span class='ocrx_word' id='word_1_41' title='bbox 1294 1323 1644 1409; x_wconf 73' lang='lat' dir='ltr'>antiquior.</span> <span class='ocrx_word' id='word_1_42' title='bbox 1747 1327 2037 1408; x_wconf 84' lang='lat' dir='ltr'>Urgeant</span> 
     </span>
     <span class='ocr_line' id='line_1_9' title="bbox 485 1436 2033 1520; baseline 0.003 -20"><span class='ocrx_word' id='word_1_43' title='bbox 485 1436 628 1502; x_wconf 79' lang='lat' dir='ltr'>haec</span> <span class='ocrx_word' id='word_1_44' title='bbox 666 1450 889 1504; x_wconf 86' lang='lat' dir='ltr'>contra</span> <span class='ocrx_word' id='word_1_45' title='bbox 933 1439 1301 1520; x_wconf 71' lang='lat' dir='ltr'>haereticos,</span> <span class='ocrx_word' id='word_1_46' title='bbox 1368 1440 1531 1505; x_wconf 89' lang='lat' dir='ltr'>nihil</span> <span class='ocrx_word' id='word_1_47' title='bbox 1588 1441 1762 1506; x_wconf 89' lang='lat' dir='ltr'>enim</span> <span class='ocrx_word' id='word_1_48' title='bbox 1795 1439 1871 1505; x_wconf 90' lang='lat' dir='ltr'>ad</span> <span class='ocrx_word' id='word_1_49' title='bbox 1917 1459 2033 1505; x_wconf 90' lang='lat' dir='ltr'>nos</span> 
     </span>
     <span class='ocr_line' id='line_1_10' title="bbox 484 1555 2030 1639; baseline 0.001 -22"><span class='ocrx_word' id='word_1_50' title='bbox 484 1563 800 1637; x_wconf 89' lang='lat' dir='ltr'>spectant,</span> <span class='ocrx_word' id='word_1_51' title='bbox 852 1565 920 1621; x_wconf 92' lang='lat' dir='ltr'>ut</span> <span class='ocrx_word' id='word_1_52' title='bbox 963 1568 1137 1639; x_wconf 87' lang='lat' dir='ltr'>patet</span> <span class='ocrx_word' id='word_1_53' title='bbox 1176 1576 1255 1621; x_wconf 86' lang='lat' dir='ltr'>ex</span> <span class='ocrx_word' id='word_1_54' title='bbox 1298 1555 1513 1621; x_wconf 87' lang='lat' dir='ltr'>dictis.</span> <span class='ocrx_word' id='word_1_55' title='bbox 1580 1555 1786 1620; x_wconf 85' lang='lat' dir='ltr'>Verba</span> <span class='ocrx_word' id='word_1_56' title='bbox 1836 1555 2030 1620; x_wconf 89' lang='lat' dir='ltr'>etiam</span> 
     </span>
     <span class='ocr_line' id='line_1_11' title="bbox 486 1668 2032 1757; baseline 0 -22"><span class='ocrx_word' id='word_1_57' title='bbox 486 1668 825 1748; x_wconf 75' lang='lat' dir='ltr'>Gabrielis‚</span> <span class='ocrx_word' id='word_1_58' title='bbox 873 1682 1181 1757; x_wconf 86' lang='lat' dir='ltr'>tanquam</span> <span class='ocrx_word' id='word_1_59' title='bbox 1221 1691 1256 1737; x_wconf 89' lang='lat' dir='ltr'>a</span> <span class='ocrx_word' id='word_1_60' title='bbox 1291 1675 1561 1736; x_wconf 87' lang='lat' dir='ltr'>Doctore</span> <span class='ocrx_word' id='word_1_61' title='bbox 1591 1670 1760 1736; x_wconf 89' lang='lat' dir='ltr'>dicta</span> <span class='ocrx_word' id='word_1_62' title='bbox 1793 1672 2032 1757; x_wconf 80' lang='lat' dir='ltr'>profert</span> 
     </span>
     <span class='ocr_line' id='line_1_12' title="bbox 485 1785 2027 1873; baseline 0.003 -23"><span class='ocrx_word' id='word_1_63' title='bbox 485 1787 702 1863; x_wconf 78' lang='lat' dir='ltr'>SotuS,</span> <span class='ocrx_word' id='word_1_64' title='bbox 780 1785 966 1873; x_wconf 92' lang='lat' dir='ltr'>quasi</span> <span class='ocrx_word' id='word_1_65' title='bbox 1025 1787 1377 1853; x_wconf 90' lang='lat' dir='ltr'>asseruerit</span> <span class='ocrx_word' id='word_1_66' title='bbox 1421 1807 1546 1852; x_wconf 91' lang='lat' dir='ltr'>non</span> <span class='ocrx_word' id='word_1_67' title='bbox 1606 1809 1751 1854; x_wconf 87' lang='lat' dir='ltr'>esse</span> <span class='ocrx_word' id='word_1_68' title='bbox 1792 1799 2027 1867; x_wconf 88' lang='lat' dir='ltr'>tutum,</span> 
     </span>
     <span class='ocr_line' id='line_1_13' title="bbox 483 1902 2033 1989; baseline 0.002 -24"><span class='ocrx_word' id='word_1_69' title='bbox 483 1912 745 1987; x_wconf 86' lang='lat' dir='ltr'>propter</span> <span class='ocrx_word' id='word_1_70' title='bbox 840 1902 1301 1967; x_wconf 87' lang='lat' dir='ltr'>auctoritatem</span> <span class='ocrx_word' id='word_1_71' title='bbox 1388 1903 1695 1969; x_wconf 71' lang='lat' dir='ltr'>Ecclesiae</span> <span class='ocrx_word' id='word_1_72' title='bbox 1792 1923 2033 1989; x_wconf 82' lang='lat' dir='ltr'>negare</span> 
     </span>
     <span class='ocr_line' id='line_1_14' title="bbox 482 2015 2032 2097; baseline 0.003 -16"><span class='ocrx_word' id='word_1_73' title='bbox 482 2015 948 2096; x_wconf 74' lang='lat' dir='ltr'>characterem,</span> <span class='ocrx_word' id='word_1_74' title='bbox 1012 2019 1136 2085; x_wconf 91' lang='lat' dir='ltr'>hoc</span> <span class='ocrx_word' id='word_1_75' title='bbox 1187 2018 1412 2085; x_wconf 90' lang='lat' dir='ltr'>nullibi</span> <span class='ocrx_word' id='word_1_76' title='bbox 1459 2023 1694 2085; x_wconf 88' lang='lat' dir='ltr'>Doctor</span> <span class='ocrx_word' id='word_1_77' title='bbox 1748 2041 1763 2097; x_wconf 92' lang='lat'>;</span> <span class='ocrx_word' id='word_1_78' title='bbox 1825 2019 2032 2085; x_wconf 87' lang='lat' dir='ltr'>deter-</span> 
     </span>
     <span class='ocr_line' id='line_1_15' title="bbox 486 2133 2035 2222; baseline 0.003 -26"><span class='ocrx_word' id='word_1_79' title='bbox 486 2133 689 2199; x_wconf 84' lang='lat' dir='ltr'>minat</span> <span class='ocrx_word' id='word_1_80' title='bbox 727 2134 902 2198; x_wconf 92' lang='lat' dir='ltr'>enim</span> <span class='ocrx_word' id='word_1_81' title='bbox 955 2155 1090 2200; x_wconf 94' lang='lat' dir='ltr'>rem</span> <span class='ocrx_word' id='word_1_82' title='bbox 1154 2136 1322 2200; x_wconf 89' lang='lat' dir='ltr'>hanc</span> <span class='ocrx_word' id='word_1_83' title='bbox 1387 2148 1695 2222; x_wconf 85' lang='lat' dir='ltr'>tanquam</span> <span class='ocrx_word' id='word_1_84' title='bbox 1774 2134 1852 2201; x_wconf 92' lang='lat' dir='ltr'>de</span> <span class='ocrx_word' id='word_1_85' title='bbox 1910 2134 2035 2201; x_wconf 85' lang='lat' dir='ltr'>fide</span> 
     </span>
    </p>
   </div>
   <div class='ocr_carea' id='block_1_3' title="bbox 483 2259 2034 2447">
    <p class='ocr_par' dir='ltr' id='par_1_4' title="bbox 483 2259 2034 2447">
     <span class='ocr_line' id='line_1_16' title="bbox 483 2259 2033 2337; baseline 0.002 -24"><span class='ocrx_word' id='word_1_86' title='bbox 483 2259 751 2332; x_wconf 81' lang='lat' dir='ltr'>certam,</span> <span class='ocrx_word' id='word_1_87' title='bbox 790 2269 906 2315; x_wconf 89' lang='lat' dir='ltr'>nec</span> <span class='ocrx_word' id='word_1_88' title='bbox 954 2271 1111 2337; x_wconf 87' lang='lat' dir='ltr'>ergo</span> <span class='ocrx_word' id='word_1_89' title='bbox 1162 2262 1331 2317; x_wconf 89' lang='lat' dir='ltr'>recte</span> <span class='ocrx_word' id='word_1_90' title='bbox 1369 2263 1812 2337; x_wconf 89' lang='lat' dir='ltr'>assequuntur</span> <span class='ocrx_word' id='word_1_91' title='bbox 1859 2272 2033 2317; x_wconf 93' lang='lat' dir='ltr'>men-</span> 
     </span>
     <span class='ocr_line' id='line_1_17' title="bbox 484 2345 2034 2447; baseline 0.003 -24"><span class='ocrx_word' id='word_1_92' title='bbox 484 2369 614 2423; x_wconf 88' lang='lat' dir='ltr'>tem</span> <span class='ocrx_word' id='word_1_93' title='bbox 683 2358 995 2438; x_wconf 80' lang='lat' dir='ltr'>DoctoriS,</span> <span class='ocrx_word' id='word_1_94' title='bbox 1076 2381 1195 2426; x_wconf 89' lang='lat' dir='ltr'>nec</span> <span class='ocrx_word' id='word_1_95' title='bbox 1254 2373 1425 2427; x_wconf 88' lang='lat' dir='ltr'>recte</span> <span class='ocrx_word' id='word_1_96' title='bbox 1505 2345 1809 2447; x_wconf 85' lang='lat' dir='ltr'>allegant.</span> <span class='ocrx_word' id='word_1_97' title='bbox 1885 2365 2034 2427; x_wconf 84' lang='lat' dir='ltr'>Haec</span> 
     </span>
    </p>
   </div>
   <div class='ocr_carea' id='block_1_4' title="bbox 480 2472 2035 3031">
    <p class='ocr_par' dir='ltr' id='par_1_5' title="bbox 480 2472 2035 3031">
     <span class='ocr_line' id='line_1_18' title="bbox 484 2472 2035 2565; baseline 0.004 -27"><span class='ocrx_word' id='word_1_98' title='bbox 484 2472 747 2539; x_wconf 86' lang='lat' dir='ltr'>interim</span> <span class='ocrx_word' id='word_1_99' title='bbox 809 2474 1134 2542; x_wconf 84' lang='lat' dir='ltr'>sufficiant</span> <span class='ocrx_word' id='word_1_100' title='bbox 1198 2498 1314 2562; x_wconf 90' lang='lat' dir='ltr'>pro</span> <span class='ocrx_word' id='word_1_101' title='bbox 1371 2478 1805 2544; x_wconf 86' lang='lat' dir='ltr'>declaratione</span> <span class='ocrx_word' id='word_1_102' title='bbox 1861 2499 2035 2565; x_wconf 84' lang='lat' dir='ltr'>quae-</span> 
     </span>
     <span class='ocr_line' id='line_1_19' title="bbox 481 2589 2034 2680; baseline 0.003 -27"><span class='ocrx_word' id='word_1_103' title='bbox 481 2589 738 2668; x_wconf 87' lang='lat' dir='ltr'>stionis,</span> <span class='ocrx_word' id='word_1_104' title='bbox 776 2592 1185 2658; x_wconf 70' lang='lat' dir='ltr'>et&#39;sententia</span> <span class='ocrx_word' id='word_1_105' title='bbox 1218 2613 1370 2658; x_wconf 87' lang='lat' dir='ltr'>vera</span> <span class='ocrx_word' id='word_1_106' title='bbox 1405 2593 1719 2672; x_wconf 90' lang='lat' dir='ltr'>Doctoris,</span> <span class='ocrx_word' id='word_1_107' title='bbox 1773 2593 1837 2658; x_wconf 94' lang='lat' dir='ltr'>in</span> <span class='ocrx_word' id='word_1_108' title='bbox 1887 2593 2034 2680; x_wconf 92' lang='lat' dir='ltr'>qui-</span> 
     </span>
     <span class='ocr_line' id='line_1_20' title="bbox 482 2706 2030 2798; baseline 0.003 -26"><span class='ocrx_word' id='word_1_109' title='bbox 482 2706 602 2773; x_wconf 93' lang='lat' dir='ltr'>bus</span> <span class='ocrx_word' id='word_1_110' title='bbox 658 2708 1043 2794; x_wconf 89' lang='lat' dir='ltr'>primarium</span> <span class='ocrx_word' id='word_1_111' title='bbox 1099 2731 1366 2796; x_wconf 91' lang='lat' dir='ltr'>scopum</span> <span class='ocrx_word' id='word_1_112' title='bbox 1418 2723 1481 2777; x_wconf 88' lang='lat' dir='ltr'>et</span> <span class='ocrx_word' id='word_1_113' title='bbox 1536 2723 1878 2777; x_wconf 81' lang='lat' dir='ltr'>tractatum</span> <span class='ocrx_word' id='word_1_114' title='bbox 1938 2712 2030 2798; x_wconf 89' lang='lat' dir='ltr'>ip·</span> 
     </span>
     <span class='ocr_line' id='line_1_21' title="bbox 481 2823 2030 2915; baseline 0.003 -26"><span class='ocrx_word' id='word_1_115' title='bbox 481 2823 619 2891; x_wconf 89' lang='lat' dir='ltr'>sius</span> <span class='ocrx_word' id='word_1_116' title='bbox 660 2825 1050 2913; x_wconf 81' lang='lat' dir='ltr'>quaestionis</span> <span class='ocrx_word' id='word_1_117' title='bbox 1090 2827 1749 2913; x_wconf 83' lang='lat' dir='ltr'>comprehendimus:</span> <span class='ocrx_word' id='word_1_118' title='bbox 1807 2850 2030 2915; x_wconf 85' lang='lat' dir='ltr'>super·</span> 
     </span>
     <span class='ocr_line' id='line_1_22' title="bbox 480 2942 1963 3031; baseline 0.003 -26"><span class='ocrx_word' id='word_1_119' title='bbox 480 2953 578 3006; x_wconf 86' lang='lat' dir='ltr'>est</span> <span class='ocrx_word' id='word_1_120' title='bbox 612 2953 679 3007; x_wconf 91' lang='lat' dir='ltr'>ut</span> <span class='ocrx_word' id='word_1_121' title='bbox 720 2942 968 3028; x_wconf 86' lang='lat' dir='ltr'>reliqua</span> <span class='ocrx_word' id='word_1_122' title='bbox 999 2964 1118 3010; x_wconf 91' lang='lat' dir='ltr'>suo</span> <span class='ocrx_word' id='word_1_123' title='bbox 1149 2943 1377 3010; x_wconf 89' lang='lat' dir='ltr'>ordine</span> <span class='ocrx_word' id='word_1_124' title='bbox 1412 2945 1963 3031; x_wconf 64' lang='lat' dir='ltr'>perstringamus</span> 
     </span>
    </p>
   </div>
   <div class='ocr_carea' id='block_1_5' title="bbox 1076 3181 1464 3238">
    <p class='ocr_par' dir='ltr' id='par_1_6' title="bbox 1076 3181 1464 3238">
     <span class='ocr_line' id='line_1_23' title="bbox 1076 3181 1464 3238; baseline 0.005 -3"><span class='ocrx_word' id='word_1_125' title='bbox 1076 3181 1464 3238; x_wconf 88' lang='lat' dir='ltr'>SCHOLIUM.</span> 
     </span>
    </p>
   </div>
   <div class='ocr_carea' id='block_1_6' title="bbox 486 3351 2033 3618">
    <p class='ocr_par' dir='ltr' id='par_1_7' title="bbox 486 3351 2033 3618">
     <span class='ocr_line' id='line_1_24' title="bbox 560 3351 2033 3423; baseline 0.005 -19"><span class='ocrx_word' id='word_1_126' title='bbox 560 3352 764 3407; x_wconf 87' lang='lat' dir='ltr'>Variae</span> <span class='ocrx_word' id='word_1_127' title='bbox 796 3352 1192 3421; x_wconf 84' lang='lat' dir='ltr'>acceptiones</span> <span class='ocrx_word' id='word_1_128' title='bbox 1222 3351 1624 3420; x_wconf 77' lang='lat' dir='ltr'>characteriS,</span> <span class='ocrx_word' id='word_1_129' title='bbox 1658 3369 1728 3409; x_wconf 88' lang='lat' dir='ltr'>ac</span> <span class='ocrx_word' id='word_1_130' title='bbox 1759 3356 1894 3423; x_wconf 84' lang='lat' dir='ltr'>ejus</span> <span class='ocrx_word' id='word_1_131' title='bbox 1924 3355 2033 3411; x_wconf 88' lang='lat' dir='ltr'>de—</span> 
     </span>
     <span class='ocr_line' id='line_1_25' title="bbox 486 3449 2032 3522; baseline 0.003 -16"><span class='ocrx_word' id='word_1_132' title='bbox 486 3451 685 3506; x_wconf 82' lang='lat' dir='ltr'>finitio</span> <span class='ocrx_word' id='word_1_133' title='bbox 741 3449 1085 3505; x_wconf 78' lang='lat' dir='ltr'>secundum</span> <span class='ocrx_word' id='word_1_134' title='bbox 1146 3450 1481 3521; x_wconf 80' lang='lat' dir='ltr'>Theologos</span> <span class='ocrx_word' id='word_1_135' title='bbox 1524 3455 1584 3507; x_wconf 87' lang='lat' dir='ltr'>et</span> <span class='ocrx_word' id='word_1_136' title='bbox 1622 3455 2032 3522; x_wconf 83' lang='lat' dir='ltr'>proprietates</span> 
     </span>
     <span class='ocr_line' id='line_1_26' title="bbox 486 3552 956 3618; baseline 0 -15"><span class='ocrx_word' id='word_1_137' title='bbox 486 3552 956 3618; x_wconf 78' lang='lat' dir='ltr'>consequentes,</span> 
     </span>
    </p>
   </div>
   <div class='ocr_carea' id='block_1_7' title="bbox 150 3749 2030 5722">
    <p class='ocr_par' dir='ltr' id='par_1_8' title="bbox 162 3749 2030 5115">
     <span class='ocr_line' id='line_1_27' title="bbox 259 3749 2027 3845; baseline 0.003 -26"><span class='ocrx_word' id='word_1_138' title='bbox 259 3771 308 3820; x_wconf 78' lang='lat'>2.</span> <span class='ocrx_word' id='word_1_139' title='bbox 370 3831 379 3842; x_wconf 49' lang='lat'>‚</span> <span class='ocrx_word' id='word_1_140' title='bbox 581 3749 729 3821; x_wconf 83' lang='lat' dir='ltr'>Hic</span> <span class='ocrx_word' id='word_1_141' title='bbox 785 3752 886 3838; x_wconf 90' lang='lat' dir='ltr'>(a)</span> <span class='ocrx_word' id='word_1_142' title='bbox 956 3749 1561 3841; x_wconf 85' lang='lat' dir='ltr'>intelligendum</span> <span class='ocrx_word' id='word_1_143' title='bbox 1616 3760 1765 3836; x_wconf 90' lang='lat' dir='ltr'>est,</span> <span class='ocrx_word' id='word_1_144' title='bbox 1827 3756 2027 3845; x_wconf 88' lang='lat' dir='ltr'>quod</span> 
     </span>
     <span class='ocr_line' id='line_1_28' title="bbox 183 3835 2027 3968; baseline 0 -24"><span class='ocrx_word' id='word_1_145' title='bbox 183 3835 415 3968; x_wconf 55' lang='grc' dir='ltr'>ῗὲἷζῗξ)</span> <span class='ocrx_word' id='word_1_146' title='bbox 492 3867 830 3957; x_wconf 83' lang='lat' dir='ltr'>quaestio</span> <span class='ocrx_word' id='word_1_147' title='bbox 898 3893 987 3937; x_wconf 83' lang='lat' dir='ltr'>an</span> <span class='ocrx_word' id='word_1_148' title='bbox 1073 3882 1165 3937; x_wconf 78' lang='lat' dir='ltr'>esc</span> <span class='ocrx_word' id='word_1_149' title='bbox 1221 3868 1422 3942; x_wconf 89' lang='lat' dir='ltr'>nihil</span> <span class='ocrx_word' id='word_1_150' title='bbox 1507 3869 2027 3946; x_wconf 84' lang='lat' dir='ltr'>manifestum</span> 
     </span>
     <span class='ocr_line' id='line_1_29' title="bbox 162 3958 2030 4089; baseline 0.004 -38"><span class='ocrx_word' id='word_1_151' title='bbox 162 3958 440 4089; x_wconf 47' lang='lat' dir='ltr'>suffigit?</span> <span class='ocrx_word' id='word_1_152' title='bbox 491 3983 1073 4076; x_wconf 83' lang='lat' dir='ltr'>praesupponit,</span> <span class='ocrx_word' id='word_1_153' title='bbox 1120 3984 1272 4057; x_wconf 91' lang='lat' dir='ltr'>nisi</span> <span class='ocrx_word' id='word_1_154' title='bbox 1310 3986 1515 4078; x_wconf 90' lang='lat' dir='ltr'>quod</span> <span class='ocrx_word' id='word_1_155' title='bbox 1545 3988 1845 4060; x_wconf 88' lang='lat' dir='ltr'>dicitur</span> <span class='ocrx_word' id='word_1_156' title='bbox 1886 4009 2030 4081; x_wconf 83' lang='lat' dir='ltr'>per</span> 
     </span>
     <span class='ocr_line' id='line_1_30' title="bbox 485 4103 2026 4196; baseline 0.005 -26"><span class='ocrx_word' id='word_1_157' title='bbox 485 4119 804 4180; x_wconf 88' lang='lat' dir='ltr'>nomen,</span> <span class='ocrx_word' id='word_1_158' title='bbox 879 4103 1090 4174; x_wconf 89' lang='lat' dir='ltr'>sicut</span> <span class='ocrx_word' id='word_1_159' title='bbox 1158 4106 1376 4194; x_wconf 88' lang='lat' dir='ltr'>patet</span> <span class='ocrx_word' id='word_1_160' title='bbox 1433 4125 1529 4175; x_wconf 83' lang='lat' dir='ltr'>ex</span> <span class='ocrx_word' id='word_1_161' title='bbox 1583 4106 2026 4196; x_wconf 80' lang='lat' dir='ltr'>quaestione</span> 
     </span>
     <span class='ocr_line' id='line_1_31' title="bbox 483 4215 2025 4293; baseline 0.005 -7"><span class='ocrx_word' id='word_1_162' title='bbox 483 4216 572 4287; x_wconf 91' lang='lat' dir='ltr'>de</span> <span class='ocrx_word' id='word_1_163' title='bbox 628 4215 1088 4289; x_wconf 86' lang='lat' dir='ltr'>definitione</span> <span class='ocrx_word' id='word_1_164' title='bbox 1134 4220 1640 4292; x_wconf 71' lang='lat' dir='ltr'>sacramenti</span> <span class='ocrx_word' id='word_1_165' title='bbox 1692 4221 1768 4291; x_wconf 91' lang='lat' dir='ltr'>in</span> <span class='ocrx_word' id='word_1_166' title='bbox 1819 4241 2025 4293; x_wconf 88' lang='lat' dir='ltr'>com-</span> 
     </span>
     <span class='ocr_line' id='line_1_32' title="bbox 481 4331 2025 4429; baseline 0.005 -27"><span class='ocrx_word' id='word_1_167' title='bbox 481 4331 696 4404; x_wconf 88' lang='lat' dir='ltr'>rnuni</span> <span class='ocrx_word' id='word_1_168' title='bbox 740 4336 895 4401; x_wconf 78' lang='lat' dir='ltr'>disc.</span> <span class='ocrx_word' id='word_1_169' title='bbox 953 4338 1017 4404; x_wconf 86' lang='lat'>1.</span> <span class='ocrx_word' id='word_1_170' title='bbox 1066 4335 1345 4406; x_wconf 87' lang='lat' dir='ltr'>Primo</span> <span class='ocrx_word' id='word_1_171' title='bbox 1396 4355 1593 4427; x_wconf 84' lang='lat' dir='ltr'>ergo</span> <span class='ocrx_word' id='word_1_172' title='bbox 1638 4358 2025 4429; x_wconf 89' lang='lat' dir='ltr'>suppone·</span> 
     </span>
     <span class='ocr_line' id='line_1_33' title="bbox 479 4449 2025 4545; baseline 0.002 -22"><span class='ocrx_word' id='word_1_173' title='bbox 479 4454 614 4523; x_wconf 89' lang='lat' dir='ltr'>tur</span> <span class='ocrx_word' id='word_1_174' title='bbox 709 4449 1258 4541; x_wconf 75' lang='lat' dir='ltr'>significatum</span> <span class='ocrx_word' id='word_1_175' title='bbox 1346 4451 1585 4545; x_wconf 88' lang='lat' dir='ltr'>hujus</span> <span class='ocrx_word' id='word_1_176' title='bbox 1674 4455 2025 4527; x_wconf 89' lang='lat' dir='ltr'>nominis</span> 
     </span>
     <span class='ocr_line' id='line_1_34' title="bbox 471 4570 2025 4663; baseline 0.006 -26"><span class='ocrx_word' id='word_1_177' title='bbox 471 4574 833 4651; x_wconf 80' lang='lat' dir='ltr'>character,</span> <span class='ocrx_word' id='word_1_178' title='bbox 903 4570 1337 4642; x_wconf 89' lang='lat' dir='ltr'>secundum</span> <span class='ocrx_word' id='word_1_179' title='bbox 1402 4574 1606 4663; x_wconf 87' lang='lat' dir='ltr'>quod</span> <span class='ocrx_word' id='word_1_180' title='bbox 1685 4573 1815 4644; x_wconf 85' lang='lat' dir='ltr'>hic</span> <span class='ocrx_word' id='word_1_181' title='bbox 1904 4578 2025 4646; x_wconf 89' lang='lat' dir='ltr'>est</span> 
     </span>
     <span class='ocr_line' id='line_1_35' title="bbox 475 4688 2027 4783; baseline 0.004 -25"><span class='ocrx_word' id='word_1_182' title='bbox 475 4688 816 4780; x_wconf 87' lang='lat' dir='ltr'>quaestio</span> <span class='ocrx_word' id='word_1_183' title='bbox 849 4689 939 4759; x_wconf 91' lang='lat' dir='ltr'>de</span> <span class='ocrx_word' id='word_1_184' title='bbox 970 4709 1090 4760; x_wconf 88' lang='lat' dir='ltr'>eo.</span> <span class='ocrx_word' id='word_1_185' title='bbox 1137 4691 1519 4772; x_wconf 84' lang='lat' dir='ltr'>Secunde,</span> <span class='ocrx_word' id='word_1_186' title='bbox 1567 4691 2027 4783; x_wconf 85' lang='lat' dir='ltr'>inquiretur</span> 
     </span>
     <span class='ocr_line' id='line_1_36' title="bbox 476 4805 2027 4900; baseline 0.003 -22"><span class='ocrx_word' id='word_1_187' title='bbox 476 4805 566 4878; x_wconf 89' lang='lat' dir='ltr'>de</span> <span class='ocrx_word' id='word_1_188' title='bbox 630 4806 1088 4899; x_wconf 87' lang='lat' dir='ltr'>principali,</span> <span class='ocrx_word' id='word_1_189' title='bbox 1164 4827 1265 4878; x_wconf 84' lang='lat' dir='ltr'>an</span> <span class='ocrx_word' id='word_1_190' title='bbox 1328 4807 1626 4900; x_wconf 88' lang='lat' dir='ltr'>aliquid</span> <span class='ocrx_word' id='word_1_191' title='bbox 1700 4810 1863 4881; x_wconf 88' lang='lat' dir='ltr'>tale</span> <span class='ocrx_word' id='word_1_192' title='bbox 1921 4811 2027 4884; x_wconf 88' lang='lat' dir='ltr'>sit</span> 
     </span>
     <span class='ocr_line' id='line_1_37' title="bbox 483 4925 2027 5021; baseline 0.003 -25"><span class='ocrx_word' id='word_1_193' title='bbox 483 4925 561 4996; x_wconf 91' lang='lat' dir='ltr'>in</span> <span class='ocrx_word' id='word_1_194' title='bbox 603 4925 875 4996; x_wconf 87' lang='lat' dir='ltr'>anima</span> <span class='ocrx_word' id='word_1_195' title='bbox 918 4945 1061 5016; x_wconf 88' lang='lat' dir='ltr'>per</span> <span class='ocrx_word' id='word_1_196' title='bbox 1103 4926 1700 5017; x_wconf 85' lang='lat' dir='ltr'>susceptionem</span> <span class='ocrx_word' id='word_1_197' title='bbox 1760 4929 2027 5021; x_wconf 81' lang='lat' dir='ltr'>Bapti-</span> 
     </span>
     <span class='ocr_line' id='line_1_38' title="bbox 484 5043 662 5115; baseline 0.011 -2"><span class='ocrx_word' id='word_1_198' title='bbox 484 5043 662 5115; x_wconf 89' lang='lat' dir='ltr'>smi.</span> 
     </span>
    </p>

    <p class='ocr_par' dir='ltr' id='par_1_9' title="bbox 150 5156 2026 5249">
     <span class='ocr_line' id='line_1_39' title="bbox 150 5156 2026 5249; baseline 0.008 -29"><span class='ocrx_word' id='word_1_199' title='bbox 150 5169 428 5242; x_wconf 59' lang='lat' dir='ltr'>can-apter</span> <span class='ocrx_word' id='word_1_200' title='bbox 576 5160 690 5230; x_wconf 78' lang='lat' dir='ltr'>De</span> <span class='ocrx_word' id='word_1_201' title='bbox 760 5157 1022 5249; x_wconf 90' lang='lat' dir='ltr'>primo</span> <span class='ocrx_word' id='word_1_202' title='bbox 1064 5156 1631 5231; x_wconf 83' lang='lat' dir='ltr'>transferendo</span> <span class='ocrx_word' id='word_1_203' title='bbox 1693 5162 2026 5235; x_wconf 87' lang='lat' dir='ltr'>verbum</span> 
     </span>
    </p>

    <p class='ocr_par' dir='ltr' id='par_1_10' title="bbox 162 5247 2030 5722">
     <span class='ocr_line' id='line_1_40' title="bbox 162 5247 2026 5366; baseline 0.005 -24"><span class='ocrx_word' id='word_1_204' title='bbox 162 5247 434 5359; x_wconf 50' lang='lat' dir='ltr'>afflat.</span> <span class='ocrx_word' id='word_1_205' title='bbox 485 5296 583 5347; x_wconf 83' lang='lat' dir='ltr'>ex</span> <span class='ocrx_word' id='word_1_206' title='bbox 615 5275 887 5355; x_wconf 69' lang='lat' dir='ltr'>verbo,</span> <span class='ocrx_word' id='word_1_207' title='bbox 927 5275 1361 5349; x_wconf 83' lang='lat' dir='ltr'>character</span> <span class='ocrx_word' id='word_1_208' title='bbox 1387 5276 1789 5366; x_wconf 84' lang='lat' dir='ltr'>significat</span> <span class='ocrx_word' id='word_1_209' title='bbox 1824 5278 2026 5351; x_wconf 88' lang='lat' dir='ltr'>idem</span> 
     </span>
     <span class='ocr_line' id='line_1_41' title="bbox 487 5391 2027 5485; baseline 0.003 -23"><span class='ocrx_word' id='word_1_210' title='bbox 487 5391 691 5483; x_wconf 91' lang='lat' dir='ltr'>quod</span> <span class='ocrx_word' id='word_1_211' title='bbox 758 5391 1063 5481; x_wconf 83' lang='lat' dir='ltr'>figura;</span> <span class='ocrx_word' id='word_1_212' title='bbox 1128 5395 1204 5462; x_wconf 82' lang='lat' dir='ltr'>et</span> <span class='ocrx_word' id='word_1_213' title='bbox 1268 5392 1383 5464; x_wconf 81' lang='lat' dir='ltr'>sic</span> <span class='ocrx_word' id='word_1_214' title='bbox 1463 5394 1867 5485; x_wconf 83' lang='lat' dir='ltr'>accipitur</span> <span class='ocrx_word' id='word_1_215' title='bbox 1934 5396 2027 5467; x_wconf 90' lang='lat' dir='ltr'>ad</span> 
     </span>
     <span class='ocr_line' id='line_1_42' title="bbox 490 5508 2030 5600; baseline 0.003 -25"><span class='ocrx_word' id='word_1_216' title='bbox 490 5511 679 5577; x_wconf 86' lang='lat' dir='ltr'>Hebr.</span> <span class='ocrx_word' id='word_1_217' title='bbox 709 5512 771 5578; x_wconf 86' lang='lat'>1.</span> <span class='ocrx_word' id='word_1_218' title='bbox 814 5508 944 5580; x_wconf 83' lang='lat' dir='ltr'>ubi</span> <span class='ocrx_word' id='word_1_219' title='bbox 992 5529 1138 5580; x_wconf 81' lang='lat' dir='ltr'>nos</span> <span class='ocrx_word' id='word_1_220' title='bbox 1176 5509 1583 5590; x_wconf 78' lang='lat' dir='ltr'>habemus,</span> <span class='ocrx_word' id='word_1_221' title='bbox 1634 5515 1855 5600; x_wconf 65' lang='lat' dir='ltr'>fissura</span> <span class='ocrx_word' id='word_1_222' title='bbox 1884 5515 2030 5580; x_wconf 79' lang='lat' dir='ltr'>sub-</span> 
     </span>
     <span class='ocr_line' id='line_1_43' title="bbox 489 5625 2027 5722; baseline 0.005 -28"><span class='ocrx_word' id='word_1_223' title='bbox 489 5629 773 5707; x_wconf 70' lang='lat' dir='ltr'>sta-mica,</span> <span class='ocrx_word' id='word_1_224' title='bbox 818 5626 1148 5722; x_wconf 86' lang='lat' dir='ltr'>ponitur</span> <span class='ocrx_word' id='word_1_225' title='bbox 1196 5625 1628 5701; x_wconf 88' lang='lat' dir='ltr'>character</span> <span class='ocrx_word' id='word_1_226' title='bbox 1687 5632 1767 5701; x_wconf 85' lang='lat' dir='ltr'>in</span> <span class='ocrx_word' id='word_1_227' title='bbox 1808 5632 2027 5707; x_wconf 76' lang='lat' dir='ltr'>Grae·</span> 
     </span>
    </p>
   </div>
   <div class='ocr_carea' id='block_1_8' title="bbox 2103 3538 2599 3629">
    <p class='ocr_par' dir='ltr' id='par_1_11' title="bbox 2103 3538 2599 3629">
     <span class='ocr_line' id='line_1_44' title="bbox 2103 3538 2599 3629; baseline -0.004 -19"><span class='ocrx_word' id='word_1_228' title='bbox 2103 3538 2106 3541; x_wconf 74' lang='grc'>’</span> <span class='ocrx_word' id='word_1_229' title='bbox 2148 3541 2599 3629; x_wconf 91' lang='lat' dir='ltr'>sequuntur</span> 
     </span>
    </p>
   </div>
   <div class='ocr_carea' id='block_1_9' title="bbox 3584 461 3704 526">
    <p class='ocr_par' dir='ltr' id='par_1_12' title="bbox 3584 461 3704 526">
     <span class='ocr_line' id='line_1_45' title="bbox 3584 461 3704 526; baseline 0.05 -6"><span class='ocrx_word' id='word_1_230' title='bbox 3584 461 3704 526; x_wconf 84' lang='lat'>597</span> 
     </span>
    </p>
   </div>
   <div class='ocr_carea' id='block_1_10' title="bbox 2141 622 4052 4441">
    <p class='ocr_par' dir='ltr' id='par_1_13' title="bbox 2155 622 3710 697">
     <span class='ocr_line' id='line_1_46' title="bbox 2155 622 3710 697; baseline -0.003 0"><span class='ocrx_word' id='word_1_231' title='bbox 2155 644 2274 697; x_wconf 91' lang='lat' dir='ltr'>co.</span> <span class='ocrx_word' id='word_1_232' title='bbox 2323 626 2422 697; x_wconf 87' lang='lat' dir='ltr'>Et</span> <span class='ocrx_word' id='word_1_233' title='bbox 2458 622 2604 697; x_wconf 89' lang='lat' dir='ltr'>hoc</span> <span class='ocrx_word' id='word_1_234' title='bbox 2661 626 2889 696; x_wconf 90' lang='lat' dir='ltr'>modo</span> <span class='ocrx_word' id='word_1_235' title='bbox 2924 624 3264 697; x_wconf 89' lang='lat' dir='ltr'>dicimus</span> <span class='ocrx_word' id='word_1_236' title='bbox 3298 623 3710 696; x_wconf 88' lang='lat' dir='ltr'>characte-</span> 
     </span>
    </p>

    <p class='ocr_par' dir='ltr' id='par_1_14' title="bbox 2145 740 4052 1649">
     <span class='ocr_line' id='line_1_47' title="bbox 2154 740 3704 832; baseline 0.003 -22"><span class='ocrx_word' id='word_1_237' title='bbox 2154 759 2310 818; x_wconf 88' lang='lat' dir='ltr'>res,</span> <span class='ocrx_word' id='word_1_238' title='bbox 2397 740 2712 831; x_wconf 83' lang='lat' dir='ltr'>figuras</span> <span class='ocrx_word' id='word_1_239' title='bbox 2785 740 3068 832; x_wconf 89' lang='lat' dir='ltr'>quibus</span> <span class='ocrx_word' id='word_1_240' title='bbox 3146 741 3444 813; x_wconf 89' lang='lat' dir='ltr'>litterae</span> <span class='ocrx_word' id='word_1_241' title='bbox 3509 743 3704 814; x_wconf 88' lang='lat' dir='ltr'>scri-</span> 
     </span>
     <span class='ocr_line' id='line_1_48' title="bbox 2149 855 3703 937; baseline 0.003 -11"><span class='ocrx_word' id='word_1_242' title='bbox 2149 855 2501 937; x_wconf 86' lang='lat' dir='ltr'>buntur;</span> <span class='ocrx_word' id='word_1_243' title='bbox 2539 862 2618 930; x_wconf 90' lang='lat' dir='ltr'>et</span> <span class='ocrx_word' id='word_1_244' title='bbox 2664 856 2812 930; x_wconf 91' lang='lat' dir='ltr'>hoc</span> <span class='ocrx_word' id='word_1_245' title='bbox 2849 857 3078 928; x_wconf 90' lang='lat' dir='ltr'>modo</span> <span class='ocrx_word' id='word_1_246' title='bbox 3121 857 3463 928; x_wconf 88' lang='lat' dir='ltr'>dicimus</span> <span class='ocrx_word' id='word_1_247' title='bbox 3517 858 3703 930; x_wconf 88' lang='lat' dir='ltr'>cha-</span> 
     </span>
     <span class='ocr_line' id='line_1_49' title="bbox 2152 974 3708 1078; baseline 0.003 -33"><span class='ocrx_word' id='word_1_248' title='bbox 2152 979 2516 1047; x_wconf 88' lang='lat' dir='ltr'>racteres</span> <span class='ocrx_word' id='word_1_249' title='bbox 2628 975 2705 1046; x_wconf 92' lang='lat' dir='ltr'>in</span> <span class='ocrx_word' id='word_1_250' title='bbox 2813 974 3514 1078; x_wconf 76' lang='lat' dir='ltr'>incantationibus</span> <span class='ocrx_word' id='word_1_251' title='bbox 3629 982 3708 1049; x_wconf 88' lang='lat' dir='ltr'>et</span> 
     </span>
     <span class='ocr_line' id='line_1_50' title="bbox 2149 1091 3704 1185; baseline 0.001 -24"><span class='ocrx_word' id='word_1_252' title='bbox 2149 1091 2635 1182; x_wconf 88' lang='lat' dir='ltr'>hujusmodi,</span> <span class='ocrx_word' id='word_1_253' title='bbox 2707 1092 3088 1183; x_wconf 88' lang='lat' dir='ltr'>quasdam</span> <span class='ocrx_word' id='word_1_254' title='bbox 3153 1091 3459 1182; x_wconf 84' lang='lat' dir='ltr'>figuras</span> <span class='ocrx_word' id='word_1_255' title='bbox 3522 1111 3704 1185; x_wconf 92' lang='lat' dir='ltr'>pro-</span> 
     </span>
     <span class='ocr_line' id='line_1_51' title="bbox 2149 1206 3704 1300; baseline -0.001 -20"><span class='ocrx_word' id='word_1_256' title='bbox 2149 1209 2505 1287; x_wconf 90' lang='lat' dir='ltr'>tractas;</span> <span class='ocrx_word' id='word_1_257' title='bbox 2543 1212 2626 1279; x_wconf 82' lang='lat' dir='ltr'>et</span> <span class='ocrx_word' id='word_1_258' title='bbox 2669 1207 2819 1279; x_wconf 88' lang='lat' dir='ltr'>hoc</span> <span class='ocrx_word' id='word_1_259' title='bbox 2876 1208 3105 1279; x_wconf 89' lang='lat' dir='ltr'>modo</span> <span class='ocrx_word' id='word_1_260' title='bbox 3186 1206 3591 1300; x_wconf 90' lang='lat' dir='ltr'>accipitur</span> <span class='ocrx_word' id='word_1_261' title='bbox 3625 1208 3704 1279; x_wconf 92' lang='lat' dir='ltr'>in</span> 
     </span>
     <span class='ocr_line' id='line_1_52' title="bbox 2146 1322 4052 1435; baseline 0.004 -44"><span class='ocrx_word' id='word_1_262' title='bbox 2146 1327 2547 1413; x_wconf 79' lang='lat' dir='ltr'>Apocalyps.</span> <span class='ocrx_word' id='word_1_263' title='bbox 2614 1323 3049 1397; x_wconf 84' lang='lat' dir='ltr'>character</span> <span class='ocrx_word' id='word_1_264' title='bbox 3090 1322 3396 1410; x_wconf 84' lang='lat' dir='ltr'>bestiae,</span> <span class='ocrx_word' id='word_1_265' title='bbox 3439 1324 3702 1415; x_wconf 83' lang='lat' dir='ltr'>figura</span> <span class='ocrx_word' id='word_1_266' title='bbox 3737 1371 3857 1435; x_wconf 41' lang='lat' dir='ltr'>Cap·</span> <span class='ocrx_word' id='word_1_267' title='bbox 3883 1375 4052 1426; x_wconf 35' lang='lat'>1344·</span> 
     </span>
     <span class='ocr_line' id='line_1_53' title="bbox 2148 1426 4050 1532; baseline 0.001 -19"><span class='ocrx_word' id='word_1_268' title='bbox 2148 1441 2227 1513; x_wconf 92' lang='lat' dir='ltr'>in</span> <span class='ocrx_word' id='word_1_269' title='bbox 2253 1438 2548 1520; x_wconf 87' lang='lat' dir='ltr'>fronte,</span> <span class='ocrx_word' id='word_1_270' title='bbox 2587 1441 2712 1512; x_wconf 87' lang='lat' dir='ltr'>vel</span> <span class='ocrx_word' id='word_1_271' title='bbox 2756 1441 2836 1511; x_wconf 92' lang='lat' dir='ltr'>in</span> <span class='ocrx_word' id='word_1_272' title='bbox 2881 1426 3153 1518; x_wconf 77' lang='lat' dir='ltr'>manu,</span> <span class='ocrx_word' id='word_1_273' title='bbox 3230 1461 3404 1531; x_wconf 90' lang='lat' dir='ltr'>quae</span> <span class='ocrx_word' id='word_1_274' title='bbox 3450 1441 3701 1532; x_wconf 87' lang='lat' dir='ltr'>signi·</span> <span class='ocrx_word' id='word_1_275' title='bbox 3737 1435 3820 1485; x_wconf 74' lang='lat'>¹⁶·</span> <span class='ocrx_word' id='word_1_276' title='bbox 3871 1445 3924 1488; x_wconf 69' lang='lat'>²²</span> <span class='ocrx_word' id='word_1_277' title='bbox 3967 1440 4050 1490; x_wconf 83' lang='lat'>19·</span> 
     </span>
     <span class='ocr_line' id='line_1_54' title="bbox 2145 1554 3700 1649; baseline 0.001 -20"><span class='ocrx_word' id='word_1_278' title='bbox 2145 1557 2336 1631; x_wconf 89' lang='lat' dir='ltr'>ficat</span> <span class='ocrx_word' id='word_1_279' title='bbox 2398 1557 2660 1649; x_wconf 87' lang='lat' dir='ltr'>ipsam</span> <span class='ocrx_word' id='word_1_280' title='bbox 2706 1557 3118 1649; x_wconf 87' lang='lat' dir='ltr'>pertinere</span> <span class='ocrx_word' id='word_1_281' title='bbox 3163 1557 3258 1629; x_wconf 92' lang='lat' dir='ltr'>ad</span> <span class='ocrx_word' id='word_1_282' title='bbox 3300 1554 3700 1630; x_wconf 87' lang='lat' dir='ltr'>familiam</span> 
     </span>
    </p>

    <p class='ocr_par' dir='ltr' id='par_1_15' title="bbox 2148 1674 3708 1766">
     <span class='ocr_line' id='line_1_55' title="bbox 2148 1674 3708 1766; baseline 0 -21"><span class='ocrx_word' id='word_1_283' title='bbox 2148 1674 2449 1747; x_wconf 86' lang='lat' dir='ltr'>bestiae.</span> <span class='ocrx_word' id='word_1_284' title='bbox 2480 1674 2959 1747; x_wconf 82' lang='lat' dir='ltr'>Generalius</span> <span class='ocrx_word' id='word_1_285' title='bbox 2998 1676 3270 1747; x_wconf 88' lang='lat' dir='ltr'>autem</span> <span class='ocrx_word' id='word_1_286' title='bbox 3305 1674 3708 1766; x_wconf 83' lang='lat' dir='ltr'>accipitur</span> 
     </span>
    </p>

    <p class='ocr_par' dir='ltr' id='par_1_16' title="bbox 2145 1789 3707 1996">
     <span class='ocr_line' id='line_1_56' title="bbox 2145 1789 3707 1883; baseline 0 -22"><span class='ocrx_word' id='word_1_287' title='bbox 2145 1813 2184 1862; x_wconf 92' lang='lat' dir='ltr'>c</span> <span class='ocrx_word' id='word_1_288' title='bbox 2215 1791 2601 1864; x_wconf 89' lang='lat' dir='ltr'>haracter</span> <span class='ocrx_word' id='word_1_289' title='bbox 2646 1812 2791 1883; x_wconf 90' lang='lat' dir='ltr'>pro</span> <span class='ocrx_word' id='word_1_290' title='bbox 2829 1790 3064 1881; x_wconf 74' lang='lat' dir='ltr'>signo</span> <span class='ocrx_word' id='word_1_291' title='bbox 3096 1816 3109 1871; x_wconf 92' lang='lat'>;</span> <span class='ocrx_word' id='word_1_292' title='bbox 3147 1795 3227 1862; x_wconf 91' lang='lat' dir='ltr'>et</span> <span class='ocrx_word' id='word_1_293' title='bbox 3278 1789 3428 1862; x_wconf 91' lang='lat' dir='ltr'>hoc</span> <span class='ocrx_word' id='word_1_294' title='bbox 3476 1792 3707 1863; x_wconf 90' lang='lat' dir='ltr'>modo</span> 
     </span>
     <span class='ocr_line' id='line_1_57' title="bbox 2155 1902 3701 1996; baseline 0.004 -23"><span class='ocrx_word' id='word_1_295' title='bbox 2155 1903 2622 1995; x_wconf 86' lang='lat' dir='ltr'>Baptismus</span> <span class='ocrx_word' id='word_1_296' title='bbox 2691 1906 2959 1996; x_wconf 91' lang='lat' dir='ltr'>potest</span> <span class='ocrx_word' id='word_1_297' title='bbox 3036 1902 3188 1975; x_wconf 89' lang='lat' dir='ltr'>dici</span> <span class='ocrx_word' id='word_1_298' title='bbox 3243 1903 3701 1979; x_wconf 73' lang='lat' dir='ltr'>character,</span> 
     </span>
    </p>

    <p class='ocr_par' dir='ltr' id='par_1_17' title="bbox 2153 2017 3708 2109">
     <span class='ocr_line' id='line_1_58' title="bbox 2153 2017 3708 2109; baseline 0.003 -25"><span class='ocrx_word' id='word_1_299' title='bbox 2153 2017 2340 2108; x_wconf 86' lang='lat' dir='ltr'>quia</span> <span class='ocrx_word' id='word_1_300' title='bbox 2376 2017 2701 2106; x_wconf 71' lang='lat' dir='ltr'>signum</span> <span class='ocrx_word' id='word_1_301' title='bbox 2777 2017 3164 2109; x_wconf 88' lang='lat' dir='ltr'>quoddam</span> <span class='ocrx_word' id='word_1_302' title='bbox 3199 2021 3347 2090; x_wconf 89' lang='lat' dir='ltr'>est.</span> <span class='ocrx_word' id='word_1_303' title='bbox 3405 2018 3708 2089; x_wconf 89' lang='lat' dir='ltr'>Forma</span> 
     </span>
    </p>

    <p class='ocr_par' dir='ltr' id='par_1_18' title="bbox 2145 2132 3706 2207">
     <span class='ocr_line' id='line_1_59' title="bbox 2145 2132 3706 2207; baseline 0.001 -2"><span class='ocrx_word' id='word_1_304' title='bbox 2145 2132 2401 2205; x_wconf 84' lang='lat' dir='ltr'>etiam</span> <span class='ocrx_word' id='word_1_305' title='bbox 2479 2133 2930 2205; x_wconf 89' lang='lat' dir='ltr'>verborum</span> <span class='ocrx_word' id='word_1_306' title='bbox 3022 2134 3101 2205; x_wconf 91' lang='lat' dir='ltr'>in</span> <span class='ocrx_word' id='word_1_307' title='bbox 3174 2137 3706 2207; x_wconf 88' lang='lat' dir='ltr'>Sacramento</span> 
     </span>
    </p>

    <p class='ocr_par' dir='ltr' id='par_1_19' title="bbox 2146 2249 3704 2459">
     <span class='ocr_line' id='line_1_60' title="bbox 2146 2249 3704 2342; baseline 0.002 -22"><span class='ocrx_word' id='word_1_308' title='bbox 2146 2250 2419 2341; x_wconf 92' lang='lat' dir='ltr'>aliquo</span> <span class='ocrx_word' id='word_1_309' title='bbox 2468 2254 2742 2342; x_wconf 88' lang='lat' dir='ltr'>potest</span> <span class='ocrx_word' id='word_1_310' title='bbox 2774 2250 2929 2322; x_wconf 86' lang='lat' dir='ltr'>dici</span> <span class='ocrx_word' id='word_1_311' title='bbox 2999 2249 3456 2333; x_wconf 87' lang='lat' dir='ltr'>character,</span> <span class='ocrx_word' id='word_1_312' title='bbox 3497 2250 3704 2323; x_wconf 89' lang='lat' dir='ltr'>sicut</span> 
     </span>
     <span class='ocr_line' id='line_1_61' title="bbox 2157 2365 3704 2459; baseline 0.003 -23"><span class='ocrx_word' id='word_1_313' title='bbox 2157 2367 2554 2457; x_wconf 84' lang='lat' dir='ltr'>Magister</span> <span class='ocrx_word' id='word_1_314' title='bbox 2624 2366 2998 2459; x_wconf 86' lang='lat' dir='ltr'>loquitur</span> <span class='ocrx_word' id='word_1_315' title='bbox 3069 2367 3160 2436; x_wconf 89' lang='lat' dir='ltr'>de</span> <span class='ocrx_word' id='word_1_316' title='bbox 3219 2365 3704 2440; x_wconf 85' lang='lat' dir='ltr'>charactere</span> 
     </span>
    </p>

    <p class='ocr_par' dir='ltr' id='par_1_20' title="bbox 2147 2484 3702 2691">
     <span class='ocr_line' id='line_1_62' title="bbox 2147 2484 3702 2575; baseline 0.005 -24"><span class='ocrx_word' id='word_1_317' title='bbox 2147 2486 2300 2551; x_wconf 81' lang='lat' dir='ltr'>dist.</span> <span class='ocrx_word' id='word_1_318' title='bbox 2346 2488 2496 2565; x_wconf 78' lang='lat' dir='ltr'>isca,</span> <span class='ocrx_word' id='word_1_319' title='bbox 2539 2488 2625 2556; x_wconf 91' lang='lat' dir='ltr'>ut</span> <span class='ocrx_word' id='word_1_320' title='bbox 2669 2484 2980 2557; x_wconf 90' lang='lat' dir='ltr'>dictum</span> <span class='ocrx_word' id='word_1_321' title='bbox 3061 2489 3187 2557; x_wconf 85' lang='lat' dir='ltr'>est</span> <span class='ocrx_word' id='word_1_322' title='bbox 3258 2485 3702 2575; x_wconf 86' lang='lat' dir='ltr'>quaestione</span> 
     </span>
     <span class='ocr_line' id='line_1_63' title="bbox 2151 2600 2660 2691; baseline 0 -21"><span class='ocrx_word' id='word_1_323' title='bbox 2151 2600 2660 2691; x_wconf 89' lang='lat' dir='ltr'>praecedenti.</span> 
     </span>
    </p>

    <p class='ocr_par' dir='ltr' id='par_1_21' title="bbox 2141 2716 4052 4441">
     <span class='ocr_line' id='line_1_64' title="bbox 2238 2716 3918 2808; baseline 0.001 -18"><span class='ocrx_word' id='word_1_324' title='bbox 2238 2717 2382 2790; x_wconf 88' lang='lat' dir='ltr'>Sed</span> <span class='ocrx_word' id='word_1_325' title='bbox 2473 2716 2598 2788; x_wconf 89' lang='lat' dir='ltr'>his</span> <span class='ocrx_word' id='word_1_326' title='bbox 2670 2717 3040 2789; x_wconf 90' lang='lat' dir='ltr'>omnibus</span> <span class='ocrx_word' id='word_1_327' title='bbox 3113 2718 3697 2808; x_wconf 88' lang='lat' dir='ltr'>praetermissis</span> <span class='ocrx_word' id='word_1_328' title='bbox 3866 2760 3918 2808; x_wconf 62' lang='lat'>3,</span> 
     </span>
     <span class='ocr_line' id='line_1_65' title="bbox 2146 2820 4052 2935; baseline -0.001 -28"><span class='ocrx_word' id='word_1_329' title='bbox 2146 2834 2237 2907; x_wconf 91' lang='lat' dir='ltr'>de</span> <span class='ocrx_word' id='word_1_330' title='bbox 2272 2834 2779 2914; x_wconf 83' lang='lat' dir='ltr'>charactere,</span> <span class='ocrx_word' id='word_1_331' title='bbox 2819 2838 2905 2906; x_wconf 91' lang='lat' dir='ltr'>ut</span> <span class='ocrx_word' id='word_1_332' title='bbox 2938 2833 3351 2925; x_wconf 88' lang='lat' dir='ltr'>loquimur</span> <span class='ocrx_word' id='word_1_333' title='bbox 3393 2836 3468 2906; x_wconf 91' lang='lat' dir='ltr'>in</span> <span class='ocrx_word' id='word_1_334' title='bbox 3514 2856 3693 2928; x_wconf 88' lang='lat' dir='ltr'>pro·</span> <span class='ocrx_word' id='word_1_335' title='bbox 3727 2820 4052 2935; x_wconf 41' lang='lat' dir='ltr'>chflssfffflgss‘i’s,</span> 
     </span>
     <span class='ocr_line' id='line_1_66' title="bbox 2147 2949 3690 3043; baseline 0.001 -20"><span class='ocrx_word' id='word_1_336' title='bbox 2147 2951 2440 3043; x_wconf 88' lang='lat' dir='ltr'>posito,</span> <span class='ocrx_word' id='word_1_337' title='bbox 2496 2949 2883 3041; x_wconf 83' lang='lat' dir='ltr'>Theologi</span> <span class='ocrx_word' id='word_1_338' title='bbox 2955 2950 3426 3042; x_wconf 89' lang='lat' dir='ltr'>concipiunt</span> <span class='ocrx_word' id='word_1_339' title='bbox 3469 2972 3690 3024; x_wconf 89' lang='lat' dir='ltr'>com-</span> 
     </span>
     <span class='ocr_line' id='line_1_67' title="bbox 2151 3067 3700 3162; baseline 0.002 -24"><span class='ocrx_word' id='word_1_340' title='bbox 2151 3068 2504 3141; x_wconf 87' lang='lat' dir='ltr'>muniter</span> <span class='ocrx_word' id='word_1_341' title='bbox 2575 3089 2719 3161; x_wconf 88' lang='lat' dir='ltr'>per</span> <span class='ocrx_word' id='word_1_342' title='bbox 2798 3067 3372 3141; x_wconf 86' lang='lat' dir='ltr'>characterem</span> <span class='ocrx_word' id='word_1_343' title='bbox 3460 3069 3700 3162; x_wconf 92' lang='lat' dir='ltr'>quod-</span> 
     </span>
     <span class='ocr_line' id='line_1_68' title="bbox 2143 3186 3695 3278; baseline 0.002 -21"><span class='ocrx_word' id='word_1_344' title='bbox 2143 3187 2325 3258; x_wconf 89' lang='lat' dir='ltr'>dam</span> <span class='ocrx_word' id='word_1_345' title='bbox 2376 3186 2805 3278; x_wconf 91' lang='lat' dir='ltr'>spirituale</span> <span class='ocrx_word' id='word_1_346' title='bbox 2868 3187 3363 3278; x_wconf 87' lang='lat' dir='ltr'>impressum</span> <span class='ocrx_word' id='word_1_347' title='bbox 3406 3206 3453 3257; x_wconf 93' lang='lat' dir='ltr'>a</span> <span class='ocrx_word' id='word_1_348' title='bbox 3526 3189 3695 3260; x_wconf 92' lang='lat' dir='ltr'>Deo</span> 
     </span>
     <span class='ocr_line' id='line_1_69' title="bbox 2147 3302 3700 3395; baseline 0 -19"><span class='ocrx_word' id='word_1_349' title='bbox 2147 3302 2620 3395; x_wconf 89' lang='lat' dir='ltr'>suscipienti</span> <span class='ocrx_word' id='word_1_350' title='bbox 2684 3308 3309 3378; x_wconf 82' lang='lat' dir='ltr'>Sacramentum</span> <span class='ocrx_word' id='word_1_351' title='bbox 3358 3324 3518 3376; x_wconf 92' lang='lat' dir='ltr'>non</span> <span class='ocrx_word' id='word_1_352' title='bbox 3555 3303 3700 3378; x_wconf 91' lang='lat' dir='ltr'>ite-</span> 
     </span>
     <span class='ocr_line' id='line_1_70' title="bbox 2148 3419 3701 3494; baseline 0 -2"><span class='ocrx_word' id='word_1_353' title='bbox 2148 3421 2426 3493; x_wconf 88' lang='lat' dir='ltr'>rabile.</span> <span class='ocrx_word' id='word_1_354' title='bbox 2515 3423 2635 3491; x_wconf 83' lang='lat' dir='ltr'>Ex</span> <span class='ocrx_word' id='word_1_355' title='bbox 2705 3422 2867 3494; x_wconf 89' lang='lat' dir='ltr'>ista</span> <span class='ocrx_word' id='word_1_356' title='bbox 2949 3420 3273 3492; x_wconf 91' lang='lat' dir='ltr'>ratione</span> <span class='ocrx_word' id='word_1_357' title='bbox 3341 3419 3701 3492; x_wconf 88' lang='lat' dir='ltr'>nominis</span> 
     </span>
     <span class='ocr_line' id='line_1_71' title="bbox 2728 3535 3701 3628; baseline 0 -20"><span class='ocrx_word' id='word_1_358' title='bbox 2728 3536 3020 3628; x_wconf 90' lang='lat' dir='ltr'>aliquae</span> <span class='ocrx_word' id='word_1_359' title='bbox 3138 3535 3701 3628; x_wconf 87' lang='lat' dir='ltr'>proprietates</span> 
     </span>
     <span class='ocr_line' id='line_1_72' title="bbox 2146 3652 3701 3744; baseline -0.002 -17"><span class='ocrx_word' id='word_1_360' title='bbox 2146 3652 2682 3735; x_wconf 79' lang='lat' dir='ltr'>characteriS,</span> <span class='ocrx_word' id='word_1_361' title='bbox 2795 3672 3141 3744; x_wconf 74' lang='lat' dir='ltr'>qua-rum</span> <span class='ocrx_word' id='word_1_362' title='bbox 3235 3653 3407 3726; x_wconf 88' lang='lat' dir='ltr'>duae</span> <span class='ocrx_word' id='word_1_363' title='bbox 3517 3656 3701 3725; x_wconf 89' lang='lat' dir='ltr'>sunt</span> 
     </span>
     <span class='ocr_line' id='line_1_73' title="bbox 2145 3768 3696 3853; baseline -0.001 -8"><span class='ocrx_word' id='word_1_364' title='bbox 2145 3791 2620 3845; x_wconf 88' lang='lat' dir='ltr'>communes</span> <span class='ocrx_word' id='word_1_365' title='bbox 2664 3769 2841 3853; x_wconf 91' lang='lat' dir='ltr'>sibi,</span> <span class='ocrx_word' id='word_1_366' title='bbox 2887 3772 2965 3841; x_wconf 92' lang='lat' dir='ltr'>et</span> <span class='ocrx_word' id='word_1_367' title='bbox 3004 3768 3334 3843; x_wconf 89' lang='lat' dir='ltr'>cuilibet</span> <span class='ocrx_word' id='word_1_368' title='bbox 3378 3771 3696 3851; x_wconf 85' lang='lat' dir='ltr'>formae,</span> 
     </span>
     <span class='ocr_line' id='line_1_74' title="bbox 2147 3884 3700 3978; baseline -0.001 -18"><span class='ocrx_word' id='word_1_369' title='bbox 2147 3885 2460 3960; x_wconf 90' lang='lat' dir='ltr'>scilicet</span> <span class='ocrx_word' id='word_1_370' title='bbox 2498 3886 2702 3978; x_wconf 90' lang='lat' dir='ltr'>quod</span> <span class='ocrx_word' id='word_1_371' title='bbox 2736 3889 2857 3958; x_wconf 89' lang='lat' dir='ltr'>est</span> <span class='ocrx_word' id='word_1_372' title='bbox 2911 3884 3181 3957; x_wconf 84' lang='lat' dir='ltr'>forma</span> <span class='ocrx_word' id='word_1_373' title='bbox 3219 3886 3700 3961; x_wconf 90' lang='lat' dir='ltr'>assimilati-</span> 
     </span>
     <span class='ocr_line' id='line_1_75' title="bbox 2141 4002 3699 4094; baseline 0 -18"><span class='ocrx_word' id='word_1_374' title='bbox 2141 4025 2244 4076; x_wconf 84' lang='lat' dir='ltr'>va</span> <span class='ocrx_word' id='word_1_375' title='bbox 2276 4002 2418 4075; x_wconf 87' lang='lat' dir='ltr'>alii</span> <span class='ocrx_word' id='word_1_376' title='bbox 2465 4002 2815 4086; x_wconf 90' lang='lat' dir='ltr'>habenti,</span> <span class='ocrx_word' id='word_1_377' title='bbox 2862 4007 2941 4075; x_wconf 91' lang='lat' dir='ltr'>et</span> <span class='ocrx_word' id='word_1_378' title='bbox 2997 4003 3202 4094; x_wconf 89' lang='lat' dir='ltr'>quod</span> <span class='ocrx_word' id='word_1_379' title='bbox 3247 4009 3371 4076; x_wconf 90' lang='lat' dir='ltr'>est</span> <span class='ocrx_word' id='word_1_380' title='bbox 3431 4002 3699 4077; x_wconf 89' lang='lat' dir='ltr'>forma</span> 
     </span>
     <span class='ocr_line' id='line_1_76' title="bbox 2142 4117 3692 4193; baseline -0.001 -1"><span class='ocrx_word' id='word_1_381' title='bbox 2142 4118 2612 4193; x_wconf 89' lang='lat' dir='ltr'>distinctiva</span> <span class='ocrx_word' id='word_1_382' title='bbox 2645 4139 2691 4190; x_wconf 91' lang='lat' dir='ltr'>a</span> <span class='ocrx_word' id='word_1_383' title='bbox 2723 4138 2884 4190; x_wconf 91' lang='lat' dir='ltr'>non</span> <span class='ocrx_word' id='word_1_384' title='bbox 2925 4117 3291 4191; x_wconf 89' lang='lat' dir='ltr'>habente.</span> <span class='ocrx_word' id='word_1_385' title='bbox 3332 4121 3432 4192; x_wconf 83' lang='lat' dir='ltr'>Et</span> <span class='ocrx_word' id='word_1_386' title='bbox 3513 4119 3692 4191; x_wconf 87' lang='lat' dir='ltr'>aliae</span> 
     </span>
     <span class='ocr_line' id='line_1_77' title="bbox 2146 4227 4049 4339; baseline -0.001 -31"><span class='ocrx_word' id='word_1_387' title='bbox 2146 4235 2564 4327; x_wconf 87' lang='lat' dir='ltr'>speciales,</span> <span class='ocrx_word' id='word_1_388' title='bbox 2633 4253 2975 4325; x_wconf 89' lang='lat' dir='ltr'>quarum.</span> <span class='ocrx_word' id='word_1_389' title='bbox 3040 4254 3195 4305; x_wconf 89' lang='lat' dir='ltr'>una</span> <span class='ocrx_word' id='word_1_390' title='bbox 3237 4238 3385 4316; x_wconf 90' lang='lat' dir='ltr'>est,</span> <span class='ocrx_word' id='word_1_391' title='bbox 3476 4235 3682 4325; x_wconf 91' lang='lat' dir='ltr'>quod</span> <span class='ocrx_word' id='word_1_392' title='bbox 3725 4227 4049 4339; x_wconf 49' lang='lat' dir='ltr'>effigfflgffiggl</span> 
     </span>
     <span class='ocr_line' id='line_1_78' title="bbox 2142 4331 4049 4441; baseline 0 -18"><span class='ocrx_word' id='word_1_393' title='bbox 2142 4354 2266 4423; x_wconf 90' lang='lat' dir='ltr'>est</span> <span class='ocrx_word' id='word_1_394' title='bbox 2338 4350 2661 4441; x_wconf 86' lang='lat' dir='ltr'>signum</span> <span class='ocrx_word' id='word_1_395' title='bbox 2741 4349 3468 4421; x_wconf 89' lang='lat' dir='ltr'>rememorativum</span> <span class='ocrx_word' id='word_1_396' title='bbox 3561 4353 3691 4422; x_wconf 89' lang='lat' dir='ltr'>Sa·</span> <span class='ocrx_word' id='word_1_397' title='bbox 3744 4331 4049 4423; x_wconf 61' lang='lat' dir='ltr'>remefi’mra-</span> 
     </span>
    </p>
   </div>
   <div class='ocr_carea' id='block_1_11' title="bbox 3800 4421 3976 4475">
    <p class='ocr_par' dir='ltr' id='par_1_22' title="bbox 3800 4421 3976 4475">
     <span class='ocr_line' id='line_1_79' title="bbox 3800 4421 3976 4475; baseline -0.006 -10"><span class='ocrx_word' id='word_1_398' title='bbox 3800 4421 3976 4475; x_wconf 70' lang='lat' dir='ltr'>avum,</span> 
     </span>
    </p>
   </div>
   <div class='ocr_carea' id='block_1_12' title="bbox 2139 4465 4050 5611">
    <p class='ocr_par' dir='ltr' id='par_1_23' title="bbox 2139 4465 4050 4908">
     <span class='ocr_line' id='line_1_80' title="bbox 2142 4465 4050 4567; baseline -0.002 -26"><span class='ocrx_word' id='word_1_399' title='bbox 2142 4467 2544 4541; x_wconf 82' lang='lat' dir='ltr'>eramenti</span> <span class='ocrx_word' id='word_1_400' title='bbox 2590 4465 2988 4558; x_wconf 89' lang='lat' dir='ltr'>suscepti;</span> <span class='ocrx_word' id='word_1_401' title='bbox 3036 4465 3224 4548; x_wconf 89' lang='lat' dir='ltr'>alia,</span> <span class='ocrx_word' id='word_1_402' title='bbox 3299 4467 3501 4557; x_wconf 88' lang='lat' dir='ltr'>quod</span> <span class='ocrx_word' id='word_1_403' title='bbox 3566 4472 3690 4539; x_wconf 90' lang='lat' dir='ltr'>est</span> <span class='ocrx_word' id='word_1_404' title='bbox 3727 4478 4050 4567; x_wconf 63' lang='lat' dir='ltr'>‹fonlbrmati-</span> 
     </span>
     <span class='ocr_line' id='line_1_81' title="bbox 2142 4556 4046 4677; baseline -0.004 -19"><span class='ocrx_word' id='word_1_405' title='bbox 2142 4586 2465 4677; x_wconf 82' lang='lat' dir='ltr'>signum</span> <span class='ocrx_word' id='word_1_406' title='bbox 2546 4581 3239 4655; x_wconf 69' lang='lat' dir='ltr'>conforma-tivum</span> <span class='ocrx_word' id='word_1_407' title='bbox 3329 4582 3687 4666; x_wconf 87' lang='lat' dir='ltr'>Christo,</span> <span class='ocrx_word' id='word_1_408' title='bbox 3726 4607 3777 4651; x_wconf 84' lang='lat' dir='ltr'>et</span> <span class='ocrx_word' id='word_1_409' title='bbox 3806 4556 4046 4675; x_wconf 61' lang='grc' dir='ltr'>οζῖῗὲζιο-</span> 
     </span>
     <span class='ocr_line' id='line_1_82' title="bbox 2142 4682 3973 4795; baseline -0.001 -19"><span class='ocrx_word' id='word_1_410' title='bbox 2142 4704 2373 4795; x_wconf 91' lang='lat' dir='ltr'>cujus</span> <span class='ocrx_word' id='word_1_411' title='bbox 2417 4702 3036 4775; x_wconf 85' lang='lat' dir='ltr'>Sacramentum</span> <span class='ocrx_word' id='word_1_412' title='bbox 3093 4700 3567 4791; x_wconf 89' lang='lat' dir='ltr'>suscipitur,</span> <span class='ocrx_word' id='word_1_413' title='bbox 3613 4706 3692 4774; x_wconf 91' lang='lat' dir='ltr'>et</span> <span class='ocrx_word' id='word_1_414' title='bbox 3819 4682 3973 4716; x_wconf 56' lang='lat'>&#39;&#39;¹⁰¹¹“</span> 
     </span>
     <span class='ocr_line' id='line_1_83' title="bbox 2139 4815 3685 4908; baseline 0 -18"><span class='ocrx_word' id='word_1_415' title='bbox 2139 4818 2390 4890; x_wconf 87' lang='lat' dir='ltr'>etiam</span> <span class='ocrx_word' id='word_1_416' title='bbox 2447 4816 3030 4908; x_wconf 84' lang='lat' dir='ltr'>obligatorium</span> <span class='ocrx_word' id='word_1_417' title='bbox 3097 4815 3194 4896; x_wconf 85' lang='lat' dir='ltr'>ei,</span> <span class='ocrx_word' id='word_1_418' title='bbox 3286 4836 3379 4888; x_wconf 93' lang='lat' dir='ltr'>eo</span> <span class='ocrx_word' id='word_1_419' title='bbox 3455 4818 3685 4890; x_wconf 90' lang='lat' dir='ltr'>modo</span> 
     </span>
    </p>

    <p class='ocr_par' dir='ltr' id='par_1_24' title="bbox 2145 4935 3694 5027">
     <span class='ocr_line' id='line_1_84' title="bbox 2145 4935 3694 5027; baseline -0.002 -20"><span class='ocrx_word' id='word_1_420' title='bbox 2145 4956 2301 5027; x_wconf 91' lang='lat' dir='ltr'>quo</span> <span class='ocrx_word' id='word_1_421' title='bbox 2338 4935 2788 5026; x_wconf 88' lang='lat' dir='ltr'>suscipiens</span> <span class='ocrx_word' id='word_1_422' title='bbox 2827 4936 3449 5007; x_wconf 89' lang='lat' dir='ltr'>Sacramentum</span> <span class='ocrx_word' id='word_1_423' title='bbox 3502 4935 3694 5006; x_wconf 87' lang='lat' dir='ltr'>obli-</span> 
     </span>
    </p>

    <p class='ocr_par' dir='ltr' id='par_1_25' title="bbox 2141 5050 3448 5144">
     <span class='ocr_line' id='line_1_85' title="bbox 2141 5050 3448 5144; baseline -0.003 -20"><span class='ocrx_word' id='word_1_424' title='bbox 2141 5056 2389 5143; x_wconf 86' lang='lat' dir='ltr'>gatur</span> <span class='ocrx_word' id='word_1_425' title='bbox 2420 5072 2566 5144; x_wconf 86' lang='lat' dir='ltr'>per</span> <span class='ocrx_word' id='word_1_426' title='bbox 2605 5051 2781 5142; x_wconf 88' lang='lat' dir='ltr'>ejus</span> <span class='ocrx_word' id='word_1_427' title='bbox 2825 5050 3448 5143; x_wconf 87' lang='lat' dir='ltr'>susceptionem.</span> 
     </span>
    </p>

    <p class='ocr_par' dir='ltr' id='par_1_26' title="bbox 2145 5168 4037 5611">
     <span class='ocr_line' id='line_1_86' title="bbox 2232 5168 4025 5246; baseline 0 -6"><span class='ocrx_word' id='word_1_428' title='bbox 2232 5172 2352 5241; x_wconf 82' lang='lat' dir='ltr'>Ex</span> <span class='ocrx_word' id='word_1_429' title='bbox 2403 5170 2562 5242; x_wconf 88' lang='lat' dir='ltr'>ista</span> <span class='ocrx_word' id='word_1_430' title='bbox 2630 5169 2879 5241; x_wconf 87' lang='lat' dir='ltr'>etiam</span> <span class='ocrx_word' id='word_1_431' title='bbox 2961 5168 3277 5242; x_wconf 85' lang='lat' dir='ltr'>ratione</span> <span class='ocrx_word' id='word_1_432' title='bbox 3328 5169 3688 5240; x_wconf 89' lang='lat' dir='ltr'>nominis</span> <span class='ocrx_word' id='word_1_433' title='bbox 3750 5196 4025 5246; x_wconf 68' lang='lat' dir='ltr'>character</span> 
     </span>
     <span class='ocr_line' id='line_1_87' title="bbox 2154 5272 4037 5377; baseline 0 -20"><span class='ocrx_word' id='word_1_434' title='bbox 2154 5287 2394 5377; x_wconf 88' lang='lat' dir='ltr'>patet.</span> <span class='ocrx_word' id='word_1_435' title='bbox 2444 5284 2649 5375; x_wconf 91' lang='lat' dir='ltr'>quod</span> <span class='ocrx_word' id='word_1_436' title='bbox 2682 5283 3125 5357; x_wconf 86' lang='lat' dir='ltr'>character</span> <span class='ocrx_word' id='word_1_437' title='bbox 3162 5304 3322 5355; x_wconf 92' lang='lat' dir='ltr'>non</span> <span class='ocrx_word' id='word_1_438' title='bbox 3355 5290 3480 5357; x_wconf 91' lang='lat' dir='ltr'>est</span> <span class='ocrx_word' id='word_1_439' title='bbox 3513 5304 3690 5375; x_wconf 76' lang='lat' dir='ltr'>gra·</span> <span class='ocrx_word' id='word_1_440' title='bbox 3723 5326 3799 5369; x_wconf 43' lang='grc' dir='ltr'>..εἰ</span> <span class='ocrx_word' id='word_1_441' title='bbox 3842 5272 4037 5369; x_wconf 54' lang='grc' dir='ltr'>ἳῗῗῑυε,</span> 
     </span>
     <span class='ocr_line' id='line_1_88' title="bbox 2147 5399 3694 5493; baseline -0.001 -20"><span class='ocrx_word' id='word_1_442' title='bbox 2147 5401 2286 5484; x_wconf 88' lang='lat' dir='ltr'>tia,</span> <span class='ocrx_word' id='word_1_443' title='bbox 2322 5421 2467 5473; x_wconf 91' lang='lat' dir='ltr'>nec</span> <span class='ocrx_word' id='word_1_444' title='bbox 2513 5400 2781 5473; x_wconf 86' lang='lat' dir='ltr'>virtus</span> <span class='ocrx_word' id='word_1_445' title='bbox 2824 5399 3097 5491; x_wconf 85' lang='lat' dir='ltr'>aliqua</span> <span class='ocrx_word' id='word_1_446' title='bbox 3167 5400 3460 5484; x_wconf 87' lang='lat' dir='ltr'>infusa,</span> <span class='ocrx_word' id='word_1_447' title='bbox 3498 5407 3694 5493; x_wconf 88' lang='lat' dir='ltr'>puta</span> 
     </span>
     <span class='ocr_line' id='line_1_89' title="bbox 2145 5516 3692 5611; baseline 0.001 -23"><span class='ocrx_word' id='word_1_448' title='bbox 2145 5517 2363 5598; x_wconf 89' lang='lat' dir='ltr'>fides,</span> <span class='ocrx_word' id='word_1_449' title='bbox 2445 5538 2652 5611; x_wconf 90' lang='lat' dir='ltr'>spes,</span> <span class='ocrx_word' id='word_1_450' title='bbox 2739 5517 3130 5599; x_wconf 88' lang='lat' dir='ltr'>charitas,</span> <span class='ocrx_word' id='word_1_451' title='bbox 3214 5516 3401 5608; x_wconf 91' lang='lat' dir='ltr'>quia</span> <span class='ocrx_word' id='word_1_452' title='bbox 3486 5517 3692 5590; x_wconf 87' lang='lat' dir='ltr'>tales</span> 
     </span>
    </p>
   </div>
   <div class='ocr_carea' id='block_1_13' title="bbox 2142 5630 3693 5726">
    <p class='ocr_par' dir='ltr' id='par_1_27' title="bbox 2142 5630 3693 5726">
     <span class='ocr_line' id='line_1_90' title="bbox 2142 5630 3693 5726; baseline 0.001 -23"><span class='ocrx_word' id='word_1_453' title='bbox 2142 5634 2498 5707; x_wconf 84' lang='lat' dir='ltr'>virtutes</span> <span class='ocrx_word' id='word_1_454' title='bbox 2537 5653 2697 5705; x_wconf 93' lang='lat' dir='ltr'>non</span> <span class='ocrx_word' id='word_1_455' title='bbox 2741 5653 3063 5726; x_wconf 89' lang='lat' dir='ltr'>semper</span> <span class='ocrx_word' id='word_1_456' title='bbox 3106 5630 3693 5724; x_wconf 88' lang='lat' dir='ltr'>imprimuntur</span> 
     </span>
    </p>
   </div>
  </div>
 </body>
</html>
