4287 6313
1580 360 1782 422 DIST.
1832 359 1927 421 vl.
1965 355 2327 431 QUAESTlo
2378 358 2483 420 lx.

492 518 845 594 sormam
880 521 1355 614 imprimere
1375 517 2035 611 obligato,magis

490 635 641 709 hoc
708 637 1045 721 faceret,
1122 659 1364 730 quam
1407 638 1614 729 quod
1665 635 2036 709 absolute

490 772 635 844 per
693 755 970 824 actum
1041 754 1556 846 praeteritum
1610 753 1757 824 sibi
1819 754 2040 824 esset

485 867 930 960 obligatus;
995 873 1206 943 Deus
1249 877 1523 943 autem
1588 872 1855 962 potest
1921 872 2033 940 ta-

488 986 646 1057 lem
714 985 1070 1058 formam
1129 986 1801 1076 configurantem,
1885 984 2035 1058 hoc

488 1105 638 1183 est,
696 1100 1235 1176 offendentem
1282 1101 1863 1193 obligationem
1901 1100 2037 1171 im-

494 1217 849 1308 primere
927 1219 1007 1290 in
1077 1218 1396 1290 anima.⁸

158 1341 437 1455 Chaffibm
582 1334 803 1415 Quod
911 1333 1163 1406 etiam
1233 1333 1554 1407 additur
1631 1332 1723 1404 de
1803 1330 2034 1421 signo

183 1470 420 1539 mappam
493 1450 1155 1535 rememorativo,
1219 1450 1420 1533 dicO,
1486 1449 1690 1542 quod
1791 1468 2040 1520 reme-

201 1544 407 1655 ιῖξῖΐιῗῗη
495 1569 993 1643 morativum
1026 1573 1175 1651 est,
1230 1589 1392 1640 non
1468 1570 1788 1642 tantum
1864 1586 2040 1658 pro-

158 1667 459 1771 ”ffiffffim‘
492 1690 671 1778 pter
713 1686 926 1768 illos,
969 1688 1341 1779 respectu
1378 1704 1729 1777 quorum
1800 1683 2040 1757 habet

491 1805 891 1877 rationem
928 1804 1141 1894 signi
1173 1804 1467 1875 ducens
1515 1802 1591 1875 in
1637 1800 2042 1874 rationem

490 1921 831 2012 si‘gnati,
874 1922 1085 1993 sicut
1140 1919 1525 2010 arguitur
1594 1918 2036 1998 dividendo,

503 2038 635 2110 sed
668 2038 908 2111 habet
997 2038 1428 2111 rationem
1500 2036 1713 2127 signi
1785 2055 2039 2107 reme-

490 2154 879 2227 morativi
928 2158 1266 2246 propter
1299 2153 1590 2247 ipsum,
1622 2151 1755 2244 qui
1792 2151 2040 2224 susci-

486 2271 629 2363 pit.
704 2273 804 2344 Et
847 2274 1118 2344 tamen
1181 2270 1258 2342 si
1306 2274 1660 2361 ponatur
1703 2273 2044 2361 propter

479 2386 711 2467 alios,
786 2407 946 2459 non
1015 2391 1343 2462 tantum
1393 2388 1607 2457 esset
1644 2384 2034 2477 quoddam

485 2500 567 2573 in
599 2522 683 2573 se
734 2501 1461 2574 rememorativum
1497 2497 2033 2577 sacramenti,

488 2618 621 2689 sed
661 2618 909 2691 etiam
971 2622 1191 2690 esset
1242 2617 1564 2707 signum
1623 2614 2037 2687 ductivum

490 2734 571 2805 in
623 2734 840 2816 illud,
897 2735 1108 2806 Sicut
1181 2740 1447 2824 siqnum
1514 2736 1788 2812 (licitur,
1868 2732 2042 2820 quod

493 2854 663 2938 facit
709 2854 903 2918 aliud
969 2856 1038 2918 iu
1117 2853 1559 2938 coquitioncm
1597 2851 1850 2916 venire.
1897 2848 2040 2919 Po-

486 2969 649 3039 test
700 2966 951 3040 etiam
1010 2966 1360 3048 concedi,
1418 2965 1619 3057 quod
1672 2964 1751 3036 iu
1821 2984 2042 3036 com-

489 3083 916 3176 paratione
949 3087 1026 3155 et
1070 3085 1162 3154 ad
1200 3085 1457 3155 Deum
1507 3086 1586 3153 et
1623 3080 1714 3151 ad
1763 3079 2042 3172 proxi-

490 3221 688 3285 mOS,
736 3200 903 3271 sive
973 3201 1052 3271 in
1121 3198 1619 3272 beatitudine
1703 3197 1794 3267 ad
1866 3196 2037 3286 glo-

489 3319 724 3397 riam,
828 3318 997 3390 sive
1107 3318 1184 3389 in
1298 3314 1819 3389 damnatione
1944 3314 2040 3385 ad

486 3435 1075 3507 confusionem.
1430 3420 1437 3425 ’

576 3557 675 3626 Et
746 3554 952 3645 quod
1032 3553 1442 3645 objicitur,
1538 3552 1745 3643 quod
1832 3552 2038 3623 Deus

161 3710 442 3761 Clamet„
493 3676 767 3762 posset
819 3690 1316 3763 cognoscere
1369 3690 1599 3742 ovem
1653 3687 1883 3740 suam
1936 3667 2042 3740 si-

229 3788 339 3822 ¹”⁰¹¹²
488 3809 584 3860 ne
654 3788 913 3879 signo,
967 3808 1130 3860 non
1173 3787 1466 3869 obstat,
1532 3785 1719 3880 quia
1787 3784 2038 3859 etiam

136 3835 194 3883 in
219 3836 365 3896 coele,
406 3842 457 3887 et

490 3918 754 4008 potest
799 3936 977 3988 eam
1012 3937 1255 3988 nosse
1290 3935 1470 3987 cum
1508 3913 1766 4005 signo.
1806 3912 2033 3984 Beati

199 3898 397 3948 inferno

135 3975 452 4011 mansurum.
1031 4013 1082 4031 ,-

486 4045 733 4118 etiam
805 4045 883 4115 et
957 4025 1316 4114 damnati
1383 4041 1723 4132 possunt
1795 4038 2037 4110 istam

490 4181 729 4233 nosse
776 4160 1211 4249 signatam,
1261 4175 1497 4247 quam
1542 4175 1698 4226 non
1746 4172 2040 4243 cogno-

488 4288 809 4358 scerent
852 4301 1014 4352 non
1058 4280 1490 4369 signatam,
1538 4279 1725 4369 quia
1780 4278 1861 4349 in
1914 4276 2037 4348 be-

486 4409 882 4484 atitudine
945 4407 1039 4477 ad
1085 4405 1482 4497 majorem
1523 4404 1901 4497 gloriam,
1957 4405 2035 4474 et

486 4536 565 4607 in
616 4533 1134 4607 damnatione
1215 4532 1309 4603 ad
1390 4531 1785 4620 maiorem
1854 4550 2039 4600 con-

484 4659 912 4732 fusionem.
1005 4659 1106 4729 Et
1201 4676 1379 4728 cum
1472 4654 1856 4745 objicitur
1946 4654 2036 4726 de

484 4777 632 4849 fide
693 4781 772 4848 et
842 4773 1271 4853 charitate,
1321 4771 1489 4843 sive
1541 4772 1632 4843 de
1686 4770 2031 4860 meritiS,

480 4905 798 4976 dicetur
850 4902 932 4973 in
983 4898 1516 4992 responsione
1585 4897 1678 4968 ad
1758 4918 2037 4971 secun-

480 5030 667 5101 dum
729 5030 1306 5118 argumentum
1361 5023 1827 5116 principale.
1891 5024 2035 5096 Sed

483 5153 625 5226 illa
666 5174 839 5246 quae
886 5150 1386 5244 objiciuntur
1431 5149 1537 5221 ibi
1577 5150 1667 5220 de
1702 5150 2035 5225 Christo

483 5291 561 5360 et
608 5293 869 5362 matre
912 5288 1113 5379 ejuS,
1163 5285 1367 5378 quod
1409 5283 1842 5356 character
1874 5305 2034 5356 non

486 5418 615 5487 est
665 5414 917 5487 Beato
978 5413 1074 5485 ad
1140 5410 1526 5503 gloriam,
1579 5410 1787 5481 solvi
1860 5430 2033 5502 pos-

489 5543 703 5620 sunt,
743 5538 929 5631 quia
988 5538 1196 5611 sicut
1259 5535 1341 5607 in
1399 5538 1699 5607 natura
1750 5539 2035 5610 creata

3578 349 3698 413 607

2153 520 2342 589 sunt
2385 516 2678 606 aliquae
2725 513 3263 607 perfectiones
3313 531 3473 584 non
3514 510 3699 583 sim.-

2156 633 2501 724 pliciter,
2544 633 2676 704 sed
2755 632 2836 703 in
2915 630 3061 703 tali
3133 631 3456 713 natura,
3516 628 3704 720 quia

2151 753 2339 823 sunt
2411 745 2954 840 perfectiones
3026 747 3493 841 supplentes
3561 743 3703 815 im-

2153 865 2755 957 perfectionem,
2841 865 2977 956 4ita
3046 867 3317 958 potest
3391 861 3549 936 dici
3618 862 3710 935 de

2151 985 2336 1070 isto,
2402 985 2608 1078 quod
2673 986 2797 1058 est
2863 983 3260 1080 perfectio
3326 983 3706 1076 supplens

2150 1101 2885 1194 imperfectionem,
2923 1106 3003 1175 et
3046 1102 3218 1174 ideo
3270 1120 3438 1172 non
3469 1100 3709 1186 †com-

2157 1219 2355 1311 petit
2485 1219 2811 1291 omnino
2935 1216 3323 1311 perfectO,
3448 1235 3707 1307 neque

2152 1336 2401 1410 etiam
2478 1337 2869 1427 competit
2944 1335 3065 1406 illi
3141 1353 3538 1427 personae,
3616 1331 3695 1404 in

2156 1471 2312 1542 qua
2390 1456 2512 1524 est
2592 1451 2866 1543 aliqua
2945 1451 3339 1543 perfectio
3428 1449 3699 1540 major

2156 1567 2537 1659 supplens
2633 1567 3361 1660 imperfectionem,
3458 1586 3698 1658 quam

2156 1685 2259 1756 sit
2306 1685 2488 1757 ista.
2772 1667 2777 1672 ⁹

2243 1803 2355 1876 Ad
2388 1803 2722 1877 tertiam
2786 1803 3190 1876 rationem
3243 1823 3387 1894 pro
3442 1802 3698 1895 opini-
3852 1816 3933 1867 20.

2158 1941 2306 1992 one
2387 1926 2655 2013 potest
2723 1920 2905 2007 dici,
2982 1922 3186 2013 quod
3247 1923 3460 1993 Deus
3521 1941 3695 2013 pec·
3742 1878 4028 2013 mpffissr

2155 2036 2370 2108 canti
2419 2037 2887 2110 mortaliter
2928 2037 3008 2108 in
3051 2038 3226 2130 ipso
3278 2042 3488 2119 actu,
3537 2058 3692 2130 quo
3749 2017 4020 2126 αὲῗιιῖρὲἶι

2156 2158 2437 2244 peccat
2489 2153 2982 2235 mortaliter,
3021 2153 3339 2227 confert
3371 2153 3694 2246 aliquod
3758 2128 4015 2241 ευξθὲἔῃ,

2154 2269 2450 2341 donum
2521 2290 2779 2351 suum,
2847 2271 3034 2362 quia
3094 2291 3254 2343 non
3308 2271 3485 2344 vult
3555 2273 3695 2345 Sa·
3727 2251 4043 2319 q⁰⁸⁰d⁰q¹¹⁰·

2154 2388 2664 2457 eramentum
2736 2405 2996 2467 suum,
3071 2387 3277 2478 quod
3341 2406 3533 2458 vere
3602 2385 3701 2459 ab

2152 2519 2247 2570 eo
2301 2501 2773 2594 suscipitur,
2845 2523 3025 2576 esse
3085 2523 3409 2585 vanum,
3455 2506 3534 2575 et
3585 2504 3701 2577 ita

2153 2616 2323 2689 vult
2369 2617 2472 2689 ibi
2518 2618 2871 2711 aliquem
2910 2619 3285 2694 effectum
3328 2641 3697 2702 causare,

2154 2754 2308 2808 non
2359 2740 2632 2809 autem
2675 2737 3082 2823 ultimum,
3130 2738 3318 2830 quia
3359 2739 3703 2833 indispo-

2154 2855 2362 2928 situs
2441 2862 2587 2927 est.
2667 2857 2769 2928 Et
2836 2876 3018 2929 cum
3097 2857 3421 2948 probas,
3498 2857 3701 2950 quod

2156 2967 2514 3066 perfecte
2594 2975 2857 3053 curat,
2934 2973 3304 3054 concedo,
3388 2973 3699 3065 quando

2156 3089 2417 3167 curat,
2492 3085 2624 3156 sed
2713 3089 2901 3160 tunc
2970 3107 3132 3159 non
3200 3092 3462 3174 curat,
3536 3090 3699 3163 imo

2151 3205 2473 3276 tantum
2533 3202 2886 3295 disponit
2930 3203 3203 3286 istum,
3271 3205 3439 3278 sive
3501 3226 3700 3299 prae-

2158 3322 2397 3409 parat
2452 3320 2548 3392 ad
2611 3319 3149 3403 curationem,
3202 3325 3283 3394 et
3324 3324 3695 3406 concedo,

2155 3435 2361 3526 quod
2422 3433 2779 3527 perfecte
2840 3443 3281 3531 praeparat.
3327 3441 3429 3514 Et
3487 3438 3698 3511 istud

2153 3555 2276 3623 est
2341 3552 2852 3634 rationabile,
2893 3553 3081 3645 quia
3122 3554 3313 3627 licet
3371 3554 3451 3627 in
3502 3556 3705 3629 acti-

2158 3665 2442 3739 onibus
2484 3667 2966 3760 beneplaciti
3024 3668 3246 3743 circa
3307 3689 3702 3762 personas

2156 3784 2521 3875 privatas
2564 3782 2778 3858 forte
2838 3806 3000 3858 non
3061 3785 3432 3859 conferat
3493 3789 3701 3862 dona

2154 3922 2301 3972 sua
2344 3901 2837 3993 pertinentia
2900 3903 2994 3975 ad
3061 3903 3410 3977 salutem
3480 3904 3701 3978 illius

2158 4039 2549 4111 personae,
2649 4020 2807 4092 nisi
2895 4021 3252 4113 perfecte
3343 4024 3698 4097 sanando

2150 4137 2377 4207 illam
2412 4156 2892 4229 personam;
2946 4139 3029 4211 in
3071 4139 3383 4213 actibus
3423 4143 3702 4215 tamen

2152 4252 2751 4325 universalibus
2797 4255 3539 4332 concomitantibus
3583 4279 3703 4331 re-

2156 4367 2414 4441 media
2474 4390 2619 4443 sua
2671 4370 3195 4455 universalia,
3250 4373 3703 4467 cujusmodi

2154 4489 2343 4560 sunt
2390 4490 2944 4572 Sacramenta,
2993 4490 3482 4564 rationabile
3547 4495 3697 4574 est,

2152 4606 2240 4675 ut
2294 4602 2614 4695 aliquos
2649 4604 2984 4680 effectus
3029 4607 3534 4680 universales
3572 4629 3706 4681 or-

2152 4717 2473 4793 dinaret
2504 4741 2849 4795 causare
2892 4744 3074 4797 cum
3120 4725 3416 4798 talibus
3451 4746 3704 4799 reme-

2149 4834 2328 4920 diis,
2402 4856 2563 4909 non
2640 4841 2915 4911 autem
2983 4840 3434 4928 ultimatOS,
3510 4844 3704 4936 quia

2148 4973 2309 5025 non
2371 4976 2647 5031 omnes
2699 4958 3184 5051 recipientes
3239 4962 3382 5034 illa
3441 4984 3703 5036 reme-

2148 5068 2278 5141 dia
2320 5076 2507 5145 sunt
2540 5074 2635 5146 ad
2667 5072 2822 5147 hoc
2857 5074 3145 5149 idonei.

2240 5187 2395 5260 Per
2479 5188 2630 5262 hoc
2709 5197 3052 5284 apparet
3114 5195 3210 5267 ad
3281 5201 3689 5289 quartum.
3728 5192 4028 5258 chamae*

3804 5270 3871 5304 an
3898 5255 3965 5305 uit

2150 5304 2514 5375 Concedo
2609 5304 2849 5388 enim,
2925 5310 3131 5399 quod
3205 5313 3329 5383 est
3395 5314 3692 5388 donum
3742 5317 4031 5429 {gagga

2151 5420 2566 5510 pertinens
2630 5422 2725 5494 ad
2783 5422 3083 5497 bonum
3141 5430 3688 5523 suscipientis,
3725 5442 3795 5492 D·
3834 5443 4038 5496 Bonav·

2148 5555 2310 5607 non
2344 5539 2617 5609 autem
2650 5539 3060 5613 Ecclesiae.
3113 5546 3213 5617 Et
3246 5566 3429 5618 cum
3463 5548 3687 5635 dicis,
3808 5504 3914 5556 Μ’
