4287 6313
1747 449 1947 513 ms'r.
1979 450 2065 512 V.
2100 441 2464 526 QUAESTIO
2513 451 2587 513 11.

1147 711 1543 768 SCHOLIUM.

650 904 847 971 Negat
896 901 1172 972 pretium
1221 898 1497 957 dandum
1556 914 1669 973 pro
1730 903 2125 959 sacramento

580 998 768 1055 ctiam
801 997 867 1051 in
901 1001 1181 1053 extrema
1215 996 1610 1068 necessitate3
1644 995 1813 1053 idem
1846 996 2122 1055 absolute

576 1098 663 1153 ait
714 1098 925 1152 Alens.
1004 1100 1057 1151 2.
1105 1100 1267 1170 part.
1328 1110 1387 1167 q.
1446 1097 1567 1153 187.
1620 1110 1702 1152 m.
1764 1096 1817 1151 3.
1887 1101 2004 1154 art.
2069 1098 2119 1155 1.

574 1196 641 1252 D.
672 1196 857 1252 Tuom.
892 1195 1107 1267 Μαίᾳ.
1140 1199 1196 1251 2.
1230 1203 1345 1253 art.
1379 1200 1433 1252 2.
1461 1201 1521 1253 et
1552 1197 1611 1254 d.
1640 1197 1731 1253 25.
1757 1212 1816 1269 q.
1840 1199 1895 1254 3.
1919 1204 2036 1256 art.
2063 1201 2117 1253 2.

576 1296 636 1349 et
658 1297 712 1349 2.
746 1297 799 1349 2.
833 1307 894 1365 q.
934 1295 1055 1350 10).
1088 1299 1204 1351 art.
1237 1298 1291 1349 2.
1325 1293 1402 1350 ad
1438 1296 1488 1353 1.
1520 1299 1774 1364 Araqon.
1811 1294 1922 1351 ibi.
1967 1298 2117 1353 Rich.

578 1392 631 1446 4.
664 1389 725 1448 d.
756 1392 846 1447 25.
889 1395 1006 1447 art.
1041 1391 1095 1447 3.
1125 1406 1181 1462 q.
1214 1394 1263 1448 1.
1307 1393 1509 1448 Palud.
1544 1406 1604 1462 q.
1636 1394 1691 1451 8.
1725 1392 1872 1451 licet
1910 1399 2117 1452 tamen

574 1487 818 1559 aliquid
851 1488 1001 1547 dare
1031 1503 1145 1561 pro
1174 1489 1542 1547 redimenda
1572 1491 1928 1559 vexatione,
1961 1493 2122 1550 sicut

576 1592 635 1644 et
665 1602 780 1661 pro
809 1587 1020 1645 labore
1067 1594 1127 1646 et
1178 1590 1464 1659 materia,
1515 1605 1638 1647 non
1671 1592 1878 1659 aliter,
1932 1597 1991 1649 et
2030 1594 2119 1649 sic

572 1686 1025 1756 intelligendus
1056 1692 1149 1744 est
1196 1690 1433 1746 Doctor.
1496 1689 1556 1744 Si
1608 1690 1779 1745 enim
1832 1690 2122 1746 minister

575 1789 836 1855 negaret
870 1784 1020 1841 dare
1052 1784 1548 1856 Sacramentum,
1574 1789 1696 1844 nisi
1722 1787 1888 1845 alius
1917 1790 2121 1860 pacis-

581 1885 759 1938 catur
788 1881 863 1938 de
894 1882 1160 1941 emendo
1221 1885 1539 1956 spirituali
1570 1886 1729 1955 ejuS,
1774 1885 1950 1942 nullo
1990 1899 2122 1942 mo-

578 1980 656 2037 do
684 1984 776 2039 est
806 1982 895 2038 sic
926 1981 1392 2054 accipiendum,
1427 1987 1486 2041 et
1544 1984 1742 2042 multo
1774 1986 1984 2041 minus
2031 1986 2121 2041 sic

574 2078 937 2150 petendum,
966 2081 1115 2151 quia
1147 2082 1260 2170 hoc
1291 2087 1383 2140 est
1416 2084 1757 2140 intrinsece
1791 2085 2047 2140 malum.

351 2356 407 2409 7,
662 2313 759 2402 (c)
847 2314 971 2397 Ad
1058 2316 1418 2397 tertium,
1509 2314 1685 2388 dico
1762 2315 1967 2407 quod
2051 2315 2115 2388 si

229 2422 448 2483 Argum·
485 2421 536 2470 3·
578 2429 712 2502 ille
772 2430 995 2502 nullo
1071 2432 1303 2503 modo
1377 2431 1621 2505 vellet
1672 2432 2112 2524 baptizare,

572 2547 729 2621 nisi
802 2569 950 2641 pro
1011 2553 1194 2622 actu
1247 2548 1704 2642 baptizandi
1773 2549 2116 2642 recipiat

571 2664 952 2759 pretium,
1016 2666 1255 2740 etsie
1294 2666 1400 2741 sit
1462 2667 1816 2759 perfecte
1881 2666 2117 2739 simo-

569 2783 879 2865 niacus,
965 2784 1150 2875 quia
1236 2784 1581 2857 vendens
1644 2789 2116 2857 Sacramen-

574 2905 770 2983 tum,
808 2901 1032 2974 nullo
1112 2902 1340 2974 modo
1391 2901 1891 2995 recipiendus
1994 2908 2120 2975 est

576 3018 1046 3111 Baptismus
1081 3020 1179 3091 ab
1210 3040 1346 3100 eo;
1383 3038 1639 3111 neque
1690 3040 1838 3112 pro
1899 3018 2119 3091 adul-

572 3142 681 3221 to,
710 3137 894 3230 quia
921 3140 1295 3231 peccaret
1326 3136 1816 3220 mortaliter,
1852 3138 1931 3210 et
1960 3155 2115 3208 non

576 3255 989 3348 obligatur
1054 3256 1149 3328 ad
1204 3254 1751 3348 recipiendum
1830 3258 2117 3328 Sacra-

575 3378 960 3455 mentum,
1018 3373 1329 3465 quando
1382 3393 1541 3445 non
1595 3375 1862 3466 potest
1923 3372 2118 3443 reci-

572 3508 763 3581 pere
805 3488 977 3562 sine
1049 3494 1378 3581 peccato
1451 3486 2117 3580 mortali3neque

574 3624 720 3697 pro
765 3606 1107 3698 parvulo
1153 3626 1323 3688 suo,
1379 3609 1556 3678 esto
1617 3603 1866 3677 etiam
1911 3604 2115 3695 quod

569 3722 839 3794 nullus
906 3726 1123 3795 esset
1191 3721 1324 3813 qui
1376 3722 1615 3794 vellet
1700 3720 2117 3813 baptizare

574 3836 654 3912 in
696 3838 1141 3933 provincia.

662 3962 762 4032 Et
805 3959 872 4030 si
942 3975 1269 4047 arguas,
1323 3961 1513 4030 tunc
1560 3954 1896 4047 exponit
1940 3973 2116 4046 par-

574 4076 849 4148 vulum
912 4095 1144 4147 suum
1256 4072 1615 4167 periculo
1721 4072 2116 4145 damnati-

578 4197 797 4268 onis?
877 4194 1380 4286 Respondeo,
1442 4191 1800 4284 baptizet
1836 4192 2006 4283 ipse
2049 4191 2116 4263 si

575 4311 860 4405 possit,
944 4313 1225 4402 utpote
1284 4309 1544 4381 sinon
1575 4309 1699 4380 est
1754 4327 2114 4391 mancuS,

569 4429 694 4503 vel
733 4430 1030 4509 mutus;
1067 4425 1194 4498 vel
1237 4424 1305 4497 si
1356 4443 1514 4495 non
1581 4425 1838 4517 possit
1913 4425 2120 4497 inve-

571 4549 749 4622 nire
781 4548 1132 4643 aliquem
1182 4545 1262 4618 in
1309 4541 1779 4633 baptizando
1838 4562 2119 4634 parvu-

572 4670 741 4742 lum
823 4686 1081 4748 suum,
1161 4664 1320 4738 nisi
1406 4663 1739 4735 emendo
1845 4659 2122 4752 Bapti-

574 4809 864 4870 smum,
947 4784 1173 4858 debet
1222 4782 1635 4856 dimittere
1706 4779 2120 4873 parvulum

576 4904 783 4977 mori
822 4902 992 4976 sine
1025 4900 1474 4993 Baptismo,
1514 4899 1699 4993 quia
1733 4909 1892 4969 non
1937 4899 2122 4970 sunt

578 5021 931 5094 iacienda
987 5018 1227 5100 mala,
1266 5023 1350 5093 ut
1387 5017 1560 5090 inde
1620 5015 1943 5090 veniant
1993 5014 2125 5086 bo-

576 5160 704 5225 na,
739 5142 830 5208 ad
862 5144 1045 5208 Rom.
1082 5164 1136 5208 c.
1198 5141 1261 5212 3.
1325 5141 1406 5211 et
1469 5136 1800 5230 quilibet
1863 5132 2123 5223 magis

574 5258 802 5332 debet
834 5256 1172 5348 diligere
1208 5255 1563 5347 seipsum
1597 5273 1830 5345 quam
1863 5249 2125 5344 proxi·

580 5397 824 5457 mum,
860 5379 941 5448 et
976 5374 1655 5467 per-‘consequens
1701 5372 1961 5462 magis
2046 5371 2126 5441 in

582 5490 849 5582 seipso
919 5488 1185 5563 vitare
1256 5490 1678 5579 peccatum
1749 5483 2125 5569 mortale,

3649 452 3768 514 517

2236 608 2370 682 ille
2403 629 2642 683 casus
2676 612 2765 683 de
2796 612 3122 693 difficili,
3180 613 3304 685 vel
3377 630 3786 702 nunquam

2235 728 2772 820 contingeret,
2874 729 3063 820 quin
3167 730 3338 802 sine
3446 728 3787 801 simonia

2236 845 2816 918 committenda
2857 867 2954 918 ex·
3007 851 3240 939 parte
3297 846 3781 938 baptizandi,

2233 963 2360 1034 vel
2430 962 2843 1037 offerentis
2896 964 3315 1056 parvulum
3381 962 3788 1055 baptizan-

2231 1081 2441 1163 dum,
2487 1079 2745 1172 possit
2780 1079 3247 1171 Baptismus
3319 1078 3630 1151 haberi.
3705 1076 3783 1150 Si
3860 1096 4066 1166 Anoqni

2232 1196 2446 1268 enim
2489 1196 2624 1268 ille
2687 1196 3068 1269 Sacerdos
3137 1195 3380 1269 vellet
3439 1196 3782 1266 vendere
3810 1166 4122 1289 Baffi2⁸1ssfug‚

2233 1332 2526 1403 aquam
2563 1333 2818 1393 suam,
2872 1315 2952 1386 et
2984 1312 3205 1383 nullo
3243 1311 3473 1383 modo
3544 1310 3807 1383 aliter·

2233 1428 2701 1500 concederet
2761 1447 2966 1509 eam,
3012 1430 3277 1519 potest
3345 1424 3521 1517 ipsa
3598 1425 3784 1506 emi,

2231 1555 2407 1616 esto
2440 1544 2688 1617 etiam
2723 1542 2927 1635 quod
2963 1542 3070 1617 sit
3105 1546 3611 1623 consecrata,
3657 1541 3787 1613 sed

2233 1663 2455 1735 nullo
2532 1665 2761 1736 modo
2832 1661 3188 1735 habendo
3278 1661 3605 1733 oculum
3693 1660 3785 1732 ad

2233 1779 2998 1872 consecrationeinsj
3031 1777 3218 1870 quia
3278 1780 3600 1850 tantum
3654 1796 3784 1848 va-

2234 1896 2460 1977 leret,
2555 1898 2941 1986 quantum
3015 1914 3175 1966 non
3257 1894 3778 1971 consecrata;

2234 2016 2347 2087 sic
2397 2013 2613 2086 enim
2694 2012 2889 2086 licet
3001 2013 3342 2085 vendere
3448 2010 3782 2082 calicem

2234 2134 2838 2214 consecratum,
2894 2129 3117 2200 nullo
3162 2128 3393 2200 modo
3460 2126 3781 2199 oculum

2235 2246 2591 2319 habendo
2645 2245 2739 2316 ad
2780 2242 3225 2324 emendum,
3273 2241 3398 2313 vel
3452 2240 3784 2313 venden-

2231 2365 2416 2436 dum
2473 2360 3198 2435 consecrationem.

2313 2479 2407 2560 ,Si
2457 2482 2728 2551 autem
2790 2478 3181 2551 Sacerdos
3225 2474 3533 2548 nitatur
3598 2494 3782 2545 ven·
3837 2496 4097 2558 Quomodo

2231 2597 2418 2669 dere
2487 2599 2746 2669 actum
2825 2593 3426 2687 baptizationiS,
3510 2560 4124 2687 potestpoo‘ss‘i‘fforo

2232 2712 2370 2785 ille
2431 2714 2565 2804 qui
2650 2710 2889 2785 offert
2967 2709 3399 2804 parvulum
3478 2728 3773 2790 emere,
3820 2688 4121 2801 sacfissff‘en‘

2231 2848 2393 2899 non
2451 2826 2866 2900 intendens
2909 2831 3182 2899 actum
3242 2825 3469 2897 illum
3512 2842 3784 2895 emere

2235 2946 2714 3037 inquantum
2783 2949 2908 3017 est
2961 2941 3576 3022 sacramentale,
3652 2941 3784 3012 sed

2232 3063 2597 3137 laborem
2657 3061 3121 3136 Sacerdotis
3182 3060 3262 3132 in
3338 3060 3479 3132 illo
3567 3064 3781 3141 actu,

2233 3184 2447 3256 sicut
2509 3182 3073 3254 conducuntur
3123 3177 3354 3251 hodie
3397 3177 3785 3251 Sacerdo-

2234 3302 2353 3372 tes
2425 3299 2518 3370 ad
2581 3299 3140 3373 celebrandum
3224 3295 3545 3377 Missas,
3623 3315 3783 3366 non

2234 3421 2321 3490 ut
2367 3417 2520 3509 ipsi
2562 3417 2933 3498 vendant,
2997 3418 3074 3487 et
3128 3413 3268 3487 alii
3329 3417 3602 3487 emant
3653 3431 3781 3484 ac-

2232 3538 2402 3607 tum
2459 3531 3060 3615 celebrationis,
3117 3532 3594 3624 inquantum
3656 3532 3781 3602 est

2230 3651 2853 3732 sacramentale,
2919 3649 3124 3742 quod
3166 3646 3420 3727 absit;
3460 3646 3594 3718 sed
3629 3644 3783 3737 ipsi

2227 3770 2576 3842 vendunt
2650 3767 3038 3848 laborem,
3125 3770 3205 3839 et
3275 3764 3417 3837 alii
3504 3767 3784 3836 emunt

2228 3906 2439 3969 eum,
2487 3884 2672 3978 quia
2731 3885 3055 3977 oportet
3133 3899 3782 3972 unumquemque

2229 4004 2320 4075 de
2361 4023 2507 4074 suo
2556 4001 2835 4073 labore
2881 3999 3161 4073 taliter
3241 3997 3594 4090 qualiter
3671 3996 3786 4066 vi-

2229 4120 2522 4193 ctitare
2554 4123 2634 4192 et
2676 4117 2928 4191 vitam.
2964 4115 3415 4208 acquirere.

2677 4459 3339 4525 COMMENTARIUS.

2323 4792 2410 4879 (c)
2499 4791 2604 4857 Ad
2665 4792 2928 4857 tercium
2992 4790 3163 4868 dice,
3228 4800 3351 4855 etc.
3428 4788 3542 4854 nic
3594 4809 3784 4856 casus

2234 4919 2547 4974 tractatur
2617 4906 2698 4973 ab
2764 4905 3137 4972 auctoribus
3215 4904 3428 4971 citatis
3493 4926 3529 4970 a
3581 4905 3779 4970 Scho-

2235 5026 2454 5106 liaste;
2492 5023 2803 5091 resolutio
2837 5022 3214 5109 principalis
3245 5035 3343 5089 est
3372 5023 3773 5090 communis:

2239 5143 2419 5214 nullo
2489 5141 2678 5208 modo
2767 5161 2955 5227 posse
3014 5140 3142 5226 peti
3185 5143 3673 5207 Sacramentum
3706 5141 3786 5206 al)

2240 5281 2341 5340 ρο,
2394 5259 2504 5347 qui
2551 5278 2680 5323 non
2740 5256 2883 5323 vult
2930 5256 3246 5337 conferre,
3311 5256 3434 5323 nisi
3470 5258 3632 5323 alter
3679 5278 3785 5343 pa-

2241 5377 2526 5443 ciscatur
2600 5395 2748 5441 cum
2818 5372 2960 5459 ipso
3028 5371 3447 5459 simoniace,‡j
3513 5372 3787 5438 emendo

2246 5499 2735 5564 Sacramentum
2796 5515 2923 5580 qua
2991 5492 3139 5573 tale,
3176 5504 3239 5558 et
3289 5513 3417 5581 qua
3449 5492 3790 5577 spirituale

3934 4845 4009 4900 14.

584 5625 825 5699 quam
862 5606 942 5677 in
976 5605 1137 5677 alio
1171 5603 1812 5683 damnationem3
1864 5608 2131 5677 tamen
2248 5625 2370 5691 est,
2429 5610 2580 5710 quia
2639 5631 2773 5676 non
2855 5619 3009 5675 sunt
3046 5608 3369 5691 facienda
3408 5608 3609 5687 mala,
3656 5619 3777 5673 etc.
