4287 6313
507 416 586 482 38
1677 420 1823 489 LIB.
1849 419 1946 479 lv.
1985 415 2579 480 SENTEN'I'IARUM

526 581 794 654 ctoria
851 586 976 657 est
1025 582 1413 655 distantia
1487 580 1800 654 infinita
1852 583 1886 648 ¹?
1922 579 2074 649 Re-

527 698 903 791 spondeo,
973 699 1462 792 simpliciter
1538 695 1838 770 falsum
1920 698 2068 774 est.

526 814 993 906 accipiendo
1029 815 1437 889 infinitum
1479 835 1627 907 pro
1697 811 2074 885 exceden-

526 933 606 1003 te
667 932 1153 1026 simpliciter
1205 934 1929 1026 quantumcumque
1986 930 2076 1000 fi-

203 1057 471 1128 COntredi·
526 1049 787 1123 nitum
841 1052 919 1123 in
962 1051 1407 1124 infinitum.-
1458 1052 1602 1124 Sed
1636 1050 1797 1122 alio
1844 1051 2075 1122 modo

179 1126 498 1233 disffissmin
531 1167 933 1242 infinitum
977 1172 1246 1261 potest
1316 1169 1576 1261 accipi
1655 1188 1803 1261 pro
1871 1166 2077 1239 inde-

205 1244 462 1295 infinitum
752 1286 765 1298 .
1228 1286 1240 1299 .

180 1308 485 1374 explicatur.
524 1289 998 1368 termmato,
1055 1290 1135 1360 et
1178 1309 1294 1359 sic
1349 1305 1634 1359 verum
1667 1290 1816 1368 est,
1853 1284 2077 1357 nulla

526 1403 740 1474 enim
789 1402 1177 1478 distantia
1236 1405 1357 1476 est
1402 1403 1517 1477 ita
1560 1420 1838 1495 parva,
1889 1400 2077 1495 quin

527 1518 880 1593 sufficiat
914 1521 1008 1592 ad
1034 1519 1798 1600 contradictionem;
1830 1538 2077 1611 quan-

526 1640 1050 1728 tumcumque
1081 1636 1295 1709 enim
1341 1636 1744 1709 modicum
1778 1634 2078 1727 aliquid

526 1752 844 1825 recedat
879 1753 975 1825 ab
1008 1774 1165 1827 uno
1209 1753 2071 1835 contradictoriorum,

525 1869 810 1943 statim
857 1873 982 1943 est
1024 1870 1169 1942 sub
1209 1870 1500 1952 altero,
1573 1891 1717 1943 nec
1776 1874 1901 1944 est
1964 1870 2078 1942 di-

524 1986 832 2059 stantia
865 1986 1140 2078 aliqua
1181 1992 1348 2061 tam
1396 2005 1716 2078 magna,
1750 1987 2076 2060 etiarnsi

529 2108 802 2196 posset
900 2124 1079 2175 esse
1155 2102 1237 2174 in
1324 2104 1728 2175 infinitum
1811 2103 2078 2197 maj0r

529 2221 914 2303 maxima,
970 2220 1160 2311 quin
1195 2220 1288 2290 ad
1325 2219 1549 2291 illam
1599 2224 1678 2293 et
1738 2220 1912 2312 ejus
1953 2241 2078 2292 ex-

529 2341 796 2410 trema
876 2358 960 2407 se
1018 2337 1398 2409 extendat
1495 2337 2073 2424 contradicti03

528 2455 610 2526 et
661 2451 820 2524 isto
877 2450 1107 2522 modo
1142 2451 1606 2543 accipiendo
1677 2451 2079 2526 infinitum

529 2568 612 2640 in
646 2567 967 2660 majori,
1017 2569 1284 2639 minor
1314 2573 1438 2642 θεῖ
1487 2568 1720 2640 falsa.

494 2751 497 2754 Α
616 2684 729 2757 Ad
774 2685 1293 2778 probationes
1325 2704 1524 2776 ergo
1572 2685 1939 2759 minoris.
1969 2687 2080 2759 Ad

528 2800 906 2894 primam,
978 2821 1160 2874 cum
1238 2801 1540 2874 dicitur
1637 2804 1842 2895 quod
1920 2824 2081 2876 non

526 2916 929 3007 contingit
990 2917 1454 3008 intelligere
1526 2919 1921 3006 majorem
1975 2920 2081 2991 is-

527 3034 637 3113 ta,
683 3031 858 3104 dico
894 3036 1098 3124 quod
1158 3032 1456 3105 salsum
1528 3041 1651 3109 θεῖ
1706 3035 2076 3128 positive,

527 3171 814 3223 verum
848 3155 973 3225 θεῖ
1021 3155 1293 3224 autem
1342 3152 1847 3244 permissive.
1912 3154 2082 3227 Hoc

530 3272 655 3340 θεῖ
686 3267 930 3348 dictu,
972 3269 1173 3361 quod
1219 3269 1490 3360 aliqua
1521 3270 1910 3344 distantia
1952 3292 2081 3364 po-

534 3379 654 3453 nit
754 3379 1150 3473 majorem
1220 3382 1754 3456 remotionem
1842 3406 2081 3476 quam

536 3497 720 3577 ista,
761 3502 1028 3570 etuna
1088 3499 1626 3572 contradictio
1699 3522 1935 3593 quam
2006 3523 2084 3574 a-

535 3613 670 3695 lia;
711 3615 841 3686 sed
868 3613 1025 3686 ista
1060 3614 1465 3706 permittit
1497 3637 2084 3711 quamcumque

538 3730 1007 3813 maximam,
1091 3732 1278 3823 quia
1347 3733 1426 3804 in
1487 3734 1846 3807 maxima
1924 3737 2082 3808 sal-

532 3847 802 3917 vatur.
876 3847 1381 3938 Exemplum,
1436 3849 1616 3940 plus
1705 3851 2083 3943 perfecti-

537 3961 714 4034 onis
752 3963 975 4054 ponit
1045 3964 1321 4036 asinus
1385 3965 1785 4040 intensive
1841 3989 2081 4061 quam

535 4078 865 4162 animab
894 4084 1165 4152 tamen
1198 4082 1502 4155 animal
1541 4084 1719 4176 plus
1748 4085 2085 4178 permit-

538 4194 665 4277 tit,
714 4195 883 4269 sive
963 4197 1268 4269 salvari
1328 4203 1598 4291 potest
1660 4201 1740 4273 in
1808 4202 2081 4295 aliquo

537 4311 1037 4406 perfectiori,
1087 4333 1329 4404 quam
1381 4314 1489 4389 sit
1536 4316 1839 4400 asinus,
1896 4319 2084 4411 quia

540 4428 622 4502 in
677 4426 1024 4510 homine,
1077 4433 1158 4502 et
1209 4430 1416 4521 quod
1459 4429 1573 4504 sic
1633 4438 1757 4507 est
1830 4436 2085 4510 maxi-

543 4565 787 4626 mum,
827 4543 1138 4617 scilicet
1202 4547 1704 4638 permissive,
1750 4570 1911 4623 non
1960 4557 2085 4625 est

542 4662 1008 4736 formaliter
1035 4664 1508 4736 maximum.

307 4810 384 4862 13,
632 4780 743 4851 Ad
768 4780 1014 4851 aliam
1045 4779 1607 4873 probationem
1632 4783 1722 4855 de
1768 4783 2084 4875 quibus·

544 4916 887 4988 cumque
928 4896 1620 4980 contradictoriis,
1656 4898 1830 4971 dico
1878 4902 2084 4992 quod

542 5012 735 5086 licet
831 5034 1354 5106 quaecumque
1443 5015 2087 5089 contradictoria

545 5131 708 5205 sint
732 5152 955 5223 aeque
989 5130 1687 5226 incompossibilia
1731 5132 1946 5207 inter
1970 5153 2078 5214 se,

542 5269 696 5321 non
787 5251 1062 5321 tamen
1128 5268 1354 5340 aeque
1412 5249 1840 5331 distantia;
1902 5252 2081 5343 plus

542 5364 755 5437 enim
788 5364 1037 5438 distat
1068 5366 1302 5437 Deus·
1328 5385 1374 5436 a
1406 5385 1566 5438 non
1594 5368 1788 5451 Dec,
1844 5387 2081 5459 quam

541 5481 812 5551 album
845 5500 891 5552 a
950 5501 1111 5552 non
1161 5481 1368 5566 albo,
1430 5480 1639 5555 sicut
1682 5483 2081 5575 processit

541 5598 810 5692 prima
863 5598 1103 5685 rati0,
1143 5598 1328 5692 quia
1367 5602 1824 5674 extremum
1869 5601 2083 5693 posi-

2188 577 2446 651 tivum
2477 578 2601 647 est
2651 574 2915 667 majus
2959 574 3037 646 in
3116 570 3730 665 comparatione

2187 694 2284 766 ad
2334 692 2878 784 negationem.
2927 693 3082 763 Per
3117 690 3322 763 idem
3384 693 3605 784 patet
3639 689 3734 761 ad

2187 809 2434 881 aliam
2535 808 3121 901 probationem,
3189 810 3391 901 quod
3464 810 3733 880 totum

2192 945 2332 997 ens
2412 928 2779 997 creatum
2839 924 3018 1017 plus
3103 924 3413 997 excedit
3502 923 3731 1005 nihil,

2191 1061 2432 1134 quam
2477 1041 2748 1113 anima
2797 1041 3107 1114 excedit
3156 1061 3320 1113 non
3351 1042 3734 1124 animam;

2191 1160 2400 1234 sicut
2461 1152 2727 1234 totum
2770 1180 2909 1231 ens
2953 1159 3303 1232 creabile
3339 1159 3421 1231 in
3492 1182 3575 1233 se
3614 1163 3737 1234 est

2191 1277 2633 1370 perfectius
2735 1297 2974 1369 quam
3060 1276 3374 1358 anima;
3462 1280 3738 1350 tamen

2190 1414 2415 1487 aeque
2458 1393 3144 1487 incompossibilis
3175 1398 3299 1469 est
3341 1414 3501 1466 non
3566 1396 3738 1468 ani-

2193 1531 2324 1583 ma
2365 1531 2546 1583 cum
2608 1510 2906 1594 anima,
2979 1511 3187 1585 sicut
3262 1510 3466 1584 nihil
3551 1532 3736 1584 cum

2189 1633 2367 1701 toto
2411 1632 2620 1711 ente,
2659 1628 2791 1700 sed
2836 1626 2988 1700 hoc
3023 1648 3187 1700 non
3229 1628 3508 1721 arguit
3550 1649 3731 1724 pro·

2196 1745 2580 1838 positum.

2278 1864 2395 1935 Ad
2455 1862 2860 1935 rationem
2926 1862 3166 1954 Juxta
3207 1863 3358 1937 hoc
3402 1863 3733 1947 factam,

2189 1978 2280 2051 de
2315 1976 2972 2070 improportione
3004 1978 3305 2051 nullius
3351 1980 3735 2072 potentiae

2192 2094 2286 2166 ad
2328 2094 2575 2166 aliam
2619 2095 3096 2185 potentiam,
3142 2097 3490 2169 concedo
3534 2098 3740 2189 quod

2189 2210 2578 2286 distantia
2606 2210 2908 2284 nullius
2943 2215 3325 2306 potentiae
3352 2214 3446 2286 ad
3469 2220 3740 2288 actum

2191 2348 2350 2398 non
2401 2327 2640 2403 habet
2703 2330 3320 2422 proportionem
3387 2332 3740 2425 aliquam

2194 2443 2287 2515 ad
2329 2445 2580 2527 illam,
2619 2468 2792 2539 quae
2824 2451 2946 2521 est
2973 2450 3321 2543 alicujus
3355 2451 3740 2543 potentiae

2193 2560 2289 2632 ad
2321 2566 2618 2646 actum,
2657 2566 2789 2638 sed
2821 2565 2971 2640 hoc
3011 2572 3160 2648 est,
3200 2569 3386 2660 quia
3429 2588 3586 2640 una
3618 2571 3740 2642 est

2193 2673 2584 2750 distantia
2656 2678 3010 2771 positiva
3070 2680 3287 2754 inter
3370 2684 3743 2754 extrema

2196 2793 2552 2884 positiva
2671 2795 3030 2870 existens
3060 2833 3088 2879 ,·
3197 2798 3360 2871 alia
3467 2803 3738 2872 autem

2192 2928 2353 2980 non
2429 2915 2552 2983 est
2633 2912 3010 3003 positiva,
3113 2913 3300 3006 quia
3377 2915 3553 3006 ejus
3624 2916 3732 2987 al-

2193 3028 2464 3096 terum
2523 3031 2984 3100 extremum
3079 3034 3204 3103 est
3280 3029 3536 3112 nihil;
3604 3051 3742 3123 po-

2197 3141 2419 3215 sitivi
2496 3148 2769 3217 autem
2865 3146 2958 3218 ad
3055 3167 3215 3219 non
3302 3147 3740 3240 positivum

2194 3257 2417 3329 nulla
2448 3264 2573 3332 est
2608 3260 3063 3352 proportio,
3103 3262 3313 3337 sicut
3356 3285 3499 3336 nec
3531 3267 3740 3338 entis

2195 3372 2291 3444 ad
2321 3378 2521 3445 nihil.
2561 3376 2708 3448 Sed
2745 3397 2844 3448 ex
2889 3377 3048 3450 ista
3089 3378 3741 3472 improportione
3767 3385 4066 3502 Ροδῑῑῑωῑξ.

2194 3510 2353 3561 non
2388 3491 2781 3583 sequitur,
2819 3497 3023 3584 quod
3067 3495 3333 3569 virtus
3386 3519 3560 3590 quae
3604 3519 3740 3591 po-
3768 3465 4091 3598 ¹m2231913r¹s

2197 3609 2354 3679 test
2425 3629 2670 3700 super
2729 3609 2999 3693 istam,
3056 3613 3161 3684 sit
3211 3575 4092 3708 impr-oporti-{Z‘iufflfegss

2197 3724 2540 3796 onabilis
2584 3726 2899 3809 virtuti,
2953 3749 3128 3820 quae
3179 3733 3449 3823 potest
3498 3754 3743 3826 super
3801 3703 4056 3816 infflsste

2198 3841 2447 3923 illam,
2549 3845 2736 3935 quia
2837 3845 3275 3936 positivum
3367 3868 3526 3921 non
3616 3855 3738 3924 est
3792 3827 4063 3956 ζῖοξέξξῖῗ

2196 3957 3014 4052 improportionabile
3063 3963 3305 4037 alteri
3357 3966 3737 4058 positivo,

2195 4075 2353 4148 nisi
2394 4081 2731 4168 propter
2779 4077 3263 4152 infinitatem
3306 4080 3383 4153 in
3428 4083 3739 4168 altero;

2197 4192 2280 4265 in
2347 4193 2532 4266 aliis
2592 4198 2866 4267 autem
2918 4195 3329 4271 distantiis
3390 4200 3545 4275 fuit
3595 4202 3744 4275 im-

2201 4312 2657 4405 proportio‚
2716 4332 2875 4384 non
2931 4312 3117 4404 quia
3176 4302 3425 4392 fuerit
3495 4319 3750 4393 infini-

2199 4433 2325 4504 tas
2396 4429 2474 4501 in
2528 4429 2818 4511 altero,
2866 4432 2999 4503 sed
3039 4431 3227 4524 quia
3279 4433 3543 4506 altera
3591 4456 3753 4508 non

2198 4543 2481 4618 habuit
2552 4545 2910 4638 aliquam
2992 4549 3562 4639 quantitatem,
3638 4573 3759 4625 se-

2199 4662 2540 4735 cundum
2634 4681 2873 4754 quam
2962 4664 3227 4756 potuit
3345 4670 3757 4760 proporti-

2203 4778 2462 4851 onari.
2529 4777 3011 4870 Exemplum
3071 4779 3338 4874 hujus,
3407 4790 3753 4876 punctus

2195 4897 2322 4968 est
2401 4894 3163 4987 improportionalis
3225 4898 3482 4981 lineae,
3567 4902 3751 4994 quia

2192 5032 2355 5084 non
2434 5017 2829 5105 quantus;
2912 5034 3112 5106 ergo
3177 5017 3470 5103 virtus,
3574 5043 3747 5114 quae

2197 5133 2466 5221 potest
2527 5150 2771 5222 super
2844 5129 3018 5214 hoc,
3083 5139 3208 5208 est
3286 5135 3745 5230 impropor-

2197 5245 2512 5319 tionata
2566 5245 2885 5331 virtuti,
2952 5269 3125 5340 quae
3176 5254 3443 5343 potest
3496 5275 3743 5349 super

2197 5362 2426 5435 illud:
2462 5381 2623 5434 non
2666 5363 3060 5455 sequitur,
3103 5385 3289 5438 nam
3341 5369 3609 5443 virtus
3660 5375 3738 5445 et

2192 5479 2459 5554 virtus
2492 5483 2704 5554 natae
2751 5485 2935 5554 sunt
2987 5480 3283 5557 habere
3337 5489 3737 5577 quantita-

2197 5602 2360 5673 tem
2419 5597 2781 5682 virtutiS,
2861 5601 2938 5672 et
3019 5619 3164 5693 per
3237 5622 3736 5698 consequeus
