4287 6313
1545 430 1744 494 msr.
1794 422 1836 492 l.
1888 431 2251 507 QUAESTIO
2298 424 2374 496 V.

172 590 387 667 Recipiunt
442 594 598 677 lem,
676 594 844 663 hanc
883 594 1240 662 efficaciam
1287 594 1529 661 habent
1574 595 1991 661 Sacramenta

159 663 414 787 ἰπῖᾗῗὲεῗεηιῖ]
446 732 561 799 per
600 711 865 779 modum
897 709 1341 788 instrumenti,
1390 721 1458 776 ut
1490 692 1834 776 elevantur
1875 729 1990 796 per

448 827 1107 894 communicationem
1180 826 1445 893 virtutis
1487 826 1830 912 impressae
1929 834 1993 889 et

450 956 732 1031 receptae
807 943 873 1009 in
919 943 1082 1031 ipsis
1139 941 1599 1022 SacramentiS,
1652 961 1800 1029 quae
1858 959 1990 1006 non

447 1069 549 1124 est
616 1079 1030 1145 permanens,
1093 1058 1208 1127 sed
1270 1058 1628 1127 transiens,

261 1196 299 1242 3.
535 1178 712 1243 Hanc
755 1176 1112 1242 defendunt
1152 1196 1379 1242 omnes
1429 1175 1690 1262 antiqui
1731 1173 1993 1240 Thorni-

173 1257 409 1383 ssssffiffif
445 1303 588 1369 stae,
619 1312 828 1379 usque
856 1291 935 1356 ad
969 1293 1372 1380 Cajetanum,
1410 1290 1776 1358 Paludanus
1809 1291 1884 1355 in
1923 1293 1988 1355 4.

174 1381 414 1431 mutiens.
444 1407 515 1472 d.
572 1411 631 1474 1.
661 1428 726 1494 q.
766 1413 827 1474 1.
862 1405 1215 1494 Capreolus
1245 1430 1307 1494 q.
1337 1407 1399 1476 1.
1432 1418 1570 1473 arc.
1628 1410 1688 1473 1.
1723 1404 1992 1470 conclu-

441 1524 628 1589 sione
690 1527 757 1589 3.
822 1521 1260 1589 Ferrariensis
1318 1527 1385 1591 4.
1445 1531 1678 1588 contra
1744 1530 1988 1606 yentes,

442 1664 590 1729 cap.
635 1645 744 1708 57.
789 1641 1097 1707 Eamdem
1142 1639 1533 1706 sententiam
1578 1637 1853 1725 primam
1899 1634 1997 1701 in·

208 1763 374 1814 Mensis-
439 1754 706 1823 venisse
776 1764 1070 1821 nostrum
1131 1751 1570 1820 Alexandrum
1627 1750 1849 1817 Alens.
1924 1752 1993 1815 3.

436 1883 620 1960 part.
673 1894 737 1959 q.
790 1877 854 1938 5.
912 1893 998 1937 m.
1036 1875 1101 1937 3.
1162 1879 1293 1937 art.
1341 1874 1405 1938 ὃ.
1450 1880 1512 1934 et
1551 1891 1613 1955 q.
1679 1870 1744 1934 8.
1781 1890 1867 1934 m.
1929 1869 1996 1936 8.

442 2000 579 2055 art.
621 1992 680 2054 1.
706 1998 889 2074 putat
920 1988 1074 2053 Soto
1104 1985 1430 2065 citanduS,
1459 1984 1574 2052 sed
1609 1984 1801 2070 male,
1834 1985 1988 2073 quia

441 2104 771 2191 praedicto
808 2116 944 2173 arc.
998 2107 1061 2168 5.
1119 2101 1309 2168 docet
1366 2105 1780 2168 Sacramenta
1833 2122 1993 2169 cau-

447 2239 596 2285 sare
635 2218 939 2305 gratiam,
986 2237 1112 2283 non
1148 2217 1361 2283 solum
1402 2215 1836 2303 disponendo,
1874 2216 1989 2282 sed

448 2332 820 2401 efficiendo.

189 2471 396 2520 secundus
538 2448 871 2517 Secundus
916 2448 1147 2515 modus
1187 2446 1577 2514 defendendi
1627 2446 1798 2514 hanc
1848 2467 1997 2513 sen-

223 2534 363 2659 1:233?
447 2566 715 2631 tentiam
746 2578 847 2632 est
892 2564 1026 2632 Soti
1059 2570 1122 2631 4.
1159 2564 1226 2632 d.
1271 2570 1329 2631 1.
1367 2587 1435 2652 q.
1491 2569 1556 2631 3.
1596 2576 1728 2633 art.
1772 2569 1836 2631 1.
1884 2562 1994 2652 qui

173 2654 422 2772 offla-ur.
453 2695 524 2748 ut
550 2680 1055 2768 comprehendat
1085 2681 1214 2748 duo
1244 2692 1559 2761 extrema,
1589 2702 1823 2768 nempe
1843 2701 1998 2767 gra-

449 2796 605 2863 tiam
656 2817 783 2863 non
823 2796 1011 2862 educi
1062 2797 1140 2862 de
1207 2795 1498 2883 potentia
1536 2796 1836 2883 subjecti,
1884 2794 1997 2862 sed

447 2912 677 2989 creari,
712 2923 777 2978 et
806 2914 1222 2978 Sacramenta
1252 2912 1492 2978 habere
1525 2924 1822 2998 respectu
1854 2912 1997 3000 ejus

200 3048 383 3099 cauma
449 3028 892 3095 causalitatem
944 3028 1308 3115 physicam,
1365 3027 1523 3094 dicit
1579 3031 1998 3095 Sacramenta

189 3119 389 3240 ξὲᾞη
449 3164 718 3212 causare
754 3143 1055 3232 gratiam,
1095 3143 1246 3234 quia
1276 3156 1547 3212 causant
1574 3155 1834 3233 gratum
1853 3167 2001 3213 esse

190 3240 385 3350 ἵξζῗξξξ
445 3261 828 3348 attingendo
866 3282 998 3327 non
1038 3262 1244 3349 ipsam
1295 3261 1596 3341 sormam,
1633 3262 1746 3328 sed
1807 3263 1998 3329 unio-

199 3363 364 3423 fflstae·
445 3397 594 3444 nem
628 3378 771 3465 ejus
807 3376 888 3444 ad
928 3378 1320 3465 subJectum,
1365 3376 1533 3443 sicut
1567 3379 1762 3445 homo
1792 3399 1994 3466 gene-

441 3514 598 3560 rans
647 3493 848 3560 alium
902 3493 1260 3574 hominem,
1318 3515 1447 3560 non
1506 3494 1804 3582 producit
1852 3495 1995 3561 ani-

441 3625 620 3676 mam
662 3608 1070 3690 rationalem,
1128 3631 1277 3697 quae
1333 3622 1613 3689 creatur,
1680 3609 1795 3676 sed
1853 3609 1997 3694 ejus

442 3725 757 3792 unionem
787 3725 865 3792 ad
907 3723 1303 3816 subjectum,
1353 3746 1428 3792 ac
1458 3724 1730 3813 proinde
1761 3725 1998 3793 dicitur

435 3861 764 3927 generare
811 3840 1168 3908 hominem.
1224 3845 1409 3908 Hunc
1458 3842 1719 3908 modum
1773 3854 1997 3909 censet

435 3957 849 4043 probabilem
912 3957 1222 4024 Ledesma
1273 3959 1347 4025 in
1400 3963 1462 4024 1.
1511 3981 1580 4045 p.
1637 3962 1700 4025 4.
1761 3969 1990 4045 quoesc.

434 4071 499 4134 3.
544 4080 689 4134 art.
735 4070 798 4138 1.

242 4223 282 4272 4.
519 4200 792 4268 Tertius
834 4201 1066 4268 modus
1105 4214 1204 4269 est
1243 4204 1530 4291 Cajetani
1572 4208 1639 4271 3.
1671 4226 1741 4291 p.
1778 4227 1840 4292 q.
1877 4207 1986 4274 62.

190 4284 358 4400 m
431 4327 568 4385 arc.
627 4323 689 4382 ¹.
725 4329 788 4383 et
826 4321 890 4384 4.
929 4317 1037 4384 ubi
1078 4317 1267 4386 docet
1304 4318 1538 4407 attingi
1578 4320 1786 4407 ipsam
1821 4321 1992 4386 enti-

358 4449 372 4463 ’
434 4442 644 4498 tatem
673 4432 933 4519 gratiae,
990 4453 1105 4518 per
1163 4443 1602 4514 Sacramenta,
1682 4446 1992 4522 tanquam

430 4546 881 4614 instrumenta
943 4548 1215 4636 physica
1272 4550 1606 4630 causandi,
1690 4571 1819 4617 non
1879 4573 1994 4638 per

425 4663 730 4754 aliquam
796 4660 1257 4753 dipositionem
1351 4669 1693 4756 praeviam,
1783 4689 1994 4757 neque

427 4802 545 4868 per
590 4781 915 4847 virtutem
949 4796 1276 4870 receptam
1328 4783 1393 4849 in
1452 4784 1637 4870 ipsis,
1701 4806 1850 4872 quae
1908 4786 1994 4852 sit

425 4897 840 4985 principium
873 4898 1145 4965 actionis
1186 4920 1576 4986 permanens
1622 4914 1733 4968 aut
1818 4913 1992 4968 tran-

425 5015 640 5095 siens„
715 5014 830 5081 sed
892 5036 1008 5101 per
1061 5026 1306 5082 motum
1369 5027 1699 5103 receptum
1762 5037 1799 5083 a
1843 5040 1994 5086 cau-

424 5152 498 5198 sa
541 5129 928 5218 principali,
965 5152 1085 5218 per
1124 5153 1317 5220 quem
1382 5132 1748 5213 eleventur3
1817 5135 1993 5201 hunc

424 5260 693 5313 motum
749 5249 813 5313 3.
875 5267 944 5332 p.
1008 5267 1071 5332 q.
1125 5246 1234 5314 18.
1288 5258 1419 5313 art.
1482 5250 1542 5312 ⁶2.
1599 5247 1687 5314 ita
1725 5247 1989 5315 demum

422 5375 654 5429 autem
703 5360 1010 5447 explicat,
1056 5372 1126 5426 ut
1153 5361 1239 5428 sit
1284 5362 1731 5430 intentionalis
1772 5377 1838 5431 et
1858 5365 1991 5452 spi-

421 5479 726 5558 rituali8‚
806 5498 937 5543 non
979 5498 1095 5565 per
1172 5478 1437 5546 modum
1504 5502 1663 5547 usus
1747 5481 1991 5548 instru-

421 5594 665 5676 menti,
714 5613 847 5681 qua
875 5614 994 5681 per
1032 5593 1352 5661 actionem
1402 5596 1763 5664 naturalem
1784 5596 1992 5664 desert

3530 435 3639 497 143

2105 592 2454 680 imperium
2519 593 2988 684 praeceptivum
3074 597 3331 685 agentis
3406 597 3645 686 princi·

2104 709 2293 795 paliS,
2345 723 2409 777 et
2458 711 2718 779 intimat
2762 713 2831 780 in
2879 714 3111 782 ordine
3186 715 3261 782 ad
3306 715 3637 784 effectum.

2104 824 2290 891 Unde
2318 839 2535 893 autem
2571 827 2824 896 dicatur
2863 830 3313 899 intentionalis
3344 848 3409 899 et
3442 833 3646 920 spiri-

2106 940 2323 1019 tualiS,
2370 962 2497 1009 non
2520 946 2830 1031 suppetit,
2869 947 2994 1014 nisi
3033 969 3147 1035 per
3208 948 3511 1015 ordinem¹
3561 949 3637 1016 ad

2105 1058 2533 1126 intentionem
2623 1062 3000 1151 principalis
3069 1065 3348 1153 agentis,
3430 1078 3493 1133 et
3562 1065 3640 1133 ad

2102 1173 2407 1273 effectum
2459 1176 2567 1263 qui
2620 1176 2978 1264 spiritualis
3024 1191 3146 1247 est.

2192 1290 2471 1365 Quartus
2514 1291 2745 1360 modus
2810 1294 3200 1364 defendendi
3258 1311 3359 1366 est
3408 1303 3644 1368 Suarez
3728 1316 3954 1377 Quartus

2103 1408 2168 1471 3.
2216 1426 2283 1490 p.
2332 1417 2379 1474 t.
2414 1411 2474 1478 3.
2516 1408 2692 1495 disp.
2739 1415 2802 1478 9.
2846 1424 3000 1479 sect.
3038 1416 3100 1478 2.
3144 1414 3330 1482 docet
3362 1418 3640 1504 gratiam
3734 1380 3938 1495 {3¹ss⁶ssss

2108 1541 2236 1587 non
2267 1524 2495 1604 creari,
2543 1537 2696 1593 sect.
2746 1531 2806 1593 1.
2851 1539 2916 1594 et
2955 1529 3262 1618 deinceps
3305 1532 3639 1620 improbat

2108 1636 2371 1703 modum
2422 1638 2681 1706 dicendi
2719 1642 3031 1722 aliorum;
3070 1643 3227 1710 dicit
3256 1647 3448 1713 etiam
3494 1669 3645 1733 pro-

2104 1751 2251 1818 duci
2288 1756 2558 1840 physice
2610 1756 3199 1826 instrumentaliter
3247 1782 3360 1845 per
3419 1774 3641 1848 poten·
3729 1774 3949 1826 Causam

2107 1869 2262 1936 tiam
2305 1872 2826 1957 obedientialem‚
2880 1897 3028 1963 quae
3067 1890 3161 1945 est
3203 1878 3413 1946 virtus
3472 1901 3648 1967 quae-
3735 1853 3979 1972 otgffi'iqm

2107 1986 2254 2053 dam
2289 1988 2590 2057 inchoata
2621 1993 2859 2080 agendi
2894 1993 2959 2060 in
2994 1996 3282 2083 qualibet
3321 2009 3645 2077 creatura,
3677 1978 3706 2012 ⁰
3767 1969 3996 2079 leffm‘

2108 2122 2237 2188 qua
2301 2104 2649 2193 subjicitur
2718 2109 2928 2195 primo
2994 2111 3239 2198 agenti,
3312 2125 3382 2179 ut
3447 2114 3653 2200 possit

2107 2221 2351 2287 assumi
2417 2223 2496 2290 ad
2576 2246 3057 2316 quemcumque
3115 2229 3443 2308 effectum,
3527 2233 3650 2320 qui

2107 2334 2268 2402 alias
2317 2356 2443 2403 non
2487 2352 2853 2426 repugnat;
2904 2354 2968 2408 et
3022 2343 3191 2410 hanc
3253 2344 3440 2412 docet
3506 2367 3653 2414 esse

2112 2450 2505 2537 principium
2579 2455 2816 2541 agendi
2897 2456 2961 2523 in
3029 2459 3340 2526 omnibus
3418 2461 3660 2530 instru-

2113 2567 2349 2634 mentis
2390 2567 2657 2653 divinis,
2692 2571 2772 2638 de
2803 2592 2929 2658 qua
2962 2572 3173 2641 fusius
3205 2575 3465 2643 disserit
3496 2587 3653 2648 tom.

2114 2684 2175 2747 1.
2231 2683 2307 2748 in
2346 2686 2412 2751 3.
2450 2696 2736 2772 partem,
2780 2687 2956 2773 disp.
3009 2693 3116 2755 31.
3169 2703 3320 2757 sect.
3367 2696 3430 2758 5.
3489 2694 3656 2760 Sunt

2110 2802 2177 2859 et
2222 2793 2368 2862 aliae
2407 2798 2752 2865 sententiae
2784 2800 2850 2866 in
2893 2801 3015 2867 hac
3061 2802 3450 2889 quaestione,
3505 2827 3654 2892 quae

2111 2909 2317 2978 videri
2359 2925 2634 2998 possunt
2676 2915 2846 3001 apud
2890 2916 3196 3004 praefatos
3243 2932 3541 2988 auctores
3590 2935 3654 2990 et

2110 3027 2296 3110 alios,
2351 3049 2516 3117 quos
2572 3032 2767 3115 infra
2811 3031 3157 3100 citabimus
3215 3057 3330 3122 pro
3386 3036 3654 3105 conclu-

2107 3146 2292 3213 sione
2331 3148 2644 3230 Doctoris,
2699 3162 2763 3217 et
2813 3164 3004 3239 prout
3057 3153 3312 3220 occasio
3362 3154 3645 3231 dabitur,

2109 3281 2222 3327 eas
2273 3283 2713 3351 exponemus;
2774 3267 3035 3336 interim
3087 3291 3445 3359 sequemur
3482 3274 3654 3342 litte-

2112 3397 2253 3443 ram
2283 3390 2354 3445 ut
2374 3380 2572 3467 jacet.

2685 3628 3085 3687 SCHOLIUM.

2178 3804 2384 3873 Quoad
2413 3805 2751 3864 secundam
2808 3823 2868 3880 q.
2930 3812 2995 3866 D.
3053 3811 3266 3870 Thom.
3317 3816 3489 3885 ponit
3542 3817 3663 3873 ali-

2107 3916 2295 3973 quarn
2331 3904 2635 3961 virtutem
2685 3909 3230 3976 supernaturalem
3260 3925 3374 3981 per
3405 3911 3654 3970 modum

2104 4001 2267 4057 entis
2296 4002 2661 4072 incompleti
2715 4007 2776 4059 et
2810 4004 2880 4060 in
2928 4003 3092 4075 fieri,
3132 4007 3198 4062 in
3231 4008 3654 4078 sacramento,

2104 4115 2247 4173 quae
2276 4106 2490 4158 causat
2517 4103 3050 4162 intrumentaliter
3076 4105 3337 4178 physice
3369 4112 3656 4180 gratiam,
3732 4107 3735 4110 ’

2107 4199 2286 4257 modo
2327 4201 2658 4273 explicato,
2718 4203 2882 4276 quod
2930 4205 3127 4261 variis
3179 4209 3487 4279 exemplis
3544 4209 3652 4266 de-

2103 4300 2324 4357 clarat.
2381 4302 2662 4358 Similem
2706 4303 3029 4371 virtutem,
3074 4303 3180 4361 sed
3227 4304 3650 4364 diversimode

2108 4397 2506 4468 explicatam,
2562 4402 2802 4470 ponunt
2849 4402 2965 4456 DD.
2996 4400 3167 4458 citati
3219 4402 3296 4459 ad
3328 4404 3420 4461 tit.
3461 4404 3651 4475 huius

2105 4499 2321 4566 quaest.

2198 4659 2647 4733 Secundum
2704 4660 2931 4733 illam
3004 4662 3466 4755 opinionem
3541 4666 3647 4739 di·
3824 4689 3874 4740 3.

2105 4773 2341 4852 citur,
2379 4774 2474 4846 ad
2579 4777 3005 4850 secundam
3087 4752 3972 4870 quaestionem,D·1If¹i‘'.¹¹'·

2106 4891 2314 4981 quod
2389 4889 2470 4961 in
2555 4893 3107 4968 sacramentis
3181 4898 3307 4969 est
3378 4896 3651 4990 aliqua
3681 4877 3808 4931 ‘³‘¹·
3849 4893 3900 4941 ‘¹‘
3942 4878 3993 4928 ¹·

2101 5005 2372 5079 virtus
2457 5009 3138 5099 supernaturalis,
3235 5032 3411 5104 quae
3491 5033 3655 5086 non

2105 5126 2425 5197 tantum
2519 5125 2645 5196 est
2741 5124 2937 5197 ordo
3042 5126 3140 5199 ad
3239 5126 3648 5212 effectum,

2104 5236 2293 5331 quia.
2329 5239 2600 5313 virtus
2643 5259 2967 5332 semper
3005 5241 3377 5318 nominat
3436 5243 3650 5337 prin-

2103 5355 2404 5448 cipium
2448 5356 2774 5448 agendi3
2827 5358 3318 5452 principium
3374 5366 3645 5436 autem

2103 5471 2477 5555 actionis,
2577 5477 2666 5547 ut
2754 5474 3151 5574 probatur
3232 5479 3300 5550 5.
3372 5482 3645 5565 physic.

2101 5593 2227 5664 est
2278 5589 2552 5683 aliqua
2598 5588 2869 5665 forma
2921 5592 3322 5666 absoluta.
3370 5593 3644 5676 Qualis
