4287 6313
193 2465 439 2640 52}ae

240 3615 455 3667 lustitia

216 4333 482 4400 Magister.

221 4819 489 4872 Heni-icus.

1664 410 1891 482 'nts'r.
1953 416 1999 482 l.
2034 417 2394 496 QuAEsTlo
2442 420 2543 484 vt.

529 598 657 659 na,
685 576 773 653 fit
795 570 1081 670 dignus
1114 578 1286 652 vita
1317 580 1652 659 aeterna,
1679 572 1756 650 e't
1790 579 1882 651 de
1905 599 2064 650 non

525 701 856 791 potente
891 699 1315 773 meritorie
1356 720 1623 793 agere,
1659 700 1748 774 fit
1784 707 2065 794 potens

526 833 771 905 agere
846 816 1302 889 meritorie.
1385 817 1606 889 Licet
1680 836 1878 909 ergo
1969 839 2066 889 ex

527 932 794 1023 prima
850 934 1299 1007 mutatione
1348 954 1507 1006 non
1563 934 1822 1027 possit
1880 954 2069 1007 con-

526 1048 733 1121 cludi
787 1049 1060 1143 aliqua
1105 1051 1373 1124 forma
1406 1072 1615 1124 nova
1657 1054 1739 1125 in
1776 1052 2069 1145 justifi-

526 1166 873 1251 catione,
919 1172 1190 1241 tamen
1239 1190 1336 1240 ex
1380 1168 1731 1241 secunda
1773 1171 2063 1261 potest,

523 1286 606 1356 et
638 1282 752 1357 sic
783 1288 1167 1375 argutum
1199 1287 1321 1356 est
1354 1284 1487 1365 ibi,
1523 1287 1675 1353 disc.
1720 1288 1801 1357 17
1818 1289 2065 1373 primo,

522 1399 706 1471 Non
745 1399 960 1472 enim
1001 1401 1123 1473 est
1155 1420 1365 1473 nunc
1405 1400 1695 1492 dignus
1728 1402 1818 1473 de
1859 1420 2066 1473 novo

521 1512 693 1586 vita
759 1518 1091 1597 aeterna,
1148 1534 1404 1608 neque
1447 1536 1657 1588 nunc
1710 1516 1801 1587 de
1859 1534 2069 1586 novo

520 1631 790 1720 potest
858 1629 1282 1701 meritorie
1338 1648 1609 1720 agere,
1659 1628 1818 1701 nisi
1911 1627 2072 1700 for-

521 1763 737 1818 mam
774 1744 1129 1837 aliquam
1195 1765 1493 1818 novam
1535 1744 1850 1825 habeat,
1917 1763 2072 1836 qua

522 1860 629 1933 sit
674 1862 989 1953 dignuS,
1033 1865 1113 1935 et
1156 1882 1311 1954 qua
1353 1862 1615 1955 possit
1666 1879 1931 1953 agere.

972 2170 1637 2235 COMMENTARIUS.

619 2448 705 2536 (e)
734 2449 987 2513 Contra
1020 2449 1215 2512 islam
1246 2447 1734 2512 conclusionem
1756 2448 2069 2533 arquitur
2102 2525 2105 2527 ‚

524 2565 873 2651 primosic,
894 2574 1015 2629 etc.
1036 2563 1295 2629 Duabus
1315 2561 1670 2629 rationibus
1690 2562 1825 2649 agit
1845 2566 2073 2629 Doctor

528 2692 755 2747 contra
811 2679 1094 2766 priorem
1164 2678 1554 2745 sententiam
1601 2679 1874 2744 :Prima
1943 2689 2065 2759 est,

530 2796 703 2883 quod
763 2794 1079 2862 rectitudo
1138 2794 1454 2861 naturalis
1502 2796 1854 2881 opponitur
1919 2816 2073 2881 pec-

529 2925 673 2980 cato
744 2911 1073 2999 originali,
1169 2933 1296 2999 qua
1379 2911 1587 2999 posita
1659 2910 1861 2977 deleri
1957 2932 2073 2997 po-

530 3038 682 3094 test.
719 3026 1007 3095 Secunda
1040 3038 1162 3107 est,
1207 3025 1566 3092 sicutDeus
1615 3026 1819 3113 potuit
1865 3024 2076 3111 primo

532 3143 930 3212 constituere
1002 3142 1334 3210 hominem
1393 3154 1642 3210 rectum
1716 3141 2075 3210 secundum

527 3261 849 3348 justitiam
927 3258 1337 3346 originalem,
1420 3271 1485 3325 et
1553 3260 1618 3324 in
1692 3257 2079 3326 rectitudine

538 3376 842 3456 naturali,
886 3375 982 3442 sic
1064 3375 1260 3442 etiam
1336 3386 1549 3463 potest
1621 3375 1876 3462 lapsum
1937 3396 2077 3442 res-

538 3503 797 3558 taurare
858 3490 923 3555 in
982 3490 1274 3557 eamdem
1328 3489 1805 3557 rectitudinem.

628 3606 723 3672 Ad
763 3606 1159 3673 evidentiam
1216 3606 1477 3685 horum,
1543 3606 1607 3671 in
1668 3627 1909 3693 genere
1964 3606 2080 3671 ad-

539 3722 923 3790 vertendum
964 3735 1064 3790 est
1100 3726 1122 3807 (
1168 3723 1410 3789 omissa
1455 3721 1778 3789 sententia
1831 3722 2079 3788 moder-

540 3858 775 3904 norum
807 3837 1176 3925 >justitiam
1232 3835 1621 3924 originalem
1666 3837 1747 3902 ab
1796 3837 2084 3924 antiquis

538 3950 956 4019 Scholasticis
985 3951 1293 4018 constitui
1334 3950 1400 4017 in
1449 3950 1824 4039 integritate
1864 3962 1927 4017 et
1985 3971 2084 4016 re-

536 4066 853 4135 ctitudine
893 4067 1170 4134 naturali
1211 4078 1270 4134 et
1323 4066 1637 4133 habituali
1681 4077 1952 4148 naturae,
2000 4066 2086 4132 si-

538 4204 622 4249 ve
660 4182 767 4249 illa
804 4182 1000 4249 fuerit
1045 4182 1237 4270 vigor
1287 4182 1428 4270 ipse
1472 4194 1725 4249 naturae
1776 4193 1838 4249 et
1895 4181 2086 4248 liberi

537 4298 815 4378 arbitrii,
885 4309 956 4364 ut
998 4297 1308 4383 Magister
1366 4297 1522 4362 dist.
1578 4300 1687 4362 24.
1751 4297 2087 4363 insinuare

538 4414 823 4493 videtur,
874 4413 979 4480 cui
1019 4412 1401 4500 superaddit
1439 4412 1715 4499 gratiam
1769 4413 1911 4479 sine
1961 4432 2090 4500 qua

542 4551 698 4610 non,
748 4550 877 4595 non
923 4539 1139 4596 autem
1184 4528 1379 4607 dona,
1424 4539 1536 4595 aut
1587 4529 1865 4615 gratiam
1942 4548 2088 4594 san-

544 4645 972 4724 ctisicantem;
1017 4655 1080 4710 et
1111 4665 1189 4710 ex
1225 4653 1404 4730 parte
1436 4644 1692 4709 videtur
1723 4644 2093 4710 consentire

546 4762 865 4830 Henricus
925 4762 1312 4838 Quodlibeeo
1359 4765 1423 4829 6.
1475 4771 1700 4847 qu-oesc.
1774 4766 1886 4827 11.
1947 4781 2089 4826 eam

548 4880 751 4946 fuisse
789 4876 1241 4945 rectitudinem
1274 4877 1654 4956 voluntatis,
1704 4897 1853 4962 quae
1891 4896 2096 4962 oppo-

546 4996 725 5060 nitur
761 4992 1091 5072 curvitati,
1139 5013 1288 5079 quae
1338 5004 1438 5059 est
1490 4992 1658 5058 sicut
1698 4992 1975 5078 qualitas
2028 4994 2091 5058 in

545 5108 927 5196 quantitate,
973 5128 1088 5193 per
1154 5127 1347 5194 quam
1381 5106 1811 5193 distinguitur
1867 5118 2096 5172 natura

541 5225 842 5290 instituta
874 5244 909 5288 a
948 5244 1019 5289 se
1048 5224 1191 5308 ipsa
1226 5233 1372 5308 post
1406 5222 1685 5308 lapsum,
1734 5222 1875 5288 sive
1900 5222 2094 5288 etiam

541 5339 740 5405 suerit
805 5336 1048 5404 donum
1132 5336 1395 5424 aliquod
1468 5337 1958 5422 superadditum
2033 5350 2097 5404 et

542 5451 1065 5541 supernaturale,
1134 5452 1447 5518 ordinans
1503 5453 1832 5518 hominem
1884 5454 1962 5519 ad
2024 5452 2097 5518 fi-

543 5591 691 5638 nem
724 5587 922 5637 suum
990 5568 1373 5648 naturalem,
1419 5579 1611 5655 prout
1649 5579 1825 5635 tenet
1865 5572 2097 5635 Doctor

3610 418 3723 489 211

2180 589 2622 675 probabiliter,
2661 607 2943 676 sequens
2981 574 3367 655 sententiam
3422 574 3727 676 antiquo-

2179 726 2323 770 rum
2385 706 2456 770 in
2496 709 2558 771 Ξ.
2621 703 2782 769 disc.
2847 705 2954 769 Ξ9.
3033 713 3096 769 et
3153 703 3470 769 reducens
3545 700 3728 771 illam

2181 820 2572 886 sententiam
2616 819 2870 885 Henrici
2906 819 2984 885 ad
3016 840 3381 906 congruum
3428 838 3724 886 sensum.

2181 938 2275 1002 lta
2315 937 2571 1004 Alensis
2611 939 2675 1003 Ξ.
2717 946 2898 1021 p‘zrl.
2944 948 3170 1023 quoesc.
3207 939 3270 1002 9.
3321 959 3405 1002 m.
3446 941 3506 1002 1.
3554 947 3613 1002 et
3658 940 3724 1002 Ξ.
3927 1012 3937 1020 ,

2182 1056 2255 1118 D.
2311 1055 2760 1117 Bonaventura
2802 1054 2875 1117 in
2933 1054 2994 1117 Ξ.
3068 1052 3225 1118 dist.
3299 1054 3407 1117 ⁶29.
3474 1061 3606 1118 arc.
3670 1012 4079 1147 [Αιὲἓὲἰῗὲιξῖἷ

2182 1179 2404 1254 quoesc.
2454 1173 2513 1234 1.
2559 1179 2620 1234 et
2662 1172 2727 1235 Ξ.
2802 1168 3162 1235 Richardus
3205 1169 3426 1256 (quem
3477 1189 3558 1235 ex
3601 1167 3731 1235 ins·
3766 1136 4073 1188 R¹⁰h⁸rd⁰⁸‘

2130 1281 2138 1289 ’
2183 1286 2376 1351 tituto
2429 1286 2530 1352 hic
2563 1290 2794 1352 Doctor
2852 1286 3220 1373 impugnat)
3288 1286 3515 1352 eadem
3568 1286 3724 1352 dist.
3769 1351 3777 1365 ,

2202 1411 2426 1485 qucest.
2496 1403 2555 1465 1.
2621 1411 2680 1464 el
2718 1401 2876 1466 disc.
2924 1403 3032 1466 Ξ1.
3082 1413 3213 1467 art.
3262 1405 3321 1466 1.
3386 1413 3613 1488 quoest.
3663 1406 3723 1467 1.

2184 1516 2296 1602 qui
2382 1528 2623 1603 negant
2721 1517 2920 1583 Adam
3008 1517 3213 1584 fuisse
3298 1530 3585 1584 creatum
3664 1516 3728 1581 in

2184 1633 2418 1718 gratia,
2497 1633 2612 1700 sed
2673 1632 2737 1698 iu
2824 1632 2956 1699 sola
3040 1632 3296 1719 justitia
3395 1631 3722 1719 originali.

2184 1749 2432 1824 Quibus
2463 1748 2730 1836 adjungi
2765 1758 3057 1835 possunt,
3105 1748 3215 1835 qui
3262 1748 3456 1814 etiam
3490 1758 3730 1834 negant

2186 1864 2472 1952 Angelos
2510 1876 2762 1930 creatos
2821 1864 3022 1931 fuisse
3061 1864 3126 1929 in
3156 1862 3392 1950 gratia,
3439 1874 3509 1930 ut
3547 1861 3728 1949 AEgi-

2186 1980 2335 2047 dius
2383 1983 2456 2046 in
2487 1984 2549 2049 Ξ.
2590 1981 2747 2048 dist.
2819 1985 2883 2046 4.
2929 1992 3154 2066 quoesc.
3203 1985 3264 2045 1.
3327 1993 3458 2046 art.
3504 1983 3568 2045 4.
3611 1984 3728 2046 Ar·
3770 1968 4048 2097 Αλξῖἕὲξξξξζ

2185 2096 2489 2182 gentinas
2529 2109 2751 2183 quoest.
2804 2100 2864 2162 1.
2909 2108 3039 2163 art.
3079 2101 3142 2163 Ξ.
3196 2096 3458 2164 Accedit
3497 2095 3726 2162 Marsi·
3774 2092 4048 2145 Mamilius.

2188 2210 2316 2275 lius
2346 2212 2420 2276 in
2457 2215 2522 2276 Ξ.
2590 2222 2814 2299 quaest.
2863 2214 2969 2278 18.
3031 2212 3376 2279 Durandus
3423 2210 3580 2278 dist.
3614 2213 3722 2278 ΞΟ.
3763 2156 4058 2330 ῡὸἐὲῗὲιῗε

2185 2341 2410 2414 quoest.
2456 2334 2519 2395 5.
2556 2329 2808 2396 Gabriel
2859 2330 3014 2396 dist.
3063 2334 3169 2396 30.
3215 2339 3442 2416 quoesl.
3493 2335 3552 2395 1.
3600 2331 3728 2395 Ma·
3788 2295 4036 2395 Basggfis.

2177 2445 2285 2531 jor
2320 2456 2546 2531 quaest.
2600 2449 2663 2513 Ξ.
2708 2458 2769 2512 et
2802 2447 3085 2533 primum
3121 2445 3481 2514 universim
3525 2445 3727 2512 nostri
3798 2404 4036 2531 ξῖἓξῘ-ἓῗιῖ

2187 2564 2516 2640 DoctoreS,
2561 2583 2836 2649 quorum
2869 2563 3067 2651 aliqui
3097 2565 3265 2630 hanc
3296 2563 3728 2651 quaestionem
3764 2531 3829 2581 1).
3883 2530 4070 2582 Thom.

2184 2675 2516 2743 disserunt
2584 2678 2650 2743 in
2704 2682 2767 2746 4.
2840 2680 2962 2746 hac
3014 2680 3168 2745 dist.
3250 2692 3320 2745 ut
3377 2678 3727 2760 Bassolius,

2184 2793 2464 2872 Rubion,
2502 2798 2794 2879 Mayron.
2849 2794 2942 2859 Ab
2983 2795 3086 2860 his
3145 2794 3493 2862 dissentire
3542 2795 3723 2862 vide-

2185 2918 2292 2972 tur
2341 2910 2406 2977 D.
2440 2910 2722 2976 Thomas
2753 2921 3003 2976 tantum
3047 2910 3110 2975 in
3142 2929 3243 2989 ec,
3280 2910 3451 2998 quod
3501 2911 3733 2977 asserit

2181 3024 2506 3110 justitiam
2559 3026 2944 3114 originalem
3015 3027 3218 3094 fuisse
3260 3027 3607 3094 radicatam
3662 3026 3728 3092 in

2189 3139 2396 3226 gratia
2437 3140 2903 3209 sanctificante.

2280 3253 2638 3338 Distinguit
2667 3254 2841 3320 enim
2891 3259 2946 3320 1.
2992 3258 3053 3320 Ξ.
3110 3277 3172 3342 q.
3203 3343 3208 3348 ἣ
3239 3258 3388 3322 109.
3427 3254 3733 3342 intregri-
3817 3265 4036 3339 Effectus

2190 3379 2388 3435 tatem
2432 3382 2705 3451 naturae,
2741 3382 2803 3437 et
2850 3371 3128 3458 gratiam
3183 3371 3724 3438 sanctificantem.
3791 3334 4103 3457 oiigsffiffs.

2194 3487 2373 3550 Patet
2413 3486 2606 3552 etiam
2638 3506 2720 3552 ex
2759 3485 2993 3552 effectu
3029 3486 3308 3573 justitiae
3358 3487 3734 3574 originalia,

2195 3601 2305 3688 qui
2338 3601 2459 3668 fuit
2497 3602 2818 3669 ordinatio
2857 3604 3299 3690 ‚potentiarum
3342 3604 3407 3669 in
3458 3623 3742 3690 operan-

2194 3715 2276 3782 do
2332 3717 2821 3797 delectabiliter,
2890 3718 3250 3785 secundum
3322 3730 3566 3786 rectam
3641 3740 3742 3786 ra-

2193 3833 2465 3914 tionem,
2501 3847 2565 3901 et
2602 3836 2772 3901 circa
2803 3834 3222 3902 rebellionem
3260 3847 3369 3901 aut
3409 3836 3700 3903 fomitem
3723 3888 3739 3903 .

2195 3956 2373 4019 Hanc
2420 3973 2580 4039 ergo
2621 3951 3035 4031 sententiam,
3082 3973 3230 4039 quae
3260 3964 3360 4018 est
3396 3954 3732 4034 Richardi,

2199 4068 2511 4156 supponit
2574 4072 2831 4135 Doctor.
2896 4066 3059 4143 Quid
3127 4078 3343 4134 autem
3416 4068 3745 4136 senserint

2201 4183 2493 4251 moderni
2535 4183 2707 4249 circa
2773 4183 3159 4271 originalem
3205 4184 3552 4271 justitiam,
3614 4206 3742 4251 non

2198 4310 2298 4366 est
2337 4301 2536 4386 hujus
2566 4298 2689 4365 loci
2722 4299 3069 4381 disserere,
3124 4312 3187 4367 et
3253 4322 3333 4367 an
3390 4300 3470 4366 ab
3512 4300 3741 4366 iisdem

2200 4413 2543 4481 dissentiat
2608 4425 2830 4481 noster
2870 4418 3101 4482 Doctor
3147 4436 3224 4481 ex
3268 4415 3530 4502 propria
3589 4434 3746 4490 sen,-

2201 4529 2429 4595 tentia.

2292 4644 2581 4710 Alterum
2641 4645 3056 4730 suppositum
3118 4646 3410 4711 Doctoris
3452 4655 3550 4710 est
3590 4664 3746 4730 pec·
3824 4609 4059 4744 Αιῗέι-ἠῳ

2202 4771 2415 4826 catum
2483 4760 2803 4846 originale
2868 4781 2947 4826 ex
3042 4761 3363 4828 sententia
3455 4761 3746 4826 Anselmi
3820 4751 4054 4850 ⁸{gff‘

2205 4875 2318 4941 lib.
2373 4876 2453 4941 de
2531 4876 2862 4961 Conceptu
2903 4876 3251 4962 viminali,
3298 4897 3443 4961 cap.
3485 4879 3608 4953 26.
3687 4887 3747 4941 et
3793 4860 4068 4974 gffgisfflg

2206 4991 2317 5057 lib.
2375 4991 2454 5056 de
2497 5003 2765 5077 peccato
2833 4992 3181 5077 oriyinali,
3229 5012 3376 5058 esse
3428 4991 3747 5079 privatio·
3811 4989 4062 5100 finitione

2207 5128 2354 5172 nem
2425 5107 2705 5194 justitiae
2763 5108 3127 5194 originalis,
3199 5128 3392 5194 quam
3451 5108 3748 5196 sequitur
3823 5088 4084 5228 bafigium:

2211 5225 2442 5288 Doctor
2482 5225 2557 5288 in
2595 5224 2664 5288 Ξ.
2718 5223 2872 5290 disc.
2911 5228 3019 5289 31.
3067 5223 3297 5310 reliqui
3331 5223 3745 5290 Sententiarii
4033 5211 4044 5224 ’

2206 5339 2360 5404 dist.
2391 5341 2497 5404 30.
2525 5338 2757 5404 Schola
2791 5343 2864 5405 D.
2892 5340 3160 5406 Thomae
3187 5345 3247 5405 1.
3285 5342 3348 5406 Ξ.
3378 5350 3603 5426 quaest.
3632 5343 3739 5405 51.

2205 5464 2342 5519 art.
2417 5458 2479 5519 5.
2525 5454 2614 5519 ad
2653 5457 2717 5519 Ξ.
2762 5465 2822 5519 et
2888 5465 3110 5540 quoesl.
3185 5456 3292 5520 8Ξ.
3338 5477 3402 5520 a.
3449 5456 3512 5521 Ξ.
3567 5466 3627 5519 ee
3674 5458 3738 5520 3.

2209 5569 2466 5635 Alensis
2503 5571 2570 5635 Ξ.
2618 5582 2801 5657 part.
2848 5582 3074 5657 quoest.
3131 5574 3279 5638 1ΞΞ.
3331 5590 3742 5664 quocumque
