4287 6313
558 411 678 475 510

557 573 613 639 si
645 574 910 640 demum
942 573 1190 640 fuerint
1211 571 1447 658 relapsi
1481 580 1720 656 praeter
1755 565 2099 654 praedictas

557 709 808 775 poenaS‚
894 685 1565 765 excommunicentur,
1638 694 1761 748 etc.
1833 679 2101 756 Quando

555 817 772 872 autem
810 805 916 871 lex
956 803 1219 870 modum
1259 813 1324 869 et
1375 803 1651 868 formam
1708 794 2098 885 procedendi

559 921 861 991 instituit.
901 922 1263 990 servandus
1295 933 1416 989 est.

346 1055 400 1108 2.
457 1118 468 1128 ,
646 1039 738 1128 (b)
787 1041 883 1107 De
958 1043 1181 1128 primo
1244 1049 1398 1105 sunt
1455 1036 1585 1102 duo
1655 1033 1839 1099 modi
1878 1033 2100 1100 dicen·

209 1118 654 1236 ,ῗέἒῖᾓῖάῂ
716 1166 841 1222 etc.
888 1159 1058 1221 Duas
1087 1154 1457 1221 sententias
1501 1150 1842 1239 proponit;
1891 1151 2100 1235 prima

560 1284 682 1355 est,
718 1273 927 1340 teneri
991 1273 1273 1360 aliquem
1332 1271 1413 1337 ad
1482 1270 1893 1357 Baptismum
1929 1266 2097 1333 reci-

559 1388 871 1477 piendum
901 1410 934 1456 a
989 1388 1264 1477 praeciso
1306 1388 1372 1453 in
1415 1406 1605 1467 casu,
1652 1406 1779 1472 quo
1845 1382 2104 1450 deficiat

561 1506 749 1589 alim,
815 1507 968 1594 quia
1015 1505 1387 1593 Baptismus
1455 1515 1554 1569 est
1610 1504 2102 1568 Sacramentum

563 1622 997 1689 necessitatis,
1061 1623 1213 1687 Haec
1274 1616 1597 1685 sententia
1655 1636 1802 1682 cum
1853 1614 2103 1679 ratione

564 1740 912 1828 subjuncta
963 1737 1223 1806 videtur
1270 1736 1526 1804 Alensis
1583 1740 1648 1801 4.
1714 1756 1784 1822 p.
1875 1754 1945 1819 q.
2034 1734 2097 1797 8.

216 1845 507 1965 Dfflffigssv
568 1878 652 1923 m.
706 1861 771 1924 6.
843 1875 908 1923 α.
961 1860 1025 1924 2.
1093 1859 1125 1941 5
1185 1859 1255 1920 2.
1328 1865 1392 1921 et
1456 1857 1528 1919 D.
1628 1855 2104 1917 Bonaventurae

215 1947 532 2028 aichardus:
567 1977 691 2043 hac
719 1976 875 2044 dise.
929 1986 1061 2042 art.
1123 1979 1187 2041 2.
1236 1995 1294 2060 q.
1330 1978 1389 2038 1.
1450 1970 1540 2036 ad
1587 1974 1656 2035 ὃ.
1746 1963 2106 2032 Richardus

567 2094 725 2161 diet.
771 2096 835 2160 ὅ.
880 2102 1010 2159 art.
1056 2095 1120 2158 3.
1156 2114 1218 2179 q.
1255 2093 1319 2155 4.
1354 2086 1651 2154 concedit
1709 2084 1775 2149 in
1832 2078 2106 2149 articulo

569 2208 974 2276 necessitatis
1006 2226 1198 2294 posse
1238 2200 1814 2292 Baptismumsine
1845 2209 2106 2283 peccato

570 2348 605 2393 a
643 2325 916 2412 praeciso
939 2323 1208 2411 suscipi.

661 2442 957 2510 Secunda
988 2439 1310 2509 sententia
1349 2444 1447 2507 est
1494 2440 1567 2504 D.
1613 2434 1879 2501 Thomoe
1910 2438 1974 2501 3.
2033 2456 2103 2521 p.

571 2570 796 2648 quoese.
824 2559 1088 2628 64.ανι.
1115 2561 1180 2625 6.
1217 2557 1308 2622 ad
1347 2559 1410 2622 2.
1450 2567 1509 2621 et
1548 2577 1607 2642 q.
1654 2557 1763 2620 82.
1800 2575 1865 2619 a.
1906 2554 1971 2619 9.
1999 2550 2108 2617 ubi

573 2674 799 2741 statuit
837 2674 998 2741 duas
1057 2674 1317 2760 regulas
1368 2671 1730 2760 generales.
1771 2669 2008 2746 Prima,
2074 2687 2109 2733 a

576 2786 876 2858 ministro
902 2791 1193 2870 tolerate,
1230 2788 1705 2876 quantumlibet
1737 2786 1927 2864 malO,
1966 2805 2108 2871 pos-

574 2928 644 2974 se
711 2907 845 2994 peti
887 2919 950 2972 et
989 2907 1187 2993 recipi
1248 2909 1761 2973 Sacramentum.
1816 2902 2111 2968 Secunda

571 3034 695 3105 est,
740 3046 776 3091 a
815 3024 1091 3112 proeciso
1131 3043 1260 3089 non
1301 3023 1520 3101 licere,
1558 3021 1711 3108 quia
1761 3039 1888 3086 non
1964 3019 2113 3084 licet

572 3153 792 3231 petere
820 3142 901 3209 ab
932 3141 1083 3222 alic,
1120 3138 1292 3228 quod
1324 3138 1464 3227 ipse
1500 3159 1629 3205 non
1672 3144 1882 3224 potest
1940 3135 2114 3201 licite

573 3258 970 3338 ministrare,
1015 3267 1125 3323 aut
1154 3254 1351 3335 dare3
1415 3251 1501 3321 ita
1536 3257 1772 3320 Suarez
1803 3258 1866 3320 3.
1925 3262 2108 3338 part.

570 3375 746 3463 disp.
789 3378 893 3443 18.
929 3389 1081 3441 sect.
1114 3379 1176 3442 1.
1206 3373 1330 3441 Sed
1367 3375 1430 3439 in
1465 3372 1667 3459 priori
1700 3372 1838 3437 loco
1880 3370 1959 3436 de
1989 3372 2114 3435 hoc

571 3492 731 3560 nihil
765 3495 838 3561 D.
866 3487 1193 3570 Thomas;
1241 3493 1305 3557 in
1346 3489 1630 3558 secundo
1671 3488 1810 3554 loco
1859 3487 1995 3574 agit
2032 3487 2113 3553 de

571 3608 1037 3696 recipientibus
1076 3608 1555 3676 Eucharistiam
1597 3627 1630 3673 a
1696 3604 2009 3693 praecisis,
2049 3605 2112 3670 in

572 3724 811 3813 quibus
842 3723 1104 3792 diversa
1144 3735 1356 3811 potest
1397 3742 1542 3789 esse
1600 3719 1810 3800 ratio;
1863 3719 2115 3807 aliquos

571 3855 788 3910 tamen
838 3857 981 3909 eam
1012 3839 1399 3922 doctrinam,
1435 3860 1630 3927 quam
1668 3839 1823 3904 citat
1853 3840 2109 3914 Doctor,

572 3956 919 4025 tradidisse
956 3969 1249 4037 constat,
1317 3954 1621 4043 quamvis
1689 3954 1768 4020 iis
1844 3952 2115 4020 investi-

571 4072 809 4162 gandis
865 4094 995 4141 non
1063 4072 1246 4142 lubet
1319 4087 1493 4137 nunc
1550 4070 1929 4151 immorari;
2003 4068 2115 4136 sed

575 4194 716 4278 ipsa
761 4191 1079 4271 doctrina,
1116 4202 1188 4257 ut
1263 4188 1402 4255 suis
1463 4186 1804 4276 principiis
1886 4188 2114 4266 haeret,

575 4310 909 4380 tractanda
955 4323 1051 4377 est
1100 4308 1177 4376 ad
1229 4307 1632 4395 propositum
1704 4306 2112 4406 quaestionis

353 4453 406 4504 3.
666 4422 824 4487 Eam
891 4431 1065 4487 recte
1123 4418 1466 4504 impugnat
1532 4420 1805 4482 Doctor:
1872 4414 2113 4493 Primo,

273 4512 505 4643 {3322
583 4537 733 4625 quia
773 4547 1173 4625 praeceptum
1205 4532 1515 4601 Ecclesiae
1555 4552 1685 4599 non
1747 4531 2122 4599 extenditur

232 4641 551 4770 Βᾞζζζξω
583 4654 661 4720 ad
702 4674 924 4721 casum
966 4651 1375 4719 necessitatis
1442 4661 1661 4717 contra
1722 4660 2121 4736 praeceptum

212 4765 554 4881 'necesisstata
585 4771 907 4851 divinum,
988 4781 1051 4835 et
1145 4779 1547 4856 praeceptum
1629 4767 1801 4855 juris
1862 4778 2108 4833 natura·

583 4887 688 4954 lis.
768 4888 1089 4976 Secunde,
1188 4885 1340 4974 quia
1430 4883 1640 4952 vitare
1747 4903 2123 4950 excommu-

583 5002 871 5070 nicatum
940 5011 1041 5068 est
1107 4999 1175 5065 in
1244 5018 1505 5087 poenam
1584 4997 1781 5079 illius,
1853 5009 1917 5064 et
1983 5017 2124 5064 suae

582 5119 1034 5199 contumaciae,
1121 5117 1465 5205 magisque
1561 5113 1776 5202 ipsum
1880 5113 2123 5200 obligat

580 5239 787 5305 vitare
817 5248 1115 5315 caeteros,
1163 5254 1356 5322 quam
1429 5231 1589 5298 alios
1620 5231 1828 5297 vitare
1862 5229 2077 5317 ipsum
2105 5253 2119 5307 ;

581 5355 694 5422 sed
758 5355 898 5440 ipse
982 5351 1177 5419 etiam
1250 5347 1853 5416 excommunicatus
1917 5348 1982 5413 in
2050 5369 2125 5414 ea

581 5470 973 5538 necessitate
1053 5478 1387 5533 teneretur
1487 5477 1816 5552 praecepto
1912 5464 2124 5530 chari-

581 5588 736 5655 tatis
795 5607 910 5675 per
985 5606 1057 5652 se
1123 5583 1501 5664 subvenire,
1543 5581 1668 5649 nisi
1700 5581 1886 5649 aliter
1918 5581 2123 5671 possit

267 2462 509 2523 secunda

247 2531 520 2584 sententia.

314 2598 445 2647 Duae

272 2658 480 2726 regulae.

1808 405 1952 467 [ΑΒ.
1982 403 2077 468 lV.
2114 398 2716 465 SENTENTIARUM

2218 560 2574 628 ministrari
2617 563 3138 640 Sacramentum,
3197 576 3356 642 ergo
3395 575 3432 622 a
3502 550 3753 620 fortiori

2213 675 2401 756 alter,
2436 674 2541 741 cui
2574 673 2910 741 confertur
2988 676 3478 740 Sacramentum
3546 666 3757 754 magis

2214 803 2585 869 excusatur,
2611 811 2685 857 ac
2726 789 2997 877 proinde
3064 788 3283 856 minus
3331 787 3761 872 comprehen-

2214 902 2389 972 ditur
2421 917 2746 993 praecepto
2768 906 3077 973 Ecclesioe
3108 916 3332 971 contra
3357 913 3759 990 praeceptum

2212 1022 2473 1109 proprie
2528 1023 2759 1090 salutis
2812 1037 2924 1090 aut
2983 1022 3292 1101 infantis;
3367 1018 3762 1087 antecedens

2218 1148 2388 1225 patet
2426 1135 2508 1205 ex
2547 1151 2753 1207 textu.
2810 1139 3051 1218 Tertio,
3088 1138 3242 1227 quia
3292 1136 3581 1204 Ecclesia
3632 1155 3763 1201 non

2215 1250 2491 1317 intendit
2520 1273 2638 1318 sua
2695 1252 3137 1338 prohibitione
3204 1248 3764 1338 comprehendere

2215 1388 2437 1436 casum
2482 1369 2914 1449 necessitatis,
2960 1371 3027 1436 in
3065 1389 3193 1458 quo
3225 1368 3557 1436 concurrit
3602 1366 3764 1433 obli-

2216 1485 2392 1570 gatio
2430 1484 2639 1551 divini
2679 1495 2745 1552 et
2798 1485 3113 1552 naturalis
3163 1484 3376 1572 juris;
3444 1482 3618 1550 unde
3656 1482 3767 1548 ille

2214 1600 2507 1688 vulgaris
2584 1620 2814 1668 versus
2890 1601 3162 1689 exponit
3238 1601 3461 1688 plures
3537 1618 3755 1679 casua,

2218 1718 2328 1804 qui
2390 1739 2519 1784 non
2577 1719 3225 1806 comprehenduntur
3276 1730 3599 1805 praecepto
3648 1718 3766 1782 Ec·

2219 1833 2486 1901 clesiae:

2367 1966 2542 2036 Utile,
2575 1967 2679 2036 lex,
2701 1967 2934 2037 humilis,
2964 1984 3047 2025 res
3073 1968 3334 2041 ignorata,
3364 1982 3593 2026 neceas.

2309 2094 2513 2167 Quem
2554 2103 2890 2176 exponunt
2949 2092 3330 2160 Summistae
3378 2088 3581 2159 verbo
3634 2090 3773 2156 Ex-

2221 2207 2747 2288 communicatio,
2837 2219 2901 2274 et
2957 2209 3394 2276 communiter
3467 2211 3774 2274 Doctores

2220 2320 2300 2387 de
2363 2322 2712 2401 Censuris;
2766 2342 2881 2410 per
2931 2325 3096 2390 utile
3150 2323 3541 2411 intelligitur
3577 2322 3760 2389 dam-

2223 2454 2380 2504 num
2457 2437 2741 2504 notabile
2798 2452 3168 2527 emergens,
3216 2451 3280 2506 et
3337 2440 3584 2507 utilitas
3633 2438 3769 2506 ani·

2227 2573 2353 2620 mae
2407 2554 2997 2635 excommunicati;
3062 2556 3195 2635 lem,
3242 2554 3491 2622 scilicet
3551 2556 3774 2621 matri-

2227 2670 2426 2736 monii
2479 2673 2867 2760 conjugem;
2933 2674 3210 2740 humilis
3276 2671 3774 2760 comprehendit

2224 2787 2578 2873 subjectos,
2661 2802 2731 2856 ut
2796 2799 2950 2857 sunt
3015 2788 3158 2870 filii,
3239 2790 3437 2871 servi,
3501 2788 3769 2868 familia,

2224 2901 2502 2983 subditi;
2539 2922 2644 2969 res
2684 2906 3019 2991 iynorata,
3076 2898 3309 2992 supple
3351 2903 3768 2992 ignorantia;

2229 3040 2507 3100 necesse,
2548 3021 2796 3089 scilicet
2833 3021 3232 3091 alterutrius.

2319 3134 2404 3223 (c)
2444 3137 2664 3204 Potest
2727 3160 2883 3227 erqo
2922 3150 3243 3226 quantum
3280 3137 3371 3206 ad
3417 3137 3778 3205 articulum
3944 3148 3997 3197 4.
4063 3216 4073 3223 ,

2230 3255 2448 3333 istum,
2486 3265 2610 3320 etc.
2647 3253 3304 3322 Resolutio·Doctoris
3339 3254 3579 3321 mediat
3611 3255 3779 3321 inter
3835 3221 4118 3338 Ξῖἓῖὲῖἶῗζο

2226 3369 2390 3436 duas
2431 3370 2574 3437 illas
2605 3370 2992 3438 sententias
3023 3374 3240 3440 Prima
3272 3371 3607 3441 conclusio
3638 3374 3780 3460 ejus
3839 3347 4136 3412 Augustin-

2226 3497 2325 3550 est
2384 3485 2450 3552 in
2506 3507 2662 3553 casu
2738 3489 3146 3556 necessitatis
3227 3510 3423 3576 posse
3488 3489 3783 3556 adultum

2229 3600 2518 3687 recipere
2595 3601 2997 3688 Baptismum
3064 3624 3101 3669 a
3145 3602 3446 3690 praeciSO,
3524 3603 3786 3690 quando

2228 3718 2395 3783 alius
2444 3717 2745 3784 minister
2820 3718 3046 3786 haberi
3118 3741 3245 3785 non
3300 3732 3540 3807 posset.
3609 3723 3790 3787 Hanc

2229 3834 2459 3919 probat
2512 3834 2898 3902 auctoritate
2968 3836 3320 3923 Augustini
3397 3836 3466 3903 in
3534 3836 3771 3919 littera,

2228 3950 2339 4036 qui
2388 3970 2696 4037 expresse
2743 3952 2929 4020 docet
2980 3953 3095 4020 lib.
3150 3957 3217 4022 6.
3264 3947 3348 4019 de
3415 3947 3783 4040 Baptismo,

2230 4086 2375 4152 cap.
2422 4070 2483 4131 5.
2554 4076 2614 4131 el
2672 4066 2786 4133 lib.
2847 4072 2910 4134 1.
2970 4089 3116 4155 cap.
3182 4069 3247 4135 2.
3313 4063 3503 4156 cujus
3583 4067 3786 4135 verba

2230 4192 2420 4249 sunt:
2495 4182 2572 4248 Si
2637 4203 2824 4270 quem
2901 4184 3079 4261 force
3128 4185 3417 4271 coeqerit
3483 4195 3786 4251 extrema

2232 4300 2605 4379 necessitas,
2692 4300 2806 4365 ubi
2899 4300 3317 4366 Catholicum
3405 4315 3528 4387 per
3599 4313 3791 4388 quem

2229 4414 2517 4500 accipiat
2555 4435 2690 4481 non
2719 4417 3078 4496 invenerit,
3126 4426 3190 4482 et
3226 4417 3304 4482 in
3333 4417 3586 4495 anima,
3621 4437 3792 4504 pace

2240 4534 2588 4599 Catholica
2635 4531 2986 4615 custodita,
3055 4551 3179 4622 per
3247 4534 3542 4621 aliquem
3597 4543 3794 4601 extra

2236 4651 2562 4715 unitatem
2599 4650 3014 4717 Catholicam
3078 4652 3368 4738 positum
3433 4649 3783 4736 acceperit,

2238 4767 2412 4854 quod
2474 4778 2621 4834 erat
2686 4771 2762 4835 in
2799 4771 2948 4856 ipsa
2983 4768 3335 4835 Catholica
3384 4767 3641 4836 unitate
3681 4785 3796 4835 ac-
3864 4815 3867 4823 ,

2236 4896 2580 4972 capturum
2610 4888 2671 4953 si
2705 4888 2934 4954 statim
2974 4887 3179 4952 etiam
3226 4884 3309 4952 de
3350 4879 3653 4953 hacvila
3673 4885 3798 4951 mi-

2233 5002 2553 5087 qraverit,
2589 5022 2728 5069 non
2774 5022 2922 5069 eum
2952 5003 3093 5069 nisi
3134 4997 3564 5069 catholicum
3594 5000 3795 5087 depu-

2243 5125 2477 5196 tamus,
2551 5127 2682 5183 etc.
2765 5139 2902 5184 non
2963 5119 3179 5186 solum
3247 5140 3382 5186 ηοη
3461 5103 3800 5204 improba-

2242 5253 2383 5297 mus
2431 5234 2604 5319 quod
2654 5236 2839 5318 fecit,
2905 5235 3020 5300 secl
3081 5237 3284 5301 eciam
3359 5235 3793 5313 securissime,

2241 5350 2707 5437 verissimeque
2767 5352 3142 5433 laudamus,
3205 5353 3365 5438 quia
3407 5363 3802 5439 praesentem
3849 5443 3852 5444 γ

2242 5469 2451 5533 Deum
2507 5468 2798 5535 credidit
2857 5470 3048 5536 cordi
3102 5490 3242 5550 suc,
3309 5470 3421 5535 ubi
3477 5471 3804 5537 unitatem

2242 5585 2568 5664 servabat,
2607 5596 2668 5651 et
2698 5587 2848 5653 sine
2894 5587 3115 5654 sancti
3181 5588 3523 5673 Baptismi
3560 5589 3806 5654 Sacra-
