4287 6313
624 364 741 428 238

284 523 603 642 exrrtiffrebt-
637 552 782 598 sum
829 533 1051 613 Pauli,
1133 545 1250 600 ece.
1328 530 1898 624 gloriabantur
1969 531 2186 604 enim

301 655 586 768 &effigi
633 647 724 718 de
794 647 1197 721 ministris
1267 647 1887 740 baptizantibus,
1955 649 2188 740 quasi

633 762 750 833 eis
820 763 1425 836 adscriberetur
1519 764 2026 856 Baptismus;
2108 769 2189 839 et

639 879 1056 970 redarguit
1152 902 1316 963 eOS,
1400 885 1477 953 et
1560 882 1805 955 istam
1901 903 2187 954 eorum

638 996 1272 1080 contentionem,
1346 997 1618 1071 dicens
1685 1023 1697 1065 ε
1763 1003 2032 1067 Dive‘sus
2096 1012 2191 1067 est

641 1115 947 1180 Christus
973 1116 1004 1182 ἴ)

409 1231 462 1280 6-
729 1229 827 1301 Et
873 1233 1210 1320 propter
1257 1228 1432 1312 hoc,
1478 1234 1749 1304 ortum
1786 1229 1938 1302 fuit
1975 1229 2191 1301 inter

637 1363 774 1414 eos
864 1343 1218 1416 schisma
1321 1349 1398 1419 et
1479 1346 1940 1418 ordinatum
2035 1345 2189 1419 fuit

638 1456 853 1529 inter
911 1480 1074 1542 θος,
1151 1460 1245 1532 ad
1323 1461 1532 1534 istud
1604 1461 1960 1533 schisma
2038 1460 2189 1532 tol-

634 1574 979 1656 lendum,
1017 1597 1113 1648 ne
1177 1577 1552 1651 minister
1583 1577 2190 1671 exprimeretur

637 1692 714 1763 in
767 1692 1102 1783 propria
1150 1714 1523 1785 persona,
1586 1715 1729 1766 nec
1797 1701 2026 1767 actus
2107 1694 2187 1765 in

639 1806 1073 1879 indicativo
1112 1810 1370 1890 modo,
1411 1810 1541 1881 sed
1569 1811 1959 1901 optativo,
2001 1810 2189 1902 quia

639 1926 827 1996 tunc
868 1925 1244 1996 minister
1276 1946 1434 1996 non
1471 1925 1979 2016 significatur
2011 1947 2189 1999 esse

642 2044 932 2113 auctor
965 2041 1392 2133 Baptismi,
1432 2043 1561 2114 sed
1602 2046 1917 2117 tantum
1959 2043 2190 2115 mini-

638 2161 808 2228 ster
846 2159 1311 2232 desiderans
1373 2166 1451 2233 ct
1496 2182 1739 2232 orans
1802 2161 2184 2233 effectum

636 2275 1034 2367 Baptismi
1117 2274 1688 2348 conserendum
1760 2296 1806 2348 a
1863 2280 2055 2360 Dee,
2105 2282 2185 2350 et

641 2391 1049 2464 sufficiens
1083 2393 1334 2465 etiam
1384 2413 1544 2464 non
1577 2394 2191 2484 exprimeretur

642 2510 718 2580 in
755 2510 1100 2581 secunda
1170 2530 1543 2603 persona,
1603 2511 1733 2582 sed
1781 2511 1858 2583 in
1909 2510 2188 2598 tertia,

641 2626 873 2716 quasi
919 2646 1075 2697 non
1122 2626 1463 2718 praecise
1518 2627 1945 2719 reciperet,
1986 2629 2191 2719 quod

645 2740 932 2833 recipit
967 2741 1064 2812 ab
1121 2743 1392 2834 aliquo
1440 2763 1815 2816 sermone
1884 2742 2034 2814 sibi
2085 2743 2193 2815 di-

644 2859 982 2950 rigente.
1054 2861 1632 2933 Verumtamen
1707 2860 1995 2931 melius
2061 2880 2191 2952 po-

645 2973 938 3046 tuisset
1020 2973 1473 3066 suscipiens
1535 2973 1786 3047 fuisse
1873 2994 2194 3066 expres·

645 3112 805 3173 sus,
873 3111 1111 3183 quam
1171 3111 1310 3183 per
1352 3089 1553 3164 hoc:
1631 3115 1856 3160 servus
1912 3096 2187 3175 Christi,

645 3209 957 3281 scilicet
987 3208 1311 3281 nomine
1365 3208 1725 3300 proprio.
1773 3210 1952 3280 Non
1976 3210 2192 3281 enim

634 3328 804 3419 jam
851 3346 1134 3397 servus
1179 3324 1485 3400 Christi
1526 3324 2013 3416 baptizatur,
2061 3325 2196 3398 sed

643 3441 1112 3535 baptizatur
1176 3446 1264 3514 ut
1337 3440 1443 3514 sit
1518 3461 1800 3512 servus
1855 3440 2192 3523 Christi,

647 3560 1043 3651 loquendo
1124 3558 1215 3629 de
1313 3557 1650 3631 servitio
1750 3558 2187 3650 spirituali,

653 3697 807 3767 quo
835 3674 1351 3750 Christianus
1393 3680 1514 3747 est
1551 3698 1833 3748 servus
1860 3674 2193 3750 Christi.

294 3792 591 3908 Grgssfffin
738 3794 852 3864 De
902 3791 1049 3863 hac
1095 3788 1362 3863 forma
1425 3795 1691 3884 potest
1761 3792 1940 3875 dici,
1991 3793 2198 3884 quod

293 3916 618 4030 suffgtagnlim
653 3909 1025 4001 quamdiu
1076 3908 1429 3981 tolerata
1481 3907 1632 3981 fuit
1693 3909 1790 3981 ab
1835 3910 2199 3982 Ecclesia

438 4014 562 4093 ρι’
652 4029 1048 4107 Romana,
1134 4024 1362 4098 licita
1434 4026 1591 4098 fuit
1667 4025 1810 4107 eis,
1893 4031 1971 4100 et
2046 4047 2197 4120 pro

294 4108 430 4235 Ξῗιξεῖ
466 4103 624 4234 ῗᾷῗὲιιῗ
650 4147 1046 4234 tempore,
1130 4162 1278 4233 pro
1369 4162 1520 4233 quo
1585 4140 1964 4216 instituta
2013 4142 2194 4224 fuit,

659 4257 1173 4333 rationabilis
1270 4255 1418 4329 fuit
1508 4258 1848 4331 durante
1953 4278 2201 4331 causa

657 4375 1071 4468 praedicta;
1120 4374 1249 4446 sed
1319 4378 1687 4446 cessante
1729 4372 1871 4446 illa
1922 4393 2194 4457 causa,

658 4489 1266 4564 rationabiliter
1317 4490 1580 4581 potuit
1653 4488 1920 4562 forma
1987 4511 2202 4562 com-

657 4607 921 4678 munis
1025 4603 1274 4679 fuisse
1377 4605 1493 4677 eis
1580 4606 1991 4698 imposita.
2054 4605 2199 4677 Vel

650 4743 849 4815 ergo
913 4725 1280 4796 Romana
1331 4723 1699 4796 Ecclesia
1785 4722 2201 4817 prohibuit

653 4840 880 4912 illam
966 4841 1346 4923 formam,
1432 4846 1821 4933 quantum
1891 4841 1985 4913 ad
2029 4861 2196 4926 θος,

649 4962 729 5031 et
802 4963 990 5031 tunc
1061 4964 1397 5051 peccant
1476 4958 1870 5031 servando
1965 4958 2200 5050 (quod

652 5095 1037 5168 expresse
1089 5096 1248 5148 non
1307 5076 1719 5150 invenitur
1787 5075 1863 5148 in
1923 5076 2199 5168 aliquo

652 5192 1038 5284 capitulo,
1157 5192 1592 5286 specialem
1709 5192 2200 5265 mentionem

653 5305 999 5383 faciente
1066 5309 1157 5380 de
1224 5308 1395 5399 eis),
1471 5310 1593 5381 vel
1674 5308 1740 5380 si
1793 5308 2197 5401 permisit,

654 5425 822 5497 sive
854 5423 1284 5507 concessit,
1341 5425 1657 5499 licitum
1711 5425 2031 5499 videtur
2079 5425 2197 5497 eis

647 5542 875 5617 illam
937 5540 1290 5615 formam
1339 5542 1886 5617 continuare:
1963 5544 2062 5614 Et
2125 5544 2195 5616 si

1727 387 1732 392 ·
1776 368 1919 432 ΜΒ.
1970 368 2069 430 lV.
2117 368 2728 433 SENTENTIARUM

2300 531 2441 606 tali
2489 530 3029 625 permissione
3064 552 3203 603 seu
3235 530 3573 604 licentia
3625 528 3841 598 stan-

2301 653 2402 731 te,
2437 649 2510 719 in
2549 648 2931 723 Conciliis
2964 648 3130 721 suis
3176 644 3837 741 particularibus,
3889 654 4211 769 Sffiz·

2307 765 2887 838 ordinaverunt
2953 764 3166 838 inter
3216 783 3301 836 se
3360 762 3607 836 talem
3682 758 3840 831 for·
3949 785 4127 830 torum

2305 902 2518 953 mam
2542 903 2720 954 esse
2745 881 3251 961 servandam,
3287 879 3605 952 videtur
3641 898 3736 968 qu
3751 877 3844 948 od
3928 847 4145 977 ‘²:¹53‘

2306 998 2681 1072 minister
2740 1018 3027 1070 eorum
3087 999 3413 1070 tenetur
3453 1015 3625 1065 eam
3676 1013 3856 1064 ser--
3915 967 4170 1079 332¹?ssae

2301 1133 2521 1194 vare,
2580 1114 2789 1186 sicut
2850 1116 3116 1184 stante
3207 1111 3365 1184 ista
3436 1108 3845 1204 permissi·
3953 1092 4116 1154 Qui·

2307 1248 2453 1300 one
2506 1230 2889 1302 Ecclesiae
2952 1229 3366 1308 Romanae,
3451 1226 3653 1320 quod
3701 1224 3846 1296 ali-

2302 1344 2484 1416 cubi
2550 1345 2690 1418 fiat
2744 1345 2964 1419 trina
3025 1343 3472 1423 immersio,
3561 1340 3856 1414 alicubi

2304 1482 2484 1545 una,
2567 1463 2642 1533 in
2708 1462 2847 1535 illa
2902 1461 3291 1543 Ecclesia,
3357 1481 3531 1553 quae
3603 1460 3857 1532 deter-

2304 1579 2642 1651 minavit
2692 1580 2992 1654 trinam
3042 1578 3648 1650 immersionem
3685 1597 3850 1648 ser-

2304 1695 2672 1777 vandam,
2741 1694 2856 1766 sic
2917 1692 3368 1771 faciendum
3416 1696 3565 1774 est,
3614 1695 3693 1763 et
3731 1693 3855 1762 est

2302 1812 2391 1883 de
2494 1812 2980 1885 necessitate
3069 1810 3452 1892 ministri,
3555 1828 3852 1903 praece-

2304 1931 2529 2019 ptum
2571 1932 2651 2001 et
2712 1929 3035 2000 modum
3080 1927 3435 2020 propriae
3472 1922 3855 1998 Ecclesiae

2304 2064 2662 2117 servare.
2715 2046 2904 2118 Haec
2939 2045 3029 2116 de
3079 2045 3347 2116 forma
3396 2041 3859 2115 necessaria

2302 2182 2400 2232 ex
2469 2166 2699 2253 parte
2739 2160 3132 2233 ministri.

2766 2432 3406 2496 COMMENTARIUS.

2382 2651 2466 2733 (c)
2512 2658 2604 2715 De
2660 2654 2930 2715 secundo
2974 2653 3318 2714 videndum
3374 2662 3480 2723 est,
3545 2654 3667 2711 etc.
3714 2647 3849 2708 Pri·
3912 2647 4172 2773 obiissino

2303 2786 2486 2832 mum
2531 2768 2725 2831 docet
2766 2770 2834 2829 in
2876 2768 3163 2829 Ecclesia
3224 2765 3443 2827 Latina
3476 2765 3688 2826 teneri
3726 2769 3852 2824 mi-
3987 2772 4081 2843 ,gd
4140 2833 4152 2842 ο

2302 2889 2573 2950 nistrum
2609 2885 2694 2946 ad
2748 2882 3025 2946 formam
3082 2882 3562 2961 praescriptam,
3596 2884 3663 2941 et
3704 2896 3847 2940 ma·
3927 2840 4162 2947 ffissffiffi

2304 3004 2477 3064 xime
2524 3003 2577 3064 si
2609 3019 2686 3064 ex
2730 2999 2940 3062 officio
2972 2999 3291 3060 ministrat
3319 2999 3849 3069 Sacramentum,

2308 3122 2459 3201 quia
2505 3123 2766 3183 tenetur
2814 3118 2980 3179 scire
3012 3115 3190 3195 quod
3231 3121 3331 3177 est
3374 3114 3475 3177 sui
3527 3116 3847 3187 muneriS,

2308 3245 2374 3301 et
2420 3236 2809 3301 conformari
2850 3238 3004 3298 ritui
3032 3251 3164 3297 suae
3192 3235 3515 3306 Ecclesiae,
3562 3236 3852 3295 maxime

2308 3355 2628 3428 Romanae,
2693 3367 2836 3430 quae
2876 3350 3053 3411 illam
3114 3347 3391 3412 formam
3460 3348 3849 3426 praescribit,

2311 3477 2375 3532 et
2416 3486 2638 3532 veram
2695 3463 3060 3532 doctrinam
3106 3466 3190 3527 de
3237 3464 3670 3527 sacramentis
3731 3469 3853 3525 tra·

2311 3588 2422 3662 dit,
2455 3603 2596 3664 cap.
2631 3585 2726 3646 Ad
2752 3585 3163 3654 abolendam,
3203 3585 3282 3644 de
3316 3582 3648 3642 haereticis.
3695 3580 3853 3642 Prae-
3958 3605 4137 3655 Forma

2310 3704 2504 3765 scribi
2534 3706 2752 3762 autern
2784 3697 3111 3778 praefatam
3145 3695 3422 3760 formam
3453 3699 3518 3759 in
3564 3697 3856 3759 Ecclesia
3920 3666 4161 3781 {effi-effi

2311 3820 2622 3891 Romana,
2694 3819 2882 3895 patet
2937 3832 3016 3876 ex
3063 3814 3342 3891 capitulo
3403 3813 3716 3890 allegato,
3793 3818 3859 3873 et

2311 3933 2451 3994 aliis
2494 3931 2926 4010 sequentibus
2972 3937 3164 3991 extra
3209 3932 3305 3991 tit.
3366 3932 3442 3991 de
3502 3929 3851 4004 BaptismO,

2314 4043 2379 4099 et
2402 4055 2483 4099 ex
2510 4037 2871 4112 ritualibuS‚
2900 4041 2966 4098 et
2989 4035 3317 4096 conimuni
3340 4033 3851 4113 Theologorum.

2390 4152 2483 4233 (d)
2554 4158 2906 4229 Siquaeras
2934 4154 3012 4212 de
3035 4152 3260 4227 forma
3310 4150 3673 4211 necessaria
3727 4150 3851 4208 mi·
4005 4221 4065 4270 ¹2

2310 4270 2509 4330 nistre
2594 4270 2774 4345 apud
2860 4272 3128 4340 Graecos,
3202 4274 3327 4330 etc.
3376 4268 3544 4328 Dicit
3590 4267 3856 4327 Graecos
3947 4284 4157 4397 §.usz-

3892 4361 3945 4396 sc
4004 4362 4215 4407 emam,

2266 4399 2446 4444 2non
2519 4384 2608 4445 uti
2676 4384 2908 4456 forma,
2975 4401 3105 4462 qua
3161 4385 3361 4445 Latini
3417 4388 3728 4457 utuntur3
3793 4387 3858 4442 et
4026 4415 4080 4458 ot

2315 4515 2579 4560 causam
2608 4500 2949 4580 subjungit
2980 4517 3062 4562 ex
3104 4500 3450 4562 schismate
3501 4505 3642 4561 orto
3685 4499 3860 4558 inter
3884 4472 4221 4598 pmf‘gffiffiris

2314 4618 2675 4680 Corinthios
2730 4621 2783 4681 1.
2842 4619 2930 4680 ad
2986 4620 3269 4679 Corinth.
3326 4620 3380 4678 l.
3423 4619 3489 4676 in
3522 4633 3650 4694 quo
3708 4615 3854 4694 glo·
3885 4599 4217 4710 Gffaeffigff·

2313 4735 2647 4796 riabantur
2677 4734 2760 4796 de
2808 4733 3117 4796 ministris
3148 4733 3624 4810 baptizantibus
3660 4750 3673 4790 :
3726 4736 3857 4807 qu
3884 4721 4212 4834 Rscgffix·

2312 4868 2457 4914 sum
2527 4852 2743 4925 Pauli,
2793 4857 2914 4914 etc.
2987 4852 3146 4913 Hinc
3195 4849 3569 4912 ordinatum
3614 4850 3714 4910 est
3773 4862 3856 4907 nc
3928 4822 4212 4971 2233}ss-

2312 4969 2608 5032 minister
2686 4984 2879 5030 suum
2963 4983 3206 5029 nomen
3294 4967 3695 5044 exprimeret
3791 4964 3858 5024 in
3921 4970 4188 5021 dubitant.

2311 5083 2543 5159 forma.
2608 5083 2788 5145 Idem
2845 5085 3041 5146 docet
3091 5085 3166 5145 D.
3223 5084 3504 5147 Thomas
3551 5083 3611 5145 3.
3680 5084 3857 5158 part.

2316 5206 2531 5280 quaest.
2586 5200 2690 5262 66.
2724 5206 2851 5261 art.
2905 5200 2967 5262 6.
3000 5201 3077 5264 D,
3123 5202 3582 5263 Bonaventura
3631 5201 3757 5259 art.
3792 5197 3857 5256 2.

2313 5324 2528 5396 quaest.
2575 5318 2634 5379 3.
2670 5319 2759 5378 ad
2795 5318 2856 5378 9.
2888 5316 3245 5378 Richardus
3285 5321 3410 5377 art.
3444 5317 3505 5376 2.
3540 5318 3755 5392 quaest.
3792 5315 3854 5373 3.

2311 5436 2571 5500 Gabriel
2600 5441 2725 5497 art.
2758 5437 2816 5495 2.
2852 5450 2984 5495 con.
3022 5436 3081 5495 Q.
3130 5450 3295 5512 quos
3334 5436 3701 5511 sequuntur
3738 5447 3858 5508 po-

2308 5556 2639 5615 steriores».
2678 5554 2974 5631 vasquez
2996 5558 3217 5614 autem
3246 5549 3313 5612 id
3342 5559 3606 5612 revocat
3628 5548 3695 5609 in
3728 5547 3848 5610 du·
