4287 6313
581 371 700 437 234

586 532 814 602 ficatus
842 556 923 602 ex
956 533 1121 617 fide3
1167 536 1291 604 fuit
1330 535 1524 603 etiam
1572 536 2005 604 sacerdotium
2066 546 2130 604 et

586 652 773 738 plura
859 652 1205 734 sacrificia,
1297 674 1444 741 quae
1511 654 1896 742 placuerunt
1969 659 2122 733 De0,

581 789 741 857 ergo
775 780 838 836 et
867 769 1227 837 remedium
1261 769 1521 859 aliquod
1553 769 1808 837 delendi
1840 771 2130 858 origina-

580 884 661 951 le.
727 887 904 951 Patet
952 884 1121 951 idem
1173 906 1250 952 ex
1294 885 1520 952 ordine
1586 885 1837 953 divinae
1873 886 2126 976 praede·

580 999 979 1081 stinationiS,
1018 1023 1146 1089 quo
1186 1013 1470 1069 statutus
1500 1014 1599 1068 est
1634 1002 1929 1069 Christus
2004 1008 2127 1070 Re·

575 1119 874 1206 demptor
904 1119 1165 1206 generis
1199 1119 1495 1200 humani,
1532 1141 1611 1187 ex
1645 1122 1833 1209 cujus
1877 1120 2126 1188 meritis

578 1234 881 1323 praevisis
924 1240 1092 1303 Deus
1139 1257 1399 1324 semper
1449 1258 1566 1324 pro
1615 1237 1791 1303 omni
1836 1248 2128 1323 tempore

581 1365 643 1420 et
672 1364 841 1420 statu
875 1353 1420 1441 peregrinationis
1451 1354 1781 1435 Ecclesiae,
1810 1366 1872 1420 et
1896 1354 2126 1421 electo-

580 1489 726 1535 rum
760 1469 1032 1536 contulit
1093 1469 1401 1536 beneficia
1474 1470 1704 1537 salutis
1764 1470 2125 1537 invocanti-

584 1585 707 1652 bus
741 1607 834 1654 se.
872 1589 1003 1652 Hoc
1043 1585 1236 1652 etiam
1271 1598 1657 1674 supponunt
1697 1591 1940 1655 Patres,

261 1727 344 1779 An
368 1669 532 1781 {derit
672 1700 949 1768 Dubium
1001 1714 1216 1769 autem
1260 1715 1382 1783 est,
1429 1725 1508 1770 an
1560 1704 1687 1770 tale
1762 1704 2122 1772 remedium

238 1794 776 1905 ”fflgeffasuerit
842 1838 1098 1897 verum,
1144 1831 1208 1885 et
1273 1820 1534 1907 proprie
1603 1819 1845 1886 dictum
1900 1824 2122 1888 Sacra-

262 1922 526 2031 Dffflha-
582 1930 933 1997 mentum?
998 1935 1252 2018 Negant
1307 1936 1380 1998 D.
1483 1936 1939 2001 Bonaventura
2015 1936 2123 2001 hic

319 2049 487 2156 {323⁸
584 2057 714 2114 art.
757 2052 815 2114 1.
856 2060 1081 2134 quoest.
1133 2052 1191 2115 1.
1230 2051 1383 2115 Soto
1413 2050 1571 2116 dist.
1636 2053 1699 2117 Q,
1780 2061 2004 2137 quoest.
2056 2056 2116 2118 1.

242 2165 543 2222 Durandus.
585 2163 925 2229 Durandus
992 2175 1216 2249 qnoest.
1292 2167 1357 2232 8.
1413 2165 1564 2252 quia
1631 2168 2120 2233 Sacramentum

582 2283 773 2350 debet
795 2303 938 2349 esse
980 2281 1244 2370 aliquod
1278 2283 1541 2370 signum
1584 2283 2115 2366 determinatum,

580 2400 771 2488 quale
803 2420 928 2465 non
998 2400 1122 2467 fuit
1160 2400 1520 2467 remedium
1588 2401 1752 2488 legis
1839 2413 2112 2482 naturae,

576 2518 681 2584 vel
733 2527 800 2581 ut
843 2515 1041 2607 aliqui
1109 2517 1364 2598 volunt,
1418 2539 1498 2583 ex
1550 2516 1677 2584 fide
1746 2529 2113 2605 parentum,

577 2628 949 2698 salvabatur
981 2632 1218 2700 infans,

280 2763 520 2838 Doctoqis
667 2749 899 2814 Doctor
930 2761 1143 2815 autem
1179 2747 1366 2815 docet
1409 2748 1567 2815 illud
1622 2750 1826 2818 fuisse
1893 2772 2119 2818 neces-

254 2834 517 2941 Σῗέξῗᾷᾞῗ.
580 2864 750 2930 sario
806 2885 885 2930 ex
927 2864 1339 2931 institutione
1368 2865 1592 2932 divina
1642 2867 1908 2954 signum
1977 2890 2115 2935 cer·

335 2969 420 3005 ν’·
576 2994 711 3047 tum
789 2993 854 3047 et
966 2979 1223 3063 efficax,
1305 2982 1777 3071 qualecumque
1869 2985 2109 3067 fuerit,

573 3096 809 3166 deinde
854 3097 1011 3164 dicit
1039 3098 1213 3187 quod
1257 3098 1657 3188 probabilius
1725 3100 1920 3168 fuerit
1988 3103 2111 3170 ali-

575 3215 746 3303 quod
780 3216 1095 3283 sensibile
1132 3217 1396 3305 signum
1437 3237 1633 3306 quam
1674 3217 2108 3307 intelligibile,

574 3334 726 3422 quia
758 3334 844 3401 ita
876 3335 1087 3422 magis
1115 3335 1422 3423 congruit
1462 3335 1712 3402 homini
1781 3357 1897 3424 pro
1944 3349 2113 3405 statu

573 3452 724 3534 viae,
779 3463 843 3518 et
873 3451 1301 3540 responsione
1356 3452 1434 3518 ad
1496 3452 1778 3539 primum
1818 3454 2111 3541 Gregorii

574 3569 691 3636 lib.
735 3575 799 3637 4.
874 3570 1251 3636 Moralium.
1296 3571 1374 3636 Et
1413 3569 1689 3636 habetur
1746 3568 1826 3637 de
1891 3592 2113 3639 conse-

570 3687 856 3754 cratione
886 3686 1038 3753 dist.
1084 3691 1149 3754 4.
1185 3707 1326 3774 cap.
1369 3686 1559 3763 Quod
1596 3687 1798 3773 apud,
1844 3699 1967 3755 etc.
2017 3689 2113 3756 di-

571 3803 815 3871 centis:
858 3802 1046 3880 Quod
1087 3802 1239 3892 aqits
1265 3801 1448 3890 apud
1490 3823 1611 3869 nos
1638 3824 1812 3890 aqua
1843 3805 2112 3892 Baptis-

570 3920 686 3998 mi,
740 3919 861 3984 hoc
926 3918 1058 4005 eqit
1096 3916 1279 4003 apud
1317 3928 1565 3983 veteres
1610 3938 1737 4004 pro
1806 3920 2115 4003 parvulis

567 4037 712 4102 sola
739 4034 926 4118 sideS,
967 4035 1069 4101 vel
1095 4055 1221 4119 pro
1252 4032 1620 4120 majoribus
1660 4035 1873 4101 virtus
1901 4039 2113 4103 sacri-

567 4152 733 4236 ficii,
772 4161 894 4217 etc.
942 4150 1404 4235 interpretatur
1458 4148 1538 4215 de
1595 4161 1741 4216 actu
1802 4152 2108 4219 exteriori

566 4280 630 4336 et
685 4264 981 4335 sensibili
1057 4264 1233 4346 fidei,
1276 4263 1387 4352 qui
1463 4273 1647 4331 actus
1710 4265 2111 4334 sufficienter

568 4383 779 4472 potuit
834 4382 1074 4448 habere
1149 4380 1468 4448 rationem
1539 4383 1948 4450 Sacramenti
2028 4404 2110 4450 ex

567 4498 979 4567 institutione
1047 4496 1291 4565 divina.
1379 4501 1560 4575 Quod
1627 4510 1846 4566 autem
1938 4499 2110 4566 dicat

566 4616 701 4684 sola
733 4614 915 4697 fides,
954 4614 1342 4702 intelligitur
1381 4614 1707 4703 privative
1764 4618 1842 4684 ad
1907 4617 2100 4683 fidem

567 4742 987 4821 protestatam
1047 4732 1113 4800 in
1163 4732 1527 4814 sacrificiis,
1575 4754 1705 4801 non
1748 4744 1965 4802 autem
2027 4737 2104 4802 ad

564 4851 857 4918 eamdem
890 4850 957 4917 in
997 4860 1144 4918 actu
1191 4861 1464 4918 externo
1496 4864 1560 4917 et
1588 4852 1908 4923 sensibili.

215 5020 309 5080 Qu1
314 5019 346 5068 d
378 5018 535 5071 suerit
650 4968 1093 5055 Responsione
1124 4979 1340 5036 autem
1391 4965 1470 5033 ad
1514 4969 1871 5036 secundum
1922 4968 2100 5052 dicit,

234 5082 515 5198 renixgffilum
567 5085 692 5154 tale
721 5088 1212 5154 Sacramentum
1254 5087 1457 5153 fuisse
1487 5086 1847 5154 revelatum
1900 5088 2105 5155 Patri-

520 5183 535 5199 ’
562 5201 708 5282 bue,
744 5215 809 5269 et
839 5201 1129 5289 potuisse
1169 5220 1314 5267 esse
1369 5199 1626 5288 aliquod
1679 5200 2098 5282 sacrificium,

561 5321 732 5407 quod
764 5319 959 5387 simul
1000 5318 1195 5385 etiam
1228 5318 1350 5386 l'uit
1398 5319 1911 5402 Sacramentum,
1949 5324 2101 5412 quia

560 5438 891 5525 Scriptura
930 5435 1087 5502 dicit
1116 5436 1434 5505 sacrificia
1475 5436 1775 5525 quaedam
1805 5438 1980 5506 illius
2011 5440 2098 5507 le-

560 5554 663 5646 gis
693 5552 1019 5646 placuisse
1064 5556 1237 5636 Deo;
1272 5565 1336 5621 et
1362 5552 1839 5644 congruitatem
1879 5555 2099 5644 adjicit

1811 373 1951 436 LIB.
1986 375 2084 435 lv.
2116 373 2710 439 SENTENTIARUM

2245 556 2324 603 ex
2357 558 2433 604 eo
2457 538 2628 625 quod
2649 521 2961 603 *homines
3002 536 3174 603 illius
3197 536 3511 624 temporis
3544 535 3785 604 fuerint

2243 656 2428 741 proni
2470 655 2548 722 ad
2582 654 3035 734 idololatriam,
3099 675 3223 743 qua
3265 653 3516 723 ratione
3589 654 3785 722 etiam

2246 775 2468 839 Patres
2542 772 2776 837 docent
2835 770 2901 836 in
2960 770 3110 857 lege
3156 770 3360 837 veteri
3402 771 3777 839 institutum

2241 910 2389 957 esse
2426 888 2673 955 cultum
2717 889 2781 954 in
2842 885 3207 969 sacrificiis*
3250 887 3637 968 hostiarum,
3703 909 3784 955 ne

2243 1003 2522 1092 populus
2589 1001 2668 1070 ad
2725 1001 3155 1068 idololatriam
3224 1024 3469 1091 pronus
3545 1006 3782 1072 dilabe-

2240 1135 2421 1192 retur
2455 1147 2535 1193 ex
2593 1127 2957 1216 privatione
3007 1124 3470 1192 immolationis
3539 1123 3781 1190 hostia-

2244 1260 2415 1310 rum.

2331 1362 2480 1426 Haec
2507 1381 2665 1447 ergo
2706 1370 2802 1427 est
2844 1360 3152 1428 resolutio
3185 1359 3498 1439 Dor-toriS,
3532 1372 3781 1425 certum

2238 1497 2385 1547 esse
2414 1476 2635 1543 datum
2680 1477 2881 1545 fuisse
2913 1476 3274 1544 remedium
3316 1473 3655 1562 originalis
3713 1473 3780 1541 in

2239 1608 2407 1661 statu
2453 1594 2616 1682 legis
2644 1605 2919 1661 naturae.
2967 1592 3285 1672 Secundo,
3340 1603 3585 1658 certum
3629 1613 3777 1660 esse

2239 1710 2444 1777 fuisse
2481 1710 2607 1777 tale
2639 1710 3006 1777 institutum
3044 1730 3078 1774 a
3109 1713 3262 1789 Deo,
3307 1708 3466 1775 alias
3501 1729 3626 1774 non
3661 1710 3774 1775 ha-

2237 1826 2418 1891 beret
2456 1823 2834 1891 efficaciam.
2905 1826 3144 1902 Terti0,
3186 1823 3583 1910 probabilius
3633 1844 3775 1892 esse

2237 1939 2442 2007 fuisse
2480 1938 2741 2027 aliquod
2783 1939 3117 2018 sensibile,
3174 1939 3317 2005 sive
3359 1940 3555 2008 fuerit
3614 1940 3775 2008 fides

2235 2055 2520 2123 exterior
2561 2075 2706 2121 cum
2778 2054 3105 2120 oblatione
3153 2055 3436 2141 parvuli,
3505 2056 3609 2121 vel
3661 2056 3774 2123 ali·

2234 2176 2405 2264 quod
2472 2175 2864 2244 sacrificium
2934 2175 3105 2264 quod
3162 2176 3358 2243 simul
3409 2177 3605 2242 fuerit
3664 2179 3774 2242 Sa-

2232 2304 2665 2372 cramentum,
2740 2290 2838 2358 vel
2889 2291 3044 2378 quid
3104 2291 3277 2357 aliud
3318 2290 3624 2378 speciale,
3696 2291 3777 2359 de

2232 2430 2361 2497 quo
2402 2430 2482 2474 ex
2523 2408 2854 2494 Scriptura
2904 2408 3066 2473 nihil
3107 2419 3382 2475 constat.

2320 2525 2550 2592 Fuisse
2617 2524 2882 2612 signum
2961 2523 3225 2612 aliquod
3268 2524 3772 2591 determinatum
3928 2542 3976 2615 3:

2231 2642 2540 2708 sensibile
2606 2641 2815 2729 magis
2888 2640 3238 2708 concordat
3277 2641 3496 2707 verbis
3556 2646 3774 2728 Augu·
3857 2604 4060 2738 εὲἷζιῗζ

2230 2759 2384 2825 stini
2444 2759 2555 2825 lib.
2612 2764 2682 2824 5.
2744 2769 2968 2825 contra
3036 2757 3393 2838 Julianum,
3468 2778 3609 2843 cap.
3704 2763 3769 2825 9.
3838 2730 4095 2780 senszbne.

2231 2877 2362 2941 Nec
2407 2876 2556 2942 ideo
2618 2888 2838 2943 tamen
2898 2875 3305 2942 credendum
3371 2887 3482 2953 est,
3535 2875 3768 2962 inquit,

2226 3004 2286 3057 et
2324 3004 2480 3058 ante
2530 2992 2759 3058 datam
2820 2992 3409 3058 Circumcisionem
3477 2991 3806 3076 famulos&

2227 3111 2350 3174 Dei
2379 3108 2917 3196 quandocunque
2956 3111 3031 3176 in
3065 3111 3147 3175 iis
3178 3111 3399 3175 inerat
3440 3109 3767 3175 mediato·

2227 3228 2324 3292 ris
2351 3225 2517 3310 sides
2555 3227 2629 3293 in
2673 3247 2875 3293 carne
2929 3228 3213 3306 venturi,
3271 3227 3458 3292 nullo
3523 3228 3771 3293 Sacra-

2230 3356 2444 3409 mento
2476 3347 2616 3430 ejus
2644 3345 3003 3428 opitulatos
3032 3345 3243 3428 fnisse
3269 3345 3577 3430 paruuli-s·
3604 3345 3764 3421 suia,

2226 3462 2528 3544 quamvis
2565 3459 2729 3546 qnid
2768 3459 2943 3525 illud
2965 3469 3147 3538 esset,
3197 3460 3430 3546 aliqua
3472 3480 3772 3524 necessa-

2228 3576 2334 3640 ria
2374 3596 2574 3640 causa
2641 3576 2996 3661 Scriptura
3049 3575 3255 3640 latere
3287 3575 3595 3652 voluerit,
3644 3584 3768 3640 etc.

2228 3690 2454 3756 Simile
2501 3689 2696 3756 habet
2755 3689 2870 3756 lib.
2934 3694 2999 3758 Ξ.
3045 3692 3126 3758 de
3171 3689 3440 3776 Nuptiis
3490 3702 3551 3757 et
3617 3710 3771 3756 con-

2225 3809 2654 3894 cupiscentia,
2709 3828 2856 3893 cap.
2906 3810 3010 3872 12.

2315 3924 2408 3991 Ad
2478 3925 2921 4012 probationem
2975 3936 3191 3992 autem
3252 3925 3452 4012 hujus
3522 3925 3769 3993 faciunt
3814 3946 4100 4018 Confirma-

2225 4062 2323 4121 ea,
2387 4062 2535 4130 quae
2583 4040 2753 4108 dicta
2810 4051 2963 4108 sunt
3003 4042 3082 4108 de
3151 4039 3437 4108 efficacia
3475 4042 3765 4108 Circum·
3794 4085 3857 4121 ex
3904 4016 4120 4135 ἔξω.

2224 4156 2492 4223 cisionis
2540 4157 2606 4222 in
2658 4166 3024 4223 commento
3074 4156 3505 4244 praecedentis
3548 4178 3767 4246 quaes-
3874 4133 4037 4263 ξέῐξῗξ

2225 4273 2421 4340 tionis
2472 4275 2537 4339 in
2577 4273 2787 4355 initio,
2825 4275 2975 4363 quia
3024 4274 3268 4342 eaedem
3319 4275 3770 4363 congruentiae
3865 4260 4052 4311 ⁸u⁸²¹⁸·

2226 4390 2314 4456 ibi
2360 4390 2679 4471 adductae,
2724 4392 2854 4459 huc
2892 4391 3087 4457 etiam
3129 4402 3447 4476 spectant,
3495 4404 3565 4458 ut
3596 4391 3766 4480 quod
3927 4376 3936 4381 ”

2222 4507 2506 4574 Ecclesia
2555 4506 2621 4573 in
2683 4517 2854 4574 statu
2918 4517 3171 4574 naturae
3239 4506 3433 4574 fuerit
3480 4507 3767 4573 visibilis

2222 4633 2285 4687 et
2340 4642 2513 4701 una;
2586 4643 2744 4709 ergo
2806 4641 2933 4687 non
3001 4621 3213 4688 solum
3284 4620 3529 4688 unitate
3587 4621 3761 4702 fidei,

2222 4739 2335 4805 sed
2395 4739 2582 4819 ritus,
2629 4751 2693 4805 et
2757 4739 3040 4806 maxime
3087 4739 3284 4825 hujus
3336 4740 3762 4816 sacramenti,

2223 4853 2288 4919 in
2338 4875 2468 4943 quo
2516 4855 2800 4922 discerni
2860 4868 3080 4945 posset
3137 4856 3505 4923 membrum
3552 4876 3587 4921 a
3638 4875 3766 4920 non

2223 4972 2541 5052 membro,
2601 4983 2664 5037 et
2717 4972 3026 5039 Ecclesiae
3066 4985 3366 5040 constare
3407 4983 3629 5059 posset
3685 4970 3768 5036 de

2220 5089 2508 5156 remedio
2574 5101 2752 5157 certo
2815 5089 3107 5156 adhibito
3184 5088 3501 5176 parvulis.
3583 5087 3768 5155 Unde

2218 5208 2417 5274 verba
2477 5206 2584 5274 illa
2648 5207 2942 5294 Gregorii
3016 5208 3158 5273 sola
3209 5206 3397 5289 fideS,
3486 5204 3766 5291 intelligi

2218 5335 2491 5411 possunt
2537 5323 2617 5389 de
2677 5322 2802 5391 fide
2859 5323 3120 5411 alligata
3177 5323 3370 5411 signo
3425 5320 3762 5403 sensibile,

2215 5441 2384 5529 quod
2427 5439 2504 5508 ad
2546 5440 2669 5508 hoc
2717 5445 2884 5507 Deus
2926 5440 3236 5520 instituit,
3275 5441 3579 5529 quoniam
3615 5462 3762 5505 ver-

2214 5558 2295 5626 ba
2335 5556 2670 5646 sequentia
2734 5557 3042 5627 denotant
3102 5558 3299 5638 idem,
3355 5578 3591 5645 nempe
3621 5559 3758 5627 vir·
