4287 6313
584 419 706 485 306

584 606 791 651 cram.
832 591 1012 668 part.
1057 582 1121 645 6.
1174 599 1236 642 c.
1287 579 1352 641 2.
1399 570 1508 660 qui
1550 570 1693 636 sine
1737 563 2126 632 limitatione

585 701 968 786 loquuntur,
1020 708 1084 766 et
1130 687 1528 778 probabilem
1579 703 1724 750 esse
1782 679 1968 745 docet
2008 679 2120 741 Le·

587 821 810 887 desma
859 820 922 882 4.
973 818 1034 880 1.
1075 821 1253 898 part.
1315 815 1540 894 quaest.
1586 807 1620 869 7
1694 810 1824 875 art,
1881 799 1946 863 6.
1981 797 2090 861 Cae

585 952 799 1003 terum
875 950 1106 997 omnes
1189 922 1592 992 conveniunt
1653 918 1720 983 in
1785 936 1887 995 eo,
1957 909 2124 998 quod

293 1111 533 1163 probatio
588 1054 793 1119 forma
835 1042 1139 1114 fuerit'in
1180 1061 1330 1108 usu.
1395 1037 1709 1104 Probatur
1738 1042 1956 1098 autem
2005 1028 2130 1092 hoc

248 1190 548 1289 εξῖιῖῒθῐὲᾞὲε
593 1168 707 1235 εἰ·
742 1171 879 1233 Act.
955 1167 1020 1228 2.
1088 1158 1478 1245 baptizetur
1542 1149 1986 1235 unusquisque
2033 1162 2138 1207 ve.

522 1279 536 1294 ⁶
590 1279 919 1367 strum'jin
948 1277 1217 1342 nomine
1253 1267 1738 1357 Jesussc'hristi,
1797 1265 1871 1328 in
1905 1259 2137 1327 remis-

592 1400 845 1464 sionem
882 1402 1341 1481 peccatorum,·
1383 1399 1447 1452 et
1484 1405 1626 1470 cap.
1677 1386 1740 1446 8.
1788 1374 2137 1463 Baptizati

596 1524 852 1581 tantum
883 1520 1075 1576 erant
1104 1509 1177 1572 in
1205 1506 1474 1571 nomine
1504 1498 1777 1565 Domini
1806 1496 1980 1562 Iesu.
2008 1500 2133 1555 etc.

594 1645 658 1696 et
697 1649 840 1715 cap.
887 1624 1028 1714 19}
1061 1625 1176 1688 His
1204 1620 1457 1686 auditis
1495 1609 2008 1702 baptizatissunt
2064 1607 2139 1670 in

595 1746 868 1814 nomine
897 1740 1172 1807 Domini
1229 1739 1402 1801 Iesu.

367 1879 447 1929 48.
497 1941 509 1952 ·
689 1858 1103 1947 Respondent
1141 1851 1340 1938 aliqui
1383 1847 1619 1936 primO,
1667 1846 1788 1909 hoc
1829 1840 1996 1906 idem
2038 1858 2137 1902 es·

265 1941 567 2006 Responsm,
601 2001 672 2048 se
719 1979 786 2043 in
848 1975 1110 2039 nomine
1159 1965 1412 2035 Domini
1461 1967 1637 2039 Jesu,
1692 1957 1863 2046 quod
1916 1955 1981 2020 in
2031 1975 2139 2019 au·

600 2094 897 2162 ctoritate
942 2101 1006 2155 et
1047 2095 1366 2174 potestate
1402 2083 1552 2147 Jesu
1593 2072 1858 2151 Christi,
1915 2069 1979 2135 id
2009 2081 2134 2147 est,

603 2212 956 2299 BaptismO,
1029 2224 1223 2293 quem
1274 2197 1558 2268 instituit
1622 2193 1955 2267 Christus;
2012 2207 2140 2276 qua

604 2331 855 2398 ratione
913 2319 1211 2390 distinxit
1250 2323 1453 2385 Lucas
1499 2312 1589 2380 ibi
1643 2311 1767 2376 hoc
1834 2303 2138 2392 loquendi

606 2446 820 2524 modo,
893 2440 1294 2528 Baptismum
1370 2429 1633 2507 Christi,
1704 2447 1737 2493 a
1809 2421 2139 2509 Baptismo

603 2563 905 2638 Joannis3
954 2559 1039 2624 ita
1079 2559 1272 2622 Sotus
1338 2563 1403 2616 et
1440 2553 1684 2615 Canus,
1730 2545 1809 2608 Et
1851 2539 2136 2626 primum

604 2681 992 2752 confirmant
1049 2672 1227 2741 varis
1294 2643 1688 2735 testimoniis
1756 2659 2138 2744 Scripturas,

604 2799 802 2869 Marci
861 2796 1091 2862 ultimo
1128 2812 1141 2856 ε
1181 2789 1259 2854 In
1297 2784 1566 2851 nomine
1615 2799 1757 2844 meo
1802 2773 2140 2841 doemonia

309 2936 557 3001 Rejicitm·
610 2915 901 3005 ejicient,
979 2919 1103 2973 etc.
1184 2907 1436 2977 Contra,
1489 2898 1612 2962 hoc
1689 2890 1880 2958 modo
1946 2887 2140 2954 etiam

291 2999 519 3113 “siffiffii
524 3015 554 3049 ⁰
608 3032 734 3099 dici
769 3037 987 3117 posset
1035 3019 1204 3109 quod
1275 3013 1560 3082 Matthaei
1596 3010 1846 3086 ultimO,
1895 3004 2001 3071 ubi
2046 3012 2147 3067 est

287 3124 552 3191 ¹⁰q¹¹⁸¹¹d⁵·
608 3145 844 3216 similis
876 3144 1082 3210 forma
1111 3132 1441 3223 loquendi,
1479 3139 1540 3195 et
1574 3130 1794 3194 Patres
1825 3123 2146 3206 interpre-

608 3276 829 3332 tantur
859 3257 996 3326 dari
1038 3256 1312 3322 formam
1355 3241 1762 3332 baptizandi;
1817 3236 2145 3322 intellige-

271 591 491 641 Ambros
502 624 516 639 .

266 652 530 704 Nicolaus.

294 716 501 779 Magist.

314 782 487 841 Hug0.

259 843 531 895 Ledesma.

613 3394 789 3447 retur
828 3376 1023 3442 etiam
1071 3365 1421 3436 auctoritas
1462 3356 1829 3447 baptizandi
1889 3372 2169 3421 conces-.

610 3518 678 3564 sa
713 3489 1041 3582 Apostolis
1089 3506 1205 3571 per
1236 3477 1709 3547 institutionem
1743 3466 2147 3539 Sacramenti

607 3614 797 3701 cujus
841 3603 1275 3674 ministerium
1307 3596 1469 3685 ipsis
1509 3592 1811 3661 collatum
1862 3594 1980 3664 est,
2020 3603 2146 3648 non

612 3738 829 3797 autem
898 3723 1103 3789 forma
1163 3712 1636 3799 intelligeretur
1665 3700 2080 3794 jbaptizandi
2130 3721 2146 3775 ;

611 4087 800 4164 cepto
846 4065 1212 4156 baptizandi
1245 4064 1314 4128 in
1356 4059 1624 4126 nomine
1665 4052 1889 4120 Patris
1927 4053 1988 4115 et
2036 4049 2150 4113 Fi-

614 4197 695 4263 lii
726 4203 786 4259 et
849 4188 1150 4275 Spiritus
1187 4180 1422 4258 sancti,
1482 4176 1758 4241 formam
1807 4167 1971 4236 tradi
2034 4166 2151 4231 ba-

615 4305 923 4399 ptizandi,
985 4320 1180 4390 quam
1232 4317 1313 4363 ex
1385 4291 1573 4359 modo
1627 4283 1962 4374 loquendi,
2016 4300 2146 4367 quo

615 4446 773 4495 usus
803 4423 948 4510 ejus
978 4429 1042 4484 et
1099 4409 1484 4481 exercitium
1518 4405 1885 4472 declaratur
1944 4398 2154 4464 factus

614 4547 691 4612 in
719 4541 988 4609 nomine
1018 4531 1290 4600 Domini
1320 4530 1493 4605 Iesu,
1521 4519 1837 4591 declarari
1875 4519 2149 4583 formam

616 4662 683 4727 in
724 4677 851 4745 qua
889 4648 1179 4741 Apostoli
1225 4659 1289 4714 et
1335 4640 1641 4728 discipuli
1693 4635 2157 4703 ministrarunt

619 4773 1023 4862 Baptismum
1044 4821 1056 4833 .

381 4897 500 4948 Alia
704 4890 829 4957 Alii
882 4884 1277 4973 respondent
1320 4898 1403 4944 ex
1441 4886 1626 4942 textu
1668 4872 1894 4937 Graeco
1933 4861 2155 4950 colligi

276 4974 565 5088 ῗιιδιῖῗιῐξιὶῖἶ
615 5008 952 5076 diversum
997 5000 1260 5067 modum
1319 4988 1651 5079 loquendi,
1687 4984 1839 5073 quia
1868 4976 2157 5047 Matthaei

384 5092 493 5138 ω’
619 5127 848 5195 ultimo
878 5120 1154 5187 habetur
1185 5122 1266 5193 ἑίς
1299 5119 1505 5194 ὄνομα,
1545 5107 1607 5172 id
1629 5116 1754 5184 est,
1779 5104 1854 5167 in
1873 5118 2153 5177 nomen,-

621 5245 762 5309 Act.
808 5257 965 5304 vero
1011 5229 1297 5299 seeundo
1341 5224 1614 5292 habetur
1643 5229 1735 5288 ἐπι
1764 5223 1847 5304 τῷ
1890 5219 2153 5298 ὀνόματι,

622 5368 682 5434 id
725 5376 844 5445 est,
899 5363 966 5425 in
1019 5358 1287 5424 nomine
1341 5356 1599 5429 Contra,
1654 5348 1778 5413 hoc
1820 5340 1980 5409 nihil
2030 5349 2152 5417 est,

623 5497 692 5551 ut
751 5483 913 5548 bene
979 5472 1260 5542 advertit
1336 5468 1527 5535 etiam
1596 5467 1912 5551 Vasquez,
2002 5455 2157 5545 quia

1727 400 1874 468 1218.
1907 399 2007 465 tv,
2042 385 2641 462 SENTENTtAmJM

2246 560 2417 624 niam
2449 559 2590 622 Act.
2634 557 2698 620 8.
2734 564 2795 619 et
2828 556 2935 619 19.
2990 548 3271 616 habetur
3316 551 3401 623 ἐίς
3454 547 3663 624 evena,
3697 536 3784 604 si—

2247 689 2356 741 cut
2385 685 2447 740 et
2476 671 2762 737 Matthaei
2796 666 3061 741 ultimo:
3107 682 3318 749 neque
3362 656 3636 726 dubium
3680 663 3781 717 est

2244 780 2415 853 idem
2460 778 2587 845 dici
2646 790 2840 864 atque
2901 771 3179 858 intelligi
3231 770 3375 834 Aet.
3428 771 3495 832 ᾖ.
3548 773 3609 828 et
3670 763 3778 826 10.

2244 902 2355 968 ubi
2413 899 2807 987 exprimitur
2857 898 2933 963 in
2994 894 3287 970 nomine,
3342 902 3408 955 et
3459 890 3524 953 8.
3569 898 3635 951 et
3674 884 3781 948 19.

2245 1016 2354 1083 ubi
2389 1016 2626 1083 dicitur
2664 1016 2738 1079 in
2766 1031 3028 1090 nomen,
3077 1008 3353 1093 ideoque
3382 1001 3611 1070 eodem
3648 1019 3793 1064 mo-

2245 1133 2328 1199 do
2366 1131 2561 1198 vertit
2596 1129 2859 1196 Latinus
2892 1128 3215 1210 interpres
3250 1135 3626 1205 utrumque,
3663 1115 3788 1182 sic-

2250 1261 2322 1315 ut
2363 1260 2427 1314 et
2475 1244 2763 1312 Matthaei
2806 1243 3034 1310 ultimo
3073 1239 3232 1306 dicit
3272 1241 3347 1304 in
3392 1235 3682 1311 nomine,
3720 1244 3786 1297 et

2250 1384 2378 1431 non
2419 1365 2493 1429 in
2546 1383 2811 1441 nomen,
2875 1371 2939 1426 et
2990 1369 3062 1425 ut
3100 1357 3166 1423 in
3214 1353 3576 1444 praemissis
3626 1348 3794 1415 dixi-

2249 1502 2394 1549 mus
2427 1480 2699 1568 perinde
2747 1476 3153 1565 significant.

2338 1598 2520 1676 Quod
2553 1595 2841 1665 secundo
2871 1595 3011 1661 loco
3053 1591 3337 1668 additur,
3396 1608 3526 1654 non
3580 1582 3795 1652 subsi-
3871 1655 3883 1667 ⁶
3935 1590 4018 1643 ⁴9.
4075 1655 4088 1666 .

2250 1716 2388 1792 stit,
2446 1715 2598 1802 quia
2662 1711 2985 1799 Baptisma
3060 1707 3329 1775 Joannis
3410 1701 3699 1772 etficacia
3730 1714 3796 1765 et
3818 1654 4124 1789 1ζῖῆέιῖἓῖ

2250 1831 2457 1897 forma
2502 1829 3033 1916 distinguebatur
3068 1846 3103 1892 a
3137 1823 3467 1910 Baptismo
3505 1819 3779 1887 Christi.
3817 1780 4105 1846 superflua.

2248 1953 2555 2014 Actorum
2586 1956 2801 2012 autem
2832 1947 2898 2009 2.
2944 1943 3103 2009 satis
3160 1937 3527 2005 declaratur
3567 1937 3779 2023 Bapti-

2251 2084 2390 2130 sma
2420 2061 2658 2129 Christi
2689 2060 2843 2126 dare
2874 2056 3329 2125 remissionem
3362 2065 3774 2141 peccatorum

2251 2193 2316 2246 et
2351 2178 2663 2265 Spiritum
2702 2187 3025 2251 sanctum,
3071 2194 3152 2240 ex
3194 2171 3342 2238 aliis
3395 2170 3614 2236 verbis
3674 2168 3792 2234 ad-

2243 2297 2517 2384 junctis,
2574 2306 2644 2362 ut
2678 2305 2849 2380 patet
2898 2313 2981 2358 ex
3010 2290 3162 2368 illis,
3199 2291 3275 2354 in
3333 2288 3793 2354 remissionem

2249 2424 2663 2501 peccatorum
2727 2420 3093 2476 vestrorum
3153 2407 3496 2491 accipietis
3545 2404 3795 2470 donum

2255 2531 2553 2615 Spiritus
2616 2527 2852 2594 sancti.
2921 2529 3228 2591 Actorum
3297 2534 3515 2588 autem
3557 2532 3793 2586 octavo

2254 2653 2319 2708 et
2355 2641 2629 2715 decimo,
2685 2658 2813 2703 non
2857 2634 2979 2702 fuit
3020 2634 3376 2701 necessitas
3420 2629 3792 2718 explicandi

2255 2755 2683 2822 differentiam
2730 2757 2900 2819 inter
2949 2750 3358 2836 Baptismum
3425 2744 3667 2813 Christi
3728 2756 3793 2810 et

2255 2873 2544 2950 Joannis,
2612 2871 2762 2957 quia
2819 2887 3031 2954 neque
3099 2863 3510 2942 Samaritani,
3585 2880 3801 2946 neque

2256 2987 2540 3053 Gentiles
2579 2985 2842 3052 fuerunt
2901 2981 3203 3068 baptizati
3238 2979 3564 3067 baptismo
3603 2980 3833 3052 Joan·‚

2260 3105 2385 3180 niS,
2428 3102 2542 3169 sed
2584 3101 2704 3169 soli
2754 3100 2984 3178 Judaei,
3022 3099 3100 3163 ad
3169 3115 3333 3183 quos
3399 3095 3642 3161 missus
3694 3103 3796 3160 est

2258 3224 2562 3297 JoanneS,
2610 3220 2851 3283 Parate
2881 3217 3058 3280 viam
3093 3214 3389 3291 Domini,
3430 3227 3554 3277 etc.

2349 3333 2718 3419 Respondet
2771 3333 3064 3418 Vasquez
3133 3329 3241 3393 illa
3314 3327 3453 3394 loca
3512 3324 3792 3415 intelligi
3849 3336 4156 3402 Responsio.

2262 3451 2560 3517 invocato
2608 3448 2802 3514 etiam
2851 3447 3120 3511 nomine
3169 3444 3344 3523 lesu,
3398 3442 3497 3509 vel
3541 3442 3694 3530 quia
3733 3442 3800 3508 in
3853 3400 4124 3464 v⁸⁸qu⁸²‘

2261 3567 2469 3632 forma
2505 3563 2919 3651 apponebant
2961 3581 3088 3626 non
3129 3560 3343 3627 solum
3394 3579 3635 3626 nomen
3690 3561 3799 3625 Fi-

2262 3682 2356 3761 lii,
2419 3681 2534 3749 sed
2600 3679 2796 3746 simul
2845 3682 2996 3745 Jesu
3053 3676 3322 3753 Christi,
3374 3675 3806 3762 exprimendo

2262 3799 2456 3865 etiam
2506 3796 2703 3862 simul
2752 3795 3059 3861 distincte
3108 3793 3394 3879 reliquas
3445 3812 3797 3877 personas;

2261 3915 2364 3980 vel
2397 3912 2547 4000 quia
2598 3930 2872 3999 persona
2922 3913 3073 3975 Jesu
3125 3907 3364 3975 Christi
3397 3909 3799 3993 exprimere-

2264 4042 2369 4097 tur
2402 4049 2530 4095 non
2582 4028 2703 4095 sub
2751 4029 2872 4092 hoc
2905 4024 3195 4102 nomine,
3252 4022 3366 4089 sed
3400 4022 3615 4089 solum
3674 4024 3799 4091 sub

2264 4144 2530 4211 nomine
2587 4143 2756 4221 Filii,
2825 4162 2974 4227 quae
3041 4139 3267 4206 eadem
3332 4149 3430 4204 est
3497 4158 3800 4224 persona.

2267 4266 2499 4328 Contra
2531 4260 2839 4347 primum,
2885 4278 3012 4324 non
3044 4277 3337 4344 congrue
3377 4256 3795 4321 invocaretur
3861 4270 4144 4340 Impugna-

2262 4382 2450 4445 Jesus
2479 4377 2778 4444 Christus
2807 4376 2885 4442 ad
2909 4374 3210 4442 effectum
3246 4372 3584 4459 Baptismi,
3621 4372 3710 4439 ita
3742 4384 3812 4438 ut
3936 4341 4054 4387 ω’·

2266 4497 2331 4561 in
2368 4493 2630 4558 nomine
2711 4503 2775 4558 et
2826 4489 3241 4557 invocatione
3297 4488 3443 4574 ejus
3477 4489 3808 4554 diceretur

2268 4609 2575 4697 baptizari
2615 4608 2681 4673 in
2719 4605 3167 4673 remissionem
3242 4615 3683 4690 peccatorum,
3752 4603 3807 4668 si

2266 4727 2476 4794 solum
2552 4723 2942 4811 adjiceretur
2999 4720 3230 4786 formae
3310 4718 3658 4796 institutae,
3735 4718 3803 4783 in

2266 4843 2454 4930 cujus
2486 4839 2766 4907 efficacia
2801 4837 2990 4904 datur
3022 4834 3321 4902 remissio
3360 4844 3798 4920 peccatorum,

2270 4973 2332 5025 et
2387 4978 2514 5023 non
2569 4978 2646 5022 ex
2706 4953 2992 5030 efficacia
3059 4951 3378 5038 adjuncti,
3433 4970 3582 5038 quae
3624 4948 3803 5015 nulla

2270 5086 2368 5142 est
2421 5094 2503 5140 ex
2544 5071 2869 5139 sententia
2914 5069 3239 5157 opposita.
3531 5038 3533 5041 Ι

2358 5193 2509 5255 Haec
2574 5208 2730 5274 ergo
2796 5185 3040 5252 locutio
3107 5182 3420 5270 baptizari
3470 5183 3546 5248 in
3596 5183 3808 5249 nomi·
3960 5218 4048 5267 50.

2270 5327 2354 5372 ne
2392 5305 2664 5370 Domini
2701 5303 2956 5368 lesuin
3006 5302 3461 5367 remissionem
3505 5310 3810 5386 peceato·

2267 5464 2439 5522 rum,
2485 5452 2607 5507 etc.
2667 5438 2819 5504 facit
2885 5439 3064 5503 hunc
3127 5456 3396 5502 sensum
3450 5434 3569 5523 (ex
3630 5435 3803 5521 stylo

623 5594 1021 5697 aequivalent
1059 5592 1203 5658 haec
1230 5586 1426 5655 etiam
1460 5579 1634 5672 apud
1671 5581 1955 5658 Graecos,
2000 5592 2162 5661 quo·
2270 5570 2648 5657 Scripturas,
2702 5579 2767 5633 et
2800 5563 2988 5633 modo
3020 5561 3496 5653 interpretandi
3537 5565 3810 5632 Patrum
