4287 6313
536 390 651 453 614

553 552 921 620 membrum
961 554 1267 622 Ecclesiae
1306 554 1610 636 visibilis,
1675 567 1738 619 et
1778 573 2094 620 annume-

550 680 730 736 ratur
767 668 980 757 gregi,
1044 680 1106 736 et
1154 691 1269 756 per
1329 690 1523 756 quam
1565 669 1754 735 datur
1814 667 2090 754 intelligi

551 786 834 873 signatio
892 784 1242 852 invisibilis
1295 786 1573 862 interna,
1618 795 1681 849 et
1737 796 2087 864 causatur;

448 923 453 926 ’
551 901 694 968 sive
765 901 956 967 etiam
1037 899 1469 988 appellatione
1554 899 1765 985 ipsius
1827 900 2095 965 effectus

342 3022 423 3074 24.

245 3620 499 3685 Vasquez.

554 1017 792 1083 interni
847 1016 1217 1097 utebantur,
1297 1015 1568 1102 perinde
1620 1016 1699 1082 ad
1769 1017 2093 1082 intentum

552 1132 967 1201 confutandae
1008 1132 1285 1199 haeresis
1324 1144 1484 1213 erat,
1539 1132 1691 1219 quia
1733 1153 1944 1218 neque
1984 1134 2094 1197 Sa-

554 1261 958 1317 cramentum
1001 1249 1081 1314 ab
1139 1247 1372 1315 effectu
1415 1249 1823 1335 separabant,
1886 1269 2096 1336 neque

555 1389 591 1433 e
665 1376 912 1446 contra,
976 1364 1280 1432 effectum
1338 1385 1374 1431 a
1441 1367 1882 1445 SacramentO,
1946 1365 2095 1452 quia

555 1496 693 1549 tum
738 1481 914 1549 nulla
947 1481 1066 1547 fuit
1109 1482 1464 1548 necessitas
1503 1481 1810 1568 loquendi
1852 1482 1917 1546 in
1951 1503 2098 1547 sen-

560 1622 633 1667 su
671 1598 945 1687 praeciso
1002 1611 1065 1664 et
1115 1598 1451 1665 exclusivo
1500 1599 1695 1665 unius
1734 1599 1815 1664 ab
1854 1599 2095 1678 altero;

560 1716 699 1782 sive
758 1736 916 1802 ergo
959 1735 1110 1796 unc,
1156 1715 1299 1781 sive
1340 1714 1543 1780 altero
1584 1713 1774 1780 modo
1831 1715 2103 1801 loquan-

559 1843 684 1910 tur,
725 1831 1072 1898 intendunt
1128 1831 1493 1910 veritatem,
1539 1830 1620 1898 de
1667 1852 1793 1919 qua
1841 1832 2102 1917 agimus

557 1949 625 2014 in
672 1947 1026 2035 proposito.
1130 1946 1311 2013 Unde
1367 1947 1775 2034 Augustinus
1841 1945 1924 2012 de
1967 1948 2102 2011 Ba-

554 2066 819 2151 pcismo,
887 2064 1001 2129 lib.
1047 2065 1117 2130 6.
1190 2086 1245 2129 c.
1303 2069 1363 2129 1.
1411 2074 1636 2130 contra
1684 2061 2100 2128 Cresconium

567 2179 681 2246 lib.
756 2183 823 2245 1.
906 2200 1029 2266 cap
1094 2183 1202 2246 30.
1284 2193 1475 2248 tract.
1537 2186 1600 2249 6.
1675 2178 1741 2242 in
1791 2182 2102 2245 loannem

562 2297 751 2381 epist.
816 2299 923 2364 50.
1007 2309 1067 2363 et
1128 2301 1236 2364 23.
1307 2310 1533 2365 contra
1602 2299 2103 2366 parmenianum

563 2411 704 2477 loco
746 2411 968 2490 citato,
1015 2413 1126 2479 ubi
1172 2412 1506 2480 contendit
1560 2435 1689 2480 non
1729 2414 1941 2480 solum
1985 2418 2106 2480 Ba—

565 2527 876 2613 ptismum
936 2529 1222 2595 validum
1282 2549 1430 2596 esse
1503 2530 1673 2617 apud
1734 2532 2102 2610 haereticos

565 2643 677 2732 qui
763 2646 961 2711 ritum
1031 2646 1497 2733 Evangelicum
1549 2668 1678 2713 non
1735 2646 2101 2726 destruunt,

570 2780 780 2846 neque
819 2780 1010 2846 posse
1071 2759 1315 2841 iterari,
1377 2761 1490 2827 sed
1538 2761 1773 2829 asserit
1831 2762 2105 2849 baptiza-

569 2888 707 2942 tum
758 2876 1049 2965 recipere
1087 2879 1526 2945 characterem
1588 2879 2012 2947 dominicum.

659 2994 748 3058 Ex
806 2993 909 3059 his
952 3004 1123 3080 patet
1160 2993 1239 3059 ad
1279 3016 1353 3061 ea
1410 3017 1560 3083 quae
1636 2999 1867 3063 Doctor
1938 2999 2107 3085 obji—

565 3110 677 3190 cit,
727 3114 760 3196 g
818 3113 952 3179 Hoc
1025 3114 1226 3179 etiam
1293 3114 1751 3197 confirmatur,
1832 3127 1957 3181 etc.
2026 3135 2103 3181 ex

563 3228 944 3295 auctoritate
983 3228 1330 3315 Augustini
1392 3242 1455 3295 et
1484 3232 1773 3309 Patrum,
1820 3234 2107 3299 rationes

564 3345 759 3411 etiam
802 3344 1043 3411 ibidem
1074 3345 1371 3411 adductae
1421 3347 1499 3412 ab
1562 3348 1704 3432 ipso
1773 3348 1940 3415 infra
1980 3349 2098 3417 sol-

564 3471 832 3540 vuntur,
886 3460 1133 3547 reliqua
1190 3460 1384 3548 hujus
1442 3462 1827 3549 quaestionis
1910 3485 2106 3551 supra

563 3588 830 3644 tractata
873 3588 1050 3644 sunt.
1116 3579 1195 3643 Et
1235 3578 1498 3663 quidem
1530 3579 1788 3645 Gabriel
1815 3583 2107 3668 Vasquez

563 3696 812 3781 disput.
868 3700 1017 3762 134.
1080 3718 1226 3783 cap.
1274 3701 1335 3763 1.
1383 3699 1808 3782 responsione
1881 3698 1971 3764 ad
2034 3703 2099 3764 2.

560 3812 845 3899 ingenue
904 3812 1143 3878 fatetur
1199 3812 1639 3892 auctoritateS,
1684 3813 1926 3901 quibus
1985 3836 2103 3882 an-

559 3929 877 4017 tiquiores
908 3931 1099 4011 Scoto
1131 3928 1477 3995 utebantur
1526 3928 1603 3995 ad
1657 3930 2102 4018 probationem

561 4045 977 4124 characteris,
1042 4065 1187 4112 esse
1266 4045 1510 4112 nullius
1598 4047 1937 4129 momenti,
2035 4061 2106 4115 ut

560 4163 700 4244 ipse
773 4163 1023 4242 Scotus,
1104 4173 1166 4228 et
1240 4163 1370 4228 atii
1421 4165 1824 4249 posteriores
1881 4174 2107 4250 aperte

561 4277 931 4358 ostendant,
980 4277 1226 4364 inquit;
1264 4279 1387 4348 sed
1421 4278 1653 4345 melius
1683 4279 1855 4346 dicto
1888 4281 2103 4362 mod0,

563 4416 692 4483 quo
752 4395 892 4481 ipse
950 4397 1179 4463 Scotus
1218 4396 1445 4478 utitur,
1496 4417 1645 4463 cum
1715 4396 2107 4464 limitatione

561 4509 1067 4597 interpretandae
1108 4524 1260 4577 sunt
1300 4521 1538 4598 praeter
1576 4510 1750 4580 illam
1784 4512 2102 4599 Dionysii,

560 4646 797 4713 nempe
837 4644 968 4690 non
1029 4645 1175 4691 esse
1215 4624 1300 4690 ita
1347 4645 1696 4712 expressas
1736 4638 1810 4692 ut
1839 4628 2107 4693 convin-

558 4753 819 4820 cerent;
876 4740 1047 4806 sicut
1110 4761 1322 4826 neque
1378 4740 1509 4807 illae
1583 4742 1775 4808 etiam
1830 4743 2107 4809 auctori·

563 4869 755 4938 tateS,
817 4876 978 4943 quas
1018 4855 1280 4923 adducit
1331 4857 1467 4942 ipse
1505 4858 1821 4942 vasquez,
1883 4857 1945 4922 in
1989 4857 2111 4924 hoc

567 4984 722 5040 sunt
763 4993 1118 5059 expressae,
1180 4984 1496 5059 quantum
1549 4973 1627 5038 ad
1677 4973 2104 5060 propositum,

562 5105 630 5157 ut
659 5101 859 5174 patet,
886 5087 1250 5174 supplendo
1282 5090 1731 5155 auctoritatem
1782 5090 1993 5157 Basilii
2029 5110 2108 5156 ex

563 5207 784 5273 verbis
846 5205 1295 5293 sequentibuS,
1332 5204 1572 5292 quibus
1626 5219 1814 5272 vocat
1856 5207 2108 5292 Baptis—

567 5343 744 5390 mum
799 5324 1246 5387 characterem
1299 5320 1990 5407 indeprehensibilem,
2047 5337 2110 5389 et

563 5436 938 5525 Gregorius,
952 5456 1143 5523 quem
1168 5435 1543 5516 citat,vocat
1563 5438 1882 5524 siyillam,
1898 5450 1960 5503 et
1982 5441 2111 5503 Au·

566 5554 881 5641 gustinus
906 5553 1454 5632 characterem‚ut
1480 5571 1695 5639 supra·
1715 5553 2105 5623 notavimus.

1726 389 1870 454 [ΑΒ.
1920 391 2019 453 w.
2068 389 2665 457 SENTENTIARUM

2298 556 2534 620 Suarez
2578 555 2771 621 etiam
2806 555 3053 642 disput.
3102 560 3208 622 11.
3268 567 3422 622 sect.
3469 560 3532 621 1.
3570 566 3745 642 post·
3826 579 4044 631 Suarez.

2209 689 2405 756 quam
2462 670 2686 736 citavit
2736 674 2991 737 Patres:
3053 673 3380 747 Quoniam
3421 692 3596 751 vero,
3646 671 3748 736 in-

2209 783 2371 870 quit,
2417 786 2553 850 hoec
2581 787 2809 851 omnia
2848 788 3224 852 testimonia
3263 807 3396 852 non
3438 786 3751 851 videntur

2210 920 2461 985 coqere,
2525 900 2673 966 idco
2729 903 2961 968 Scotus
3017 901 3173 967 dist.
3248 904 3312 968 6.
3372 912 3598 987 quoest.
3684 904 3748 968 9.

2208 1014 2372 1079 dicit
2429 1015 2634 1098 facile
2688 1018 2935 1102 emponi
2985 1037 3177 1103 posse
3207 1019 3425 1103 ipsam
3504 1017 3751 1082 Sacra-

2212 1120 2503 1195 ment‘ttm
2586 1132 2938 1216 Baptismi,
3029 1132 3210 1196 verbi
3282 1133 3538 1218 qratia,
3615 1151 3748 1197 esse

2210 1245 2696 1327 characterem,·
2745 1257 2804 1311 et
2863 1246 3012 1312 ideo
3086 1248 3425 1313 concludit
3460 1248 3603 1313 sola
3638 1271 3753 1314 au-

2210 1362 2515 1426 ctoritate
2553 1362 2864 1427 Ecclesioe
2912 1382 3031 1427 nos
3101 1364 3246 1449 coyi
3328 1363 3421 1429 ad
3499 1384 3755 1450 ponen-

2215 1477 2373 1541 dam
2411 1477 2883 1543 characterem.
2952 1477 3086 1543 Sed
3160 1480 3461 1565 quamvis
3530 1501 3751 1545 verum

2211 1592 2299 1656 sit
2351 1593 2663 1658 Ecclesioe
2725 1596 3189 1660 auctor-itatem
3236 1595 3476 1661 habere
3517 1599 3758 1682 proeci-

2210 1728 2379 1792 puas
2420 1719 2647 1794 partes
2694 1710 2767 1775 in
2826 1711 2945 1775 hoc
3017 1712 3302 1797 neyotz‘0‚
3387 1722 3606 1778 tamen
3680 1734 3752 1778 ea

2213 1826 2556 1909 supposita
2631 1825 3073 1911 intelliyimaets
3128 1838 3408 1892 mentem
3486 1829 3759 1894 Sancto-

2216 1961 2366 2005 rum
2420 1942 2628 2026 faisse
2695 1943 2770 2007 in
2836 1943 3065 2008 eadem
3130 1944 3625 2029 siqnisicatione
3682 1945 3762 2010 de

2217 2057 2598 2122 charactere
2639 2057 2838 2142 loqui,
2886 2069 2946 2122 et
3000 2060 3146 2123 sine
3184 2058 3384 2124 dubio
3434 2060 3641 2125 multa
3679 2081 3764 2125 ea·

2217 2173 2415 2238 dictis
2464 2173 2858 2238 Sanctorum
2899 2176 3133 2240 melius
3177 2176 3503 2261 prcedicto
3567 2177 3760 2242 modo

2219 2290 2712 2376 intelliyuntar,
2758 2301 2883 2355 ete.
2919 2291 3167 2365 Quibus
3232 2291 3455 2376 verbis
3514 2292 3763 2381 optime

2221 2408 2438 2495 attigit
2469 2428 2736 2494 scopum
2772 2410 3088 2489 Doctoris,
3124 2422 3187 2476 et
3220 2423 3500 2478 mentem
3532 2434 3569 2479 a
3646 2433 3753 2479 no-

2224 2522 2324 2590 bis
2357 2524 2740 2610 expositam.

2308 2642 2754 2727 Responsione
2810 2642 2883 2708 ad
2936 2656 3396 2730 argumentum
3439 2645 3760 2733 principa·
3915 2682 3997 2732 25,

2221 2755 2281 2821 le
2337 2755 2544 2822 obiter
2609 2756 2790 2836 dicit,
2846 2758 3020 2845 quod
3087 2772 3297 2846 potest
3364 2760 3516 2841 dici,
3588 2762 3758 2849 quod

2220 2872 2642 2939 Circumcisio
2674 2875 3078 2961 impresserit
3106 2876 3572 2958 characterem,
3610 2878 3761 2965 quia

2222 2986 2344 3054 fuit
2374 2989 2577 3074 janua
2625 2990 2791 3078 legis
2847 2991 3168 3073 Mosaicae,
3232 2992 3375 3058 haec
3432 2992 3601 3077 apud
3641 3012 3760 3058 no-

2220 3122 2392 3178 stros
2460 3112 2769 3199 frequens
2834 3125 2957 3195 est,
3049 3134 3167 3180 nec
3220 3126 3320 3181 est
3358 3112 3761 3200 improbabi-

2219 3226 2328 3294 lis,
2371 3230 2718 3309 Caeterum,
2755 3240 2910 3315 puto
2941 3229 3309 3317 oppositum
3345 3230 3564 3297 verius
3595 3228 3756 3309 dici;

2223 3356 2360 3409 tum
2402 3344 2554 3432 quia
2594 3348 2816 3411 Patres
2855 3346 3060 3412 Graeci
3121 3366 3245 3411 non
3289 3346 3587 3413 tribuunt
3625 3346 3760 3412 Cir·
3788 3386 4125 3438 probabilius

2219 3461 2598 3528 cumcisioni
2641 3461 2830 3528 aliam
2872 3462 3392 3549 obsignationem
3424 3484 3618 3549 quam
3650 3485 3760 3531 ex·
3787 3457 3994 3564 circat

2218 3588 2469 3644 ternam
2519 3598 2712 3665 quam
2754 3578 3174 3664 recipiebant,
3225 3579 3437 3666 inquit
3482 3581 3761 3669 Chryso-
3880 3528 4103 3626 033¹&

2220 3704 2498 3775 stomus,
2546 3714 2723 3760 more
2762 3695 3084 3781 pecudum
3124 3695 3356 3775 ludaei,
3403 3708 3464 3762 et
3495 3718 3610 3782 per
3639 3697 3764 3763 hoc
3841 3655 4091 3754 hatfffisse

2219 3820 2559 3896 opponunt
2615 3832 2756 3876 eam
2817 3811 3170 3898 Baptismo,
3217 3813 3327 3899 qui
3397 3813 3504 3879 dat
3562 3814 3758 3902 inter·
3816 3769 4103 3906 ‘chi-23²⁶-

2221 3948 2393 3992 nam.
2470 3926 2709 3992 Deinde
2774 3948 2901 3992 non
2971 3927 3094 3993 fuit
3149 3948 3515 4015 congruum
3586 3931 3763 3998 hunc
3814 3900 4113 3947 mteraum.

2219 4041 2656 4107 characterem
2716 4040 2853 4107 dari
2896 4040 3404 4109 assimilativum
3472 4045 3757 4129 Christo,

2220 4156 2428 4223 donec
2485 4158 2622 4243 ipse
2692 4158 2991 4225 Christus
3061 4159 3471 4227 subsisteret.
3544 4161 3766 4228 Tertio

2222 4270 2526 4360 denique,
2581 4274 2732 4361 quia
2780 4274 3229 4357 CircumcisiO,
3275 4288 3348 4342 ut
3387 4277 3531 4362 ipse
3566 4279 3763 4346 susti-

2225 4401 2333 4456 net
2389 4390 2545 4456 dist.
2596 4395 2656 4455 1.
2719 4392 2917 4477 hujus
2966 4403 3191 4478 quoest.
3257 4396 3320 4461 6.
3394 4414 3525 4461 non
3574 4393 3765 4462 dabat

2223 4505 2647 4592 probabiliter
2700 4506 2979 4594 gratiam
3050 4508 3308 4589 adulto;
3375 4512 3551 4579 nulla
3610 4532 3767 4599 ergo

2224 4623 2345 4688 fuit
2408 4622 2761 4690 necessitas
2819 4624 3214 4693 characteris
3283 4626 3347 4690 in
3419 4628 3581 4714 ipsa,
3653 4629 3765 4716 qui

2222 4738 2594 4825 disponeret
2649 4740 2727 4806 ad
2782 4742 3086 4827 gratiam,
3134 4743 3286 4829 quia
3340 4764 3469 4810 non
3521 4757 3770 4832 poterat

2223 4855 2471 4942 suscipi
2515 4854 2699 4935 [icte;
2738 4857 2910 4943 quod
2952 4877 3108 4923 vero
3149 4856 3344 4924 fuerit
3375 4859 3765 4942 indelebilis,

2225 4972 2590 5040 sufficiebat
2639 4975 2922 5061 signatio
2971 4991 3241 5043 externa
3306 4999 3454 5044 cum
3516 4979 3626 5045 Dei
3665 5001 3767 5045 or-

2222 5090 2579 5157 dinatione.
2625 5094 2864 5167 Quarto
2911 5093 3269 5160 remedium
3314 5094 3480 5181 legis
3520 5108 3770 5164 naturae

2222 5207 2416 5273 etiam
2451 5228 2579 5273 non
2621 5208 2882 5276 videtur
2923 5210 3337 5298 impressisse
3376 5212 3570 5278 talem
3618 5214 3769 5280 cha·

2224 5337 2563 5391 racterem.

2312 5442 2401 5505 De
2439 5440 2560 5506 hac
2617 5461 2687 5508 re
2724 5441 2887 5507 nihil
2927 5453 3205 5524 constat,
3253 5444 3535 5511 tenendo
3595 5445 3764 5533 prio·

2224 5578 2386 5638 rem,
2429 5559 2804 5645 responderi
2856 5572 3069 5646 potest
3107 5560 3184 5627 ad
3226 5562 3387 5630 illud
3425 5585 3508 5631 ex
3556 5566 3764 5633 Patei-
