4287 6313
1693 350 1889 410 DlST.
1939 348 2067 410 Vll.
2101 347 2463 423 QUAESTIO
2513 350 2554 408 Ι.

292 534 369 584 23.
605 513 786 588 ltem‘,
832 511 1195 597 Cyprianus
1257 510 1318 576 id
1383 510 1722 576 manifeste
1771 507 1958 575 docet
1991 507 2056 572 in

514 647 815 692 sermone
859 626 939 692 de
980 628 1284 693 unctione
1349 627 1775 693 Chrismatis:
1852 625 2060 689 Hodie

509 743 581 808 in
619 744 921 809 Ecclesia
980 767 1128 810 cum
1195 747 1452 811 coeteris
1506 743 1930 811 unctionibus
1969 740 2060 805 ad

503 861 847 945 populum
875 863 1338 947 acquisitionis
1375 860 1931 945 sanctificandum
1986 860 2059 923 in

505 978 1092 1062 participationem
1181 978 1559 1065 diqnitatis,
1644 988 1704 1042 et
1766 976 2060 1041 nominis

509 1114 771 1158 sacrum
808 1095 1119 1159 Chrisma
1160 1096 1534 1176 conficitur,
1589 1095 1663 1158 in
1721 1114 1845 1178 quo
1887 1092 2058 1156 ntia:-

514 1218 648 1273 tum
669 1210 810 1275 oleo
839 1210 1203 1275 balsamum
1238 1212 1476 1297 Reqice,
1515 1222 1573 1275 et
1606 1208 2058 1274 Sacerdotalis

511 1324 770 1410 qlorice,
816 1326 1140 1411 exprimit
1192 1328 1519 1392 unitatem
1550 1325 1781 1411 quibus
1826 1324 2059 1410 diyni-

517 1440 759 1505 tatibus
800 1442 1161 1506 initiandis
1199 1442 1530 1508 divinitus
1569 1452 1660 1506 cst
1692 1441 1917 1505 unctio
1958 1439 2057 1503 in·

516 1556 771 1635 stituta,
836 1569 959 1625 etc.
1023 1561 1180 1633 Quae
1219 1558 1417 1623 verba
1476 1556 1787 1622 denotant
1836 1554 2061 1621 divina

517 1672 926 1739 institutione
957 1674 1036 1739 ad
1070 1675 1408 1741 materiam
1454 1674 1781 1741 unctionis
1816 1669 2060 1759 requiri

517 1788 904 1855 balsamum.
960 1794 1038 1855 Et
1091 1790 1298 1857 infra:
1357 1791 1586 1868 Hodie,
1626 1804 1693 1855 ut
1731 1790 2055 1864 diotimus,

516 1919 922 1994 unquentum
971 1908 1061 1974 ad
1102 1911 1703 1992 sanctificationem
1746 1918 2055 1995 paratur,

519 2026 706 2109 cujus
734 2025 1126 2111 frayrantia
1149 2025 1676 2103 adolescentulce,
1705 2037 1765 2090 et
1787 2026 2063 2090 novellce

519 2141 764 2206 animce
793 2142 1173 2208 accedentes
1203 2143 1293 2208 ad
1353 2144 1551 2227 (idem
1606 2145 1843 2210 illectce
1886 2143 2059 2209 stete·

160 2298 478 2353 Unctionem
524 2268 811 2338 ocantur,
848 2272 971 2326 etc.
1017 2271 1077 2325 et
1115 2272 1480 2347 sequuntur
1510 2273 1886 2327 aromatum
1919 2263 2061 2326 lar-

188 2359 483 2476 clggitssffiffiis
523 2376 824 2458 (litorem.
864 2379 940 2441 Et
973 2376 1178 2442 infra:
1220 2379 1349 2443 Hoc
1378 2379 1519 2443 oleo
1550 2381 1920 2465 antiquitus
1944 2379 2061 2443 Sa·

186 2487 482 2615 ξξξὲέὲῇἒ
520 2489 811 2554 cerdotes
847 2490 1304 2570 sacrabantur,
1355 2502 1415 2556 et
1444 2504 1649 2578 reyes,
1688 2503 1813 2558 etc.
1859 2496 1937 2558 Et
1968 2491 2063 2557 in-

396 2590 424 2615 ⁰
517 2603 611 2670 fra
635 2604 820 2671 dicit:
861 2607 1246 2692 Antiquatis
1277 2607 1580 2673 Mosaicce
1612 2609 1774 2695 leqis
1806 2611 2062 2674 cceteris

512 2719 752 2784 ritibus
780 2722 980 2806 liujus
1029 2724 1369 2788 unctionis
1419 2725 1813 2809 mysterium
1851 2726 2062 2810 fuisse

513 2845 861 2902 retentum.
904 2839 1201 2919 Cceteris,
1244 2840 1483 2927 inquit,
1539 2843 1844 2927 qenerali
1886 2844 2058 2907 San·

510 2963 761 3019 ctorum
790 2975 1108 3022 consensu
1139 2955 1480 3022 damnatis
1540 2978 1675 3023 non
1734 2958 1948 3023 solum
1988 2960 2060 3023 in

508 3070 770 3154 reqibus
833 3083 892 3136 et
930 3072 1394 3138 Sacerdotibus
1451 3076 1786 3139 unctionis
1850 3075 2063 3139 honor

506 3188 901 3270 permansit,
939 3189 1152 3254 sedin
1182 3210 1437 3256 omnem
1464 3193 1785 3276 populum
1820 3193 2058 3257 Gatlio-

514 3305 718 3369 licum
787 3308 1003 3390 effusa
1069 3318 1160 3372 est
1203 3310 1403 3395 liujus
1458 3310 1699 3394 yrcctioe
1758 3310 2057 3394 plenitu-

513 3419 623 3499 do,
668 3433 792 3487 etc.

604 3537 780 3603 Idem
827 3539 1334 3623 expressissime
1387 3540 1574 3607 docet
1623 3541 1944 3608 Fabianus
1986 3543 2061 3607 in

513 3655 700 3738 epist.
740 3659 801 3721 2.
839 3656 1181 3734 decretali,
1219 3679 1365 3742 cap.
1398 3662 1455 3722 1.
1501 3658 1854 3730 causabam
1884 3659 2055 3724 enim

511 3770 811 3858 Episcopi
846 3793 973 3838 non
997 3794 1192 3859 posse
1222 3773 1505 3860 singulis
1537 3776 1727 3841 annis
1759 3775 2058 3842 Chrisma

512 3890 809 3955 renovari
852 3891 933 3956 ob
983 3891 1309 3958 defectum
1356 3893 1623 3959 balsami
1675 3894 1741 3959 in
1787 3895 1926 3960 suis
1959 3916 2057 3961 ren

508 4005 839 4092 gionibuS‚
914 4027 991 4071 ex
1042 4028 1171 4093 quo
1232 4009 1666 4075 conficeretur
1724 4010 2047 4090 Chrisma,

512 4122 618 4188 ubi
680 4122 1084 4200 respondens
1140 4145 1430 4191 errorem
1483 4127 1809 4212 reprobat,
1867 4148 2051 4194 asse-

203 4279 435 4332 chrisma
516 4259 663 4304 rens
702 4239 767 4303 in
819 4238 1047 4304 ultima
1097 4242 1294 4305 Coena
1361 4241 1692 4307 Christum
1751 4240 2057 4307 docuisse

189 4343 461 4454 efflffign·
514 4354 854 4440 Apostolos
893 4354 1179 4422 chrisma
1229 4355 1552 4423 conficere
1590 4356 1799 4444 (sicut
1836 4378 1871 4423 a
1914 4378 2055 4423 san·

214 4467 446 4580 Cffiffffis
509 4469 631 4537 ctis
680 4471 1034 4557 Apostolis‚
1082 4472 1320 4559 inquit,
1390 4471 1908 4557 praedecessores
1942 4495 2055 4540 no-

187 4592 244 4642 in
235 4593 457 4706 (ssfflma
512 4588 625 4653 stri
703 4599 1112 4674 acceperunt,
1204 4590 1525 4677 nobisque
1568 4590 2050 4681 reliquerunt),

188 4693 414 4789 Singulis
511 4699 825 4789 docetque
856 4724 970 4790 per
1001 4702 1303 4790 singulos
1334 4726 1542 4773 annos
1574 4705 2051 4786 renovandum,

163 4794 482 4894 mimz-{po
508 4826 566 4879 et
612 4828 799 4882 vetus
837 4818 1352 4886 comburendum
1385 4842 1466 4886 ex
1508 4819 1854 4887 traditione
1885 4825 2054 4907 Apo-

507 4930 759 5012 stolica,
833 4952 1027 5018 quam
1094 4937 1405 5014 Romana,
1481 4935 1910 5017 Antiochena,
1955 4940 2051 5001 Je-

505 5048 975 5133 rosolymitana
1033 5062 1097 5116 et
1138 5051 1511 5137 Ephesina,·
1542 5052 1609 5122 in
1659 5053 1904 5140 quibus
1955 5073 2054 5119 se-

508 5162 745 5230 derunt
785 5166 1079 5253 Apostoli
1121 5188 1404 5253 semper,
1440 5180 1504 5233 et
1540 5169 1620 5234 ab
1680 5169 1869 5236 initio
1898 5191 2057 5236 con-

507 5295 874 5362 servarunt,
975 5294 1100 5351 etc.
1194 5284 1492 5350 Pontifex
1572 5287 2051 5353 confectionem

506 5398 883 5464 chrismatis
935 5411 998 5466 et
1056 5399 1331 5466 balsami
1381 5421 1527 5466 esse
1567 5401 1751 5468 docet
1808 5404 2053 5472 divinae

509 5517 970 5598 institutioniS,
1026 5539 1175 5605 quae
1224 5538 1485 5605 semper
1523 5520 1869 5587 observata
1912 5535 2039 5589 est.

3622 346 3746 408 669

2269 510 2428 574 Item
2471 509 2826 595 Gregorius
2885 514 3158 598 Magnus
3211 513 3282 575 in
3329 511 3589 575 Contio.
3648 513 3715 573 1.

2169 624 2409 690 Botrus
2460 626 2692 711 Cypri,
2759 637 2881 693 etc.
2927 630 3000 692 in
3061 627 3404 714 Enyaddi,
3490 624 3727 712 inquit,

2164 739 2528 806 balsamum
2565 745 2890 829 qiqnitur,
2930 744 3102 830 quad
3164 765 3313 808 cum
3358 744 3499 808 oleo
3538 743 3714 807 Pon-

2165 858 2409 938 tificali
2510 859 2962 926 benedictione
3074 863 3391 926 Cltrisma
3509 860 3733 943 effici-

2167 983 2295 1051 tur,
2332 984 2454 1040 etc.
2492 976 2853 1042 Concilium
2890 978 3337 1042 Bracharense
3361 974 3724 1043 secundum

2168 1112 2309 1178 cap.
2373 1098 2436 1159 4.
2487 1094 2874 1158 Balsamum
2921 1094 3363 1171 benedictum,
3402 1092 3577 1178 qnod
3604 1113 3734 1178 pro

2166 1210 2376 1274 salute
2426 1211 2814 1276 animarum
2860 1232 2980 1296 per
3021 1212 3319 1296 Spiritus
3357 1211 3576 1275 sancti
3629 1205 3731 1274 in-

2171 1327 2576 1391 vocationem
2655 1339 3134 1405 consecratum,
3211 1338 3333 1393 etc.

2174 1442 2601 1528 Bulgarorum
2677 1444 2757 1509 ad
2824 1445 3159 1509 Nicolaum
3236 1446 3283 1508 Ι.
3352 1455 3728 1528 supponunt

2171 1559 2467 1625 eamdem
2511 1560 2951 1628 traditionem.
3025 1544 3346 1636 Quaerunt
3401 1559 3599 1638 enim,
3644 1580 3725 1624 an

2176 1697 2404 1742 verum
2449 1678 2533 1741 sit
2592 1677 2760 1763 quod
2798 1678 3097 1744 dicebant
3169 1678 3374 1743 Graeci
3444 1668 3616 1766 apud
3657 1698 3728 1743 se

2173 1793 2455 1858 chrisma
2498 1792 2713 1859 oriri?
2758 1794 3016 1858 Grcecos
3057 1794 3277 1858 dicere
3328 1794 3723 1880 perhibetis,

2174 1907 2387 1994 inquit
2456 1907 2773 1986 Pontifex,
2821 1908 2994 1994 quod
3031 1908 3304 1973 illorum
3373 1909 3441 1972 in
3502 1909 3730 1993 patria

2174 2024 2489 2101 chrisma,
2535 2035 2595 2088 ct
2626 2024 2911 2101 oriatur,
2978 2036 3038 2089 et
3078 2024 3159 2088 ab
3190 2023 3333 2087 illis
3361 2044 3484 2109 per
3524 2033 3730 2117 totum

2174 2139 2492 2205 mundum
2537 2139 2893 2219 tribuatur,
2949 2151 3008 2205 et
3051 2140 3199 2205 ideo
3248 2161 3439 2206 nosse
3470 2139 3729 2205 deside-

2172 2257 2341 2320 ratis
2365 2256 2426 2321 si
2457 2277 2679 2323 verum
2709 2254 2854 2321 sit?
2882 2256 2998 2321 sed
3017 2261 3167 2342 jam
3194 2256 3528 2322 credimus
3553 2256 3728 2342 quod

2175 2370 2390 2436 vest-ra
2418 2372 2714 2450 solertia,
2762 2371 2937 2457 quod
3005 2393 3140 2437 non
3180 2393 3406 2437 verum
3449 2372 3537 2437 sit
3569 2373 3728 2438 ani-

2173 2488 2565 2566 maduertat,
2604 2499 2728 2555 etc.
2775 2488 2860 2553 ita
2897 2489 3215 2556 Pontifex.
3272 2488 3730 2573 Intelligebant

2172 2607 2378 2672 Graeci
2449 2605 2530 2672 de
2579 2605 2865 2672 balsamo
2906 2618 2967 2672 et
3008 2607 3385 2688 chrismate,
3439 2606 3611 2695 quod
3645 2629 3722 2674 ex

2172 2724 2463 2790 balsamo
2535 2724 2605 2788 fit
2676 2722 3174 2808 compositione,
3241 2745 3367 2790 non
3437 2746 3594 2793 vero
3643 2725 3723 2791 de

2169 2840 2310 2906 oleo
2351 2839 2631 2926 simplici
2678 2840 3031 2919 olivarum,
3076 2840 3250 2927 quod
3312 2841 3378 2906 in
3425 2841 3723 2928 pluribus

2170 2956 2467 3022 habetur.
2525 2960 2729 3022 Causa
2769 2968 2986 3022 autem
3036 2957 3502 3023 controversia}
3570 2958 3717 3038 fuit,

2169 3074 2339 3161 quod
2381 3073 2584 3139 Graeci
2619 3074 2744 3139 sibi
2801 3053 3230 3139 vendicabant
3263 3075 3615 3160 primatum
3657 3076 3721 3140 in

2170 3191 2506 3277 BulgarOS,
2586 3211 2751 3278 quos
2818 3190 3012 3257 etiam
3082 3190 3529 3258 chrismarunt
3600 3214 3714 3280 per

2168 3306 2547 3375 Sacerdotes
2591 3307 2653 3371 in
2717 3306 3073 3373 schismate
3121 3308 3244 3373 sub
3306 3308 3555 3387 Photio,
3618 3330 3718 3375 se-

2168 3436 2422 3511 paratos
2484 3424 2562 3488 ab
2605 3422 2918 3503 Ecclesia,
2987 3443 3104 3489 nec
3165 3423 3436 3510 proinde
3475 3424 3555 3490 ad
3597 3427 3720 3491 hoc

2166 3540 2614 3607 auctoritatem
2712 3539 3049 3605 habentes.
3138 3539 3322 3605 Unde
3412 3539 3716 3608 Nicolaus

2171 3657 2428 3725 curavit
2458 3678 2570 3723 eos
2592 3656 2806 3722 denuo
2837 3655 3184 3722 chrismari
3217 3678 3333 3743 per
3363 3657 3719 3746 Episcopos

2170 3773 2454 3851 Latinos,
2518 3776 2794 3859 Legatos
2835 3793 3015 3839 suos,
3082 3773 3243 3838 Hinc
3303 3775 3718 3858 opponebant

2170 3889 2375 3956 Graeci
2410 3889 2567 3954 illud
2620 3888 3006 3974 figmentum
3062 3887 3140 3954 de
3191 3888 3458 3955 materia
3514 3891 3718 3956 chris·

2171 4006 2386 4084 matiS,
2421 4006 2606 4093 quasi
2648 4006 2817 4091 apud
2851 4026 2920 4070 se
2958 4017 3165 4083 esset;
3213 4006 3386 4092 quod
3437 4006 3716 4093 intelligi

2167 4122 2359 4189 debet
2413 4120 2758 4188 alludendo
2803 4121 2880 4187 ad
2925 4121 3341 4187 traditionem
3395 4123 3717 4210 Apostoli-

2169 4261 2333 4319 cam,
2388 4249 2451 4305 et
2506 4237 2781 4325 primam
2840 4237 3318 4304 institutionem
3365 4239 3564 4326 hujus
3603 4243 3718 4306 Sa-

2169 4356 2512 4422 cramenti.

2258 4469 2668 4536 Amalarinus
2709 4469 2903 4534 etiam
2947 4472 3365 4549 FortunatuS‚
3424 4470 3535 4558 qui
3604 4470 3715 4537 sso-

2173 4587 2304 4653 ruit
2358 4587 2480 4654 sub
2522 4584 2871 4667 Ludovico,
2944 4585 3049 4650 cui
3101 4587 3510 4672 nuncupavit
3545 4608 3710 4675 opus

2169 4707 2250 4773 de
2314 4704 2559 4772 Officiis
2617 4702 3095 4770 Ecclesiasticis
3137 4702 3249 4768 lib.
3312 4706 3370 4766 1.
3416 4724 3567 4789 cap.
3606 4710 3711 4771 12.

2170 4842 2374 4911 agens
2413 4818 2492 4886 de
2536 4817 3024 4886 consec-ratione
3090 4817 3467 4884 chrismatis
3505 4841 3518 4883 :
3567 4822 3712 4900 Hic,

2171 4937 2406 5026 inquit,
2450 4958 2585 5002 non
2616 4937 2852 5014 oleum,
2901 4935 3016 5001 sed
3055 4948 3114 5001 et
3164 4936 3528 5002 balsamum
3568 4958 3722 5003 con-

2167 5066 2485 5134 secratur,
2549 5063 2675 5118 etc.
2735 5049 2915 5118 Odor
2955 5029 3238 5118 balsami
3283 5054 3355 5119 in
3397 5056 3539 5120 oleo
3577 5054 3720 5141 opi-

2170 5173 2436 5237 nionem
2458 5173 2777 5237 bonarum
2811 5171 3131 5235 virtutum
3160 5171 3291 5235 late
3321 5171 3714 5258 dispersam,

2168 5300 2486 5377 operante
2529 5289 2756 5375 qratia
2804 5288 3105 5374 Spiritus
3141 5289 3378 5366 sancti,
3455 5288 3720 5352 demon-

2165 5418 2376 5472 strat:
2425 5407 2581 5471 Oleo
2622 5404 2904 5471 additur
2938 5405 3325 5484 balsamum,
3359 5406 3517 5491 quia
3555 5406 3722 5469 nitet

2167 5532 2242 5596 in
2299 5525 2487 5589 vultu
2552 5523 2809 5589 Christi
2865 5524 3140 5588 coelestis
3193 5521 3533 5608 splendor,
3590 5534 3712 5588 etc.

3425 1326 3731 1392 Consuha
3803 1376 3808 1380 ,

3883 531 3964 581 2⁴.
