4287 6313
1797 388 2239 454 DIS'I'INCTIO
2309 392 2412 454 lv.
3645 394 3759 458 381

164 568 390 681 333ss
422 567 479 680 13.
520 566 782 620 smum
821 548 1052 639 quasi
1086 570 1367 623 ramus
1400 571 1447 624 a
1481 550 1856 624 columba
1899 570 2083 643 por-

165 695 234 743 a.»
286 707 489 742 summo
517 667 746 739 tatur
797 665 878 737 in
944 686 1266 751 arcam3
1339 673 1527 743 ante
1598 669 1815 758 intus
1893 675 2077 744 erat

163 756 815 873 bon⁰·‘²·‘“'⁴‘judicio
860 788 1010 866 Dei,
1051 786 1185 858 sed
1235 806 1443 859 nunc
1484 786 1733 861 etiam
1770 785 2080 877 judicio

514 902 827 969 Ecclesiae
878 900 1098 975 intus
1132 907 1283 976 est.
1331 907 1529 977 Cum
1563 924 1760 988 vero
1815 902 1894 976 in
1926 905 2080 976 Ba-

517 1014 818 1108 ptismo
880 1020 1304 1111 peccatum
1354 1018 1748 1103 deleatur,
1811 1023 1892 1093 et
1954 1039 2082 1091 sa-

513 1131 877 1207 tisfactio
920 1135 1291 1230 exterior
1339 1155 1501 1208 non
1575 1135 2076 1229 imputetur;

516 1247 941 1340 quaeritur,
987 1270 1135 1322 cur
1204 1251 1662 1343 poenalitaS,
1727 1252 1855 1325 cui
1926 1272 2079 1345 pro

521 1369 851 1456 peccato
910 1365 1202 1439 addicti
1262 1388 1567 1450 sumus,
1623 1387 1785 1440 non
1832 1367 2081 1441 tolla-

524 1485 660 1552 tur
690 1484 724 1550 ‘2
759 1480 932 1554 Hoc
965 1479 1136 1553 ideo
1179 1480 1356 1553 fieri
1397 1482 1730 1555 tradunt
1773 1480 2075 1561 Sancti,

529 1624 558 1660 ι
616 1595 829 1687 quia,
869 1597 938 1669 si
971 1617 1018 1668 a
1062 1618 1295 1690 poena
1337 1598 1703 1670 homines
1754 1617 1893 1690 per
1932 1597 2079 1667 Ba-

530 1712 919 1805 ptismum
981 1713 1558 1796 liberarentur,
1623 1715 1885 1806 ipsam
1948 1733 2081 1806 pu·

525 1830 802 1902 tarent
901 1829 1304 1923 Baptismi
1422 1828 1805 1921 pretium,
1920 1848 2081 1900 non

525 1949 923 2018 aeternum
1026 1966 1392 2039 regnum.
1497 1947 1706 2027 Ideo,
1811 1944 2080 2020 soluto

530 2066 762 2135 reatu
861 2062 1199 2154 peccati,
1288 2063 1765 2156 temporalis
1855 2081 2082 2154 poena

408 2261 416 2270 ,
529 2180 803 2249 tamen
875 2183 1171 2261 manet,
1236 2183 1323 2254 ut
1384 2179 1524 2251 illa
1592 2178 1762 2253 vita
1841 2177 2081 2252 studi-

181 2261 499 2398 ιὲῗῖιὲιὲῗέ.
533 2294 755 2367 osius
799 2299 1241 2387 quaeratur,
1299 2317 1471 2388 quae
1518 2297 1677 2369 erit
1720 2318 1767 2370 a
1829 2295 2079 2390 poenis

177 2388 903 2484 ¹³⁶¹’oe1'·⁴·omnibus
946 2413 1213 2485 aliena
1261 2442 1317 2482 ».
1372 2414 1554 2486 Ideo
1614 2414 1863 2487 etiam
1917 2434 2082 2486 ma-

528 2532 687 2612 net,
752 2534 839 2602 ut
890 2529 998 2602 sit
1054 2529 1260 2602 fideli
1315 2531 1680 2604 certandi
1735 2531 2083 2604 materia

171 1559 395 1613 Dubium
436 1562 492 1612 6.

526 2651 607 2719 et
647 2644 1013 2718 vincendi
1051 2648 1398 2730 occasio,
1437 2647 1572 2739 q'ui
1623 2669 1784 2720 non
1816 2647 2083 2719 vince·
2128 2663 2135 2668 ·

526 2765 678 2844 ret,
746 2761 1014 2834 sinon
1076 2768 1522 2856 pugnaret;
1574 2783 1720 2836 nec
1785 2783 2082 2857 pugna·

526 2879 678 2958 ret,
753 2876 821 2948 si
910 2877 991 2950 in
1074 2877 1498 2972 Baptismo
1587 2877 2082 2951 immortalis

525 2994 790 3068 fieret.

534 3251 744 3340 Cujus
798 3253 903 3318 rei
968 3254 1352 3340 Baptismus
1406 3254 1515 3325 sit,
1553 3254 2082 3334 Sacramentum,

891 3371 1008 3456 qui
1063 3369 1267 3437 datur
1312 3374 1463 3458 jam
1518 3374 1726 3459 justo,

273 3548 432 3683 ‚gqis
629 3578 711 3653 Si
745 3578 1166 3671 quaeritur,
1211 3579 1443 3675 cujus
1482 3585 1585 3649 rei
1621 3579 2088 3674 Baptismus

244 3674 488 3787 mffl‘foe‘
540 3696 676 3770 ille
744 3696 852 3770 sit
922 3686 1564 3778 Sacramentum,
1651 3697 1785 3789 qui
1851 3699 2091 3771 datur

530 3812 704 3907 jam
746 3814 1033 3906 justo?
1067 3813 1430 3887 Dicimus
1469 3817 2089 3889 Sacramentum

539 3951 716 4003 esse
757 3934 836 4004 et
875 3934 999 4013 rei,
1046 3955 1191 4020 quoe
1225 3935 1585 4019 praecessit,
1644 3930 1716 4003 id
1766 3933 1914 4014 est,
1972 3952 2091 4004 re·

539 4046 954 4119 missionis
1013 4048 1201 4119 ante
1244 4067 1388 4140 per
1444 4046 1677 4119 fidem
1736 4048 1967 4130 datae,
2010 4050 2088 4121 et

534 4167 952 4232 remissionis
1002 4167 1390 4253 temporalis
1432 4186 1667 4252 poenoe,
1716 4160 1885 4235 sive
1931 4187 2089 4253 pec-

532 4282 688 4360 cati,
729 4279 796 4350 si
829 4279 1200 4362 habetur,
1257 4280 1463 4371 quod
1505 4279 1835 4353 interim
1870 4300 2090 4353 com-

536 4393 917 4477 mittitur,
958 4401 1037 4470 et
1085 4400 1405 4465 novitatis
1454 4414 1546 4469 ac
1593 4395 1857 4468 omnis
1908 4415 2089 4487 gra-

531 4512 667 4585 tiae
728 4511 835 4585 ibi
902 4512 1319 4604 praestitae.
1411 4514 1692 4587 Omnis
1788 4512 2089 4587 etenim

538 4630 657 4702 rei
716 4629 1040 4721 signum
1107 4635 1256 4711 est,
1328 4629 1561 4720 cujus
1622 4649 1871 4702 causa
1935 4633 2087 4704 est.

540 4748 705 4820 Nec
759 4746 1117 4831 mireriS,
1176 4770 1330 4815 rem
1398 4745 1831 4839 aliquando
1895 4766 2092 4839 prae·

537 4862 816 4936 cedere
841 4864 1489 4944 Sacramentum,
1518 4881 1701 4934 cum
1734 4861 2091 4955 aliquan-

536 4977 633 5049 do
682 4975 933 5049 etiam
995 4975 1231 5067 longe
1291 4981 1475 5068 post
1543 4980 1957 5068 sequatur,
2005 4981 2093 5051 ut

540 5091 823 5164 inillis
877 5092 1011 5184 qui
1073 5092 1254 5165 ficte
1314 5091 1726 5173 accedunt,
1775 5091 2089 5183 quibuS,

540 5231 721 5283 cum
793 5215 1077 5303 postea
1144 5208 1694 5302 poenituerint,
1759 5208 2091 5303 incipiet

539 5327 1005 5420 Baptismus
1052 5327 1455 5421 prodesse,
1495 5326 1575 5398 in
1608 5325 1895 5418 quibus
1936 5323 2092 5399 fuit

541 5443 1010 5538 Baptismus
1115 5448 1735 5533 Sacramentum
1849 5443 2089 5536 huJus

546 5561 1245 5655 sanctificationis„
1322 5581 1565 5656 quam
1637 5559 2089 5657 poenitendo

2193 548 2511 627 habent.
2587 554 2733 626 Sed
2801 552 2871 626 si
2945 572 3356 646 nunquam
3419 552 3743 645 poenite-

2193 671 2401 750 rent,
2472 689 2617 742 nec
2686 690 2733 742 a
2790 671 3176 763 figmento
3246 671 3739 749 recederent,

2192 784 2424 875 cujus
2500 785 2617 857 rei
2673 790 3293 861 Sacramentum
3340 790 3557 860 esset
3598 786 3745 855 Ba-

2193 901 2539 993 ptismus
2582 901 2681 973 ab
2721 902 2884 975 illis
2936 907 3418 996 susceptus?
3464 903 3743 975 Potest

2189 1016 2343 1089 dici
2389 1044 2403 1088 ε
2447 1016 2564 1090 rei
2615 1038 2791 1110 quae
2834 1017 2941 1091 ibi
2997 1019 3257 1100 fieret,
3309 1017 3378 1091 si
3418 1038 3580 1090 non
3618 1038 3744 1090 eo-

2193 1152 2376 1205 rum
2408 1134 2861 1210 enormitas
2902 1135 3363 1229 impediret.

2191 1388 2271 1453 Si
2312 1390 2624 1474 parvulis
2678 1389 2887 1455 datur
2935 1391 3011 1455 in
3085 1392 3431 1478 Baptismo
3489 1395 3740 1481 qratia,

2283 1526 2415 1592 qua
2484 1516 2761 1592 possunt
2852 1508 2928 1571 in
2994 1510 3255 1595 majore
3312 1522 3504 1577 oelale
3580 1531 3743 1597 pro-

2280 1622 2534 1703 ficere?

2282 1823 2501 1897 Solet
2534 1823 2785 1899 etiam
2830 1826 3112 1918 quaeri,
3157 1827 3227 1900 si
3261 1807 3626 1920 parvulis
3661 1826 3743 1900 in
3900 1856 3968 1928 n,

2192 1942 2615 2035 Baptismo
2671 1943 2912 2016 datur
2973 1942 3272 2034 gratia,
3342 1964 3523 2036 qua,
3560 1964 3741 2017 cum
3809 1918 4063 2031 οωῖῗὲῗυ,

2193 2063 2513 2151 tempus
2599 2059 3031 2134 habuerint
3120 2061 3390 2133 utendi
3485 2060 3739 2135 libero
3808 2043 4066 2169 ξξξξῗιῖῗ

2193 2174 2569 2257 arbitrio,
2618 2174 2933 2268 possint
2971 2175 3168 2250 bene
3198 2176 3404 2249 velle
3449 2181 3530 2253 et
3571 2199 3747 2252 cur·
3773 2182 4095 2281 Βοῃζῗξῖῃδ,

2196 2298 2436 2365 rere?
2486 2293 2602 2365 De
2660 2292 2957 2367 adultis
3009 2292 3252 2376 enim,
3317 2295 3452 2386 qui
3508 2295 3743 2387 digne
3775 2290 4093 2408 ²1‘iffssr'ffi1'

2196 2409 2602 2500 recipiunt
2629 2413 3156 2493 Sacramentum,
3202 2431 3364 2483 non
3413 2412 3747 2504 ambigi·
3779 2394 3965 2532 1323‘14
4013 2480 4075 2531 30

2194 2526 2357 2608 tur,
2433 2525 2621 2617 quin
2691 2525 3052 2615 gratiam
3115 2531 3594 2619 operantem
3662 2533 3743 2601 et
3825 2496 3910 2546 β’
3973 2518 3984 2531 ’
4078 2516 4092 2530 ’

2196 2645 2776 2733 cooperantem
2841 2643 3382 2736 perceperint,
3438 2665 3612 2736 quae
3671 2647 3749 2714 in

2194 2780 2476 2825 vacuum
2514 2757 2631 2830 eis
2666 2757 2897 2841 cedit,
2936 2757 3005 2831 si
3050 2779 3194 2852 per
3233 2759 3582 2834 liberum
3623 2781 3751 2834 ar-

2196 2872 2533 2946 bitrium
2602 2877 2783 2966 post
2856 2876 3325 2951 mortaliter
3409 2878 3750 2971 delique-

2199 2989 2409 3073 rint;
2473 2991 2605 3082 qui
2672 2990 2968 3067 merito
3015 2996 3325 3088 peccati
3393 2996 3748 3089 gratiam

2199 3106 2665 3200 appositam
2699 3109 3065 3202 perdunt.
3115 3110 3335 3185 Unde
3375 3116 3457 3187 et
3486 3111 3752 3188 dicun-

2200 3229 2283 3299 tu
2298 3246 2337 3295 ι·
2358 3230 2826 3295 contumeliam
2847 3230 3072 3314 facere
3092 3232 3388 3317 Spiritui
3404 3236 3750 3313 sanclosst

2202 3341 2469 3435 ipsum
2503 3362 2549 3414 a
2583 3363 2666 3414 se
2698 3340 3010 3435 fugare.
3045 3346 3160 3418 De
3212 3345 3578 3436 parvulis
3627 3368 3753 3420 ve-

2203 3478 2324 3540 ro,
2385 3457 2519 3548 qui
2580 3460 2929 3531 nondum
2998 3460 3317 3535 ratione
3370 3467 3743 3546 utuntur,

2203 3575 2543 3667 quaestio
2585 3582 2734 3659 est,
2790 3597 2893 3649 an
2935 3578 3016 3650 in
3064 3578 3489 3671 Baptismo
3546 3601 3756 3655 rece-

2203 3692 2474 3786 perint
2524 3693 2907 3785 gratiam,
2974 3714 3129 3786 qua
3197 3696 3293 3768 ad
3353 3697 3754 3788 maiorem

2200 3810 2616 3884 venientes
2657 3812 2986 3884 aetatem
3037 3812 3350 3903 possint
3415 3813 3622 3887 velle
3672 3819 3753 3888 et

2206 3928 2536 4020 operari
2572 3926 2926 4000 bonum?
2969 3929 3307 4002 Videtur
3338 3932 3542 4022 quod
3592 3953 3754 4004 non
3815 3934 3969 3999 Βοῦν·
4018 3934 4071 3986 1·

2202 4044 2685 4137 receperint,
2733 4028 2922 4137 quia
2954 4046 3227 4136 gratia
3289 4046 3431 4119 illa
3483 4047 3756 4122 chari-

2199 4163 2331 4234 tas
2389 4164 2511 4234 est
2581 4161 2660 4234 et
2728 4161 2943 4244 fides,
3009 4184 3183 4255 quae
3248 4163 3756 4239 voluntatem

2205 4284 2619 4372 praeparat
2678 4283 2757 4353 et
2809 4278 3163 4370 adjuvat.
3214 4280 3359 4381 Sed
3412 4280 3590 4373 quis
3639 4282 3755 4355 di-

2199 4394 2444 4477 xerit,
2480 4416 2620 4469 eos
2654 4397 3066 4491 accepisse
3096 4398 3328 4470 fidem
3362 4401 3442 4472 et
3479 4398 3750 4472 chari-

2204 4515 2518 4586 tatem?
2562 4511 2644 4587 Si
2683 4534 2883 4587 vero
2926 4513 3283 4606 gratiam
3330 4536 3494 4588 non
3544 4536 3758 4591 rece-

2203 4629 2498 4721 perint,
2548 4649 2704 4721 qua
2752 4629 2950 4703 bene
3013 4631 3342 4724 operari
3385 4637 3754 4726 possunt,

2204 4767 2388 4819 cum
2422 4746 2726 4821 fuerint
2767 4746 3065 4829 adulti3
3109 4768 3272 4821 non
3314 4767 3511 4842 ergo
3546 4746 3758 4823 suffi-

2204 4862 2314 4936 cit
2348 4862 2465 4936 eis
2503 4863 2579 4937 in
2609 4862 2764 4936 hoc
2799 4866 3020 4939 statu
3053 4864 3327 4956 gratia
3369 4865 3451 4939 in
3484 4866 3758 4959 Bapti-

2207 5001 2381 5053 smo
2441 4981 2654 5063 data,
2723 4999 2867 5055 nec
2918 5000 3064 5074 per
3130 4981 3357 5055 illam
3417 4990 3761 5077 possunt

2207 5097 2440 5170 modo
2480 5096 2668 5169 boni
2702 5119 2904 5179 esse,
2955 5098 3113 5171 nisi
3155 5099 3319 5174 alia
3369 5101 3753 5183 addatur:

2208 5232 2382 5305 quae
2416 5213 2484 5286 si
2524 5233 2687 5286 non
2716 5215 3060 5298 additur,
3097 5236 3259 5288 non
3308 5220 3435 5291 est
3482 5240 3581 5291 ex
3633 5239 3759 5293 eo-

2207 5348 2390 5401 rum
2440 5329 2704 5422 culpa,
2762 5331 2950 5423 quia
2991 5331 3419 5424 justificati
3476 5340 3666 5410 sunt
3709 5357 3756 5408 a

2209 5452 2570 5538 peccato.
2632 5448 2970 5531 Quidam
3027 5453 3340 5542 putant,
3401 5451 3756 5544 gratiam
3815 5467 3971 5533 neap.
4015 5467 4072 5518 2.

2207 5566 2684 5658 operantem
2733 5564 3046 5640 cunctis
3098 5566 3468 5662 parvulis
3500 5567 3582 5639 in
3613 5569 3760 5643 Ba-
