4287 6313
143 1853 377 1931 Assertio

124 1943 376 1995 Doctoris.

1635 370 1833 430 Dls'r.
1867 369 1969 429 Vl.
2015 367 2373 442 QUAESTIO
2425 369 2526 429 lX.

445 551 578 610 um,
650 552 795 596 nam
837 531 1046 620 quoad
1116 533 1423 620 primum,
1463 530 1587 600 nisi
1651 533 1984 598 continea-

444 657 549 712 tur
590 648 656 713 in
689 648 1044 733 Scriptura,
1096 670 1223 714 non
1264 649 1566 715 subsistit
1603 648 1981 714 fundamen-

440 775 577 830 tum
619 785 698 830 ex
741 764 864 830 hoc
892 765 1104 851 capite
1135 785 1275 830 eam
1328 763 1715 840 deliniendi;
1755 763 1809 828 si
1855 784 1985 829 non

440 881 849 947 contineatur
897 882 966 948 in
1022 883 1345 960 PatribuS,
1410 895 1474 949 et
1521 881 1831 948 continuo
1870 883 1984 946 Ec-

438 999 657 1064 clesiae
726 1020 872 1079 usu,
924 1013 987 1065 et
1035 1021 1147 1085 per
1202 1019 1433 1065 manus
1492 999 1726 1065 tradito
1758 1020 1980 1078 sensu,

441 1115 666 1203 nequit
741 1113 935 1180 etiam
1013 1115 1395 1193 subsistere,
1456 1126 1523 1180 ut
1553 1114 1815 1180 traditio
1859 1135 1985 1179 non

439 1230 701 1316 scripta,
757 1252 871 1317 per
933 1231 1193 1316 regulas
1240 1231 1471 1297 obvias
1512 1231 1988 1318 cognoscendae

440 1345 828 1426 traditioniS,
867 1367 1028 1433 quas
1074 1346 1382 1433 colligere
1435 1346 1584 1412 licet
1635 1367 1716 1412 ex
1759 1351 1987 1434 Augu-

439 1459 634 1536 stino,
661 1461 834 1548 quia,
871 1460 1214 1530 deficiente
1238 1465 1551 1529 memoria
1591 1461 1983 1545 traditionis,

445 1594 573 1640 non
623 1575 921 1642 subsistit
970 1591 1433 1663 argumentum
1493 1599 1572 1644 ex
1607 1579 1744 1663 ipsa
1786 1576 1987 1643 tradi·

448 1694 645 1772 tione,
678 1706 789 1761 aut
819 1695 1131 1762 revelatio
1172 1696 1236 1762 in
1278 1716 1349 1762 ea
1382 1695 1672 1764 fundata.

538 1814 715 1878 Hanc
748 1822 963 1877 autem
1023 1811 1534 1900 propositionem
1592 1813 1768 1879 nulla
1838 1812 1989 1878 rati-

451 1947 574 1992 one
605 1926 761 1992 dicit
827 1932 1082 2009 Doctor,
1130 1942 1202 1996 ut
1244 1950 1325 1995 ex
1383 1940 1517 1995 toto
1592 1926 1896 1995 discursu
1928 1941 1991 1992 et

449 2041 834 2109 limitatione
909 2044 1202 2129 apposita
1296 2023 1633 2110 evidenter
1697 2053 1985 2129 apparet.

447 2159 741 2224 Secunda
773 2174 988 2227 autem
1042 2162 1398 2248 propositio
1440 2173 1538 2228 est
1570 2161 1884 2243 Doctoris,
1929 2169 1992 2225 et

445 2273 822 2354 verissima,
886 2298 1087 2364 quam
1121 2277 1472 2345 admittunt
1503 2278 1694 2344 etiam
1745 2277 1994 2364 antiqui

448 2392 785 2480 Theologi,
869 2394 979 2481 qui
1041 2394 1444 2461 conveniunt
1476 2395 1540 2458 in
1575 2395 1697 2460 hoc
1735 2414 1989 2462 omnes,

448 2510 625 2575 Licet
683 2509 859 2574 enim
945 2522 1241 2576 asserant
1296 2512 1734 2577 characterem
1805 2509 1995 2575 modo

448 2645 576 2712 quo
618 2625 893 2692 intendit
932 2626 1240 2708 Ecclesia,
1308 2648 1436 2693 non
1499 2627 1723 2693 dicunt
1777 2640 1994 2692 tamen

451 2740 512 2808 id
552 2763 698 2808 esse
736 2743 1032 2823 evidenS,
1079 2754 1386 2832 tanquam
1431 2745 1765 2810 materiam
1812 2743 1988 2822 fidei,

449 2878 596 2944 quae
627 2859 927 2945 explicite
964 2881 1043 2926 ex
1074 2860 1430 2946 Scriptura,
1475 2872 1586 2927 aut
1652 2860 1996 2926 traditione

447 2976 813 3064 colligatur,
859 2978 944 3044 ita
979 2990 1045 3045 ut
1085 2980 1456 3065 oppositum
1507 2999 1807 3045 asserens
1837 2998 1993 3044 con-

448 3093 770 3174 vincatur,
807 3107 868 3161 et
906 3097 1257 3164 auctoritas
1297 3096 1487 3164 aliter
1516 3096 1827 3183 explicari
1865 3116 1991 3163 non

449 3213 983 3300 possit(seclusa
1059 3215 1235 3280 omni
1277 3215 1401 3281 alia
1459 3215 1995 3300 interpretatione

447 3329 782 3416 Ecclesiae)
814 3340 1121 3416 tanquam
1164 3346 1467 3414 spectans
1514 3329 1591 3394 ad
1656 3329 1992 3396 materiam

447 3444 639 3523 fidei;
722 3465 932 3532 neque
1007 3446 1325 3523 moderni,
1399 3445 1510 3533 qui
1587 3460 1996 3525 praesumunt

449 3564 781 3626 Doctorem
819 3573 1071 3639 nutare,
1117 3562 1197 3626 ab
1231 3562 1352 3627 hoc
1382 3560 1778 3639 discordant;
1815 3561 1997 3627 tolla·

448 3689 554 3742 tur
586 3697 865 3762 namque
927 3676 1217 3742 definitio
1270 3690 1331 3743 et
1379 3677 1727 3743 declaratio
1784 3678 1995 3745 Eccle-

450 3791 588 3869 siae,
654 3790 809 3878 quid
886 3791 1122 3879 reliqui
1201 3792 1362 3878 ipsis
1430 3814 1694 3858 manere
1757 3805 1991 3878 potest,

451 3917 765 3992 quantum
852 3905 930 3971 ad
984 3906 1440 3974 certitudinem
1523 3909 1992 3990 conclusionis,

451 4041 643 4108 quam
717 4021 841 4087 hoc
933 4023 1072 4088 solo
1143 4023 1566 4090 fundamento
1690 4037 1996 4113 tanquam

449 4148 689 4202 certam
721 4148 966 4218 tenent,
1007 4150 1243 4224 praeter
1274 4151 1734 4225 argumentum
1772 4141 1997 4227 proba-

451 4253 576 4320 bile
634 4265 696 4321 et
762 4253 1197 4335 dialecticum,
1270 4256 1349 4321 de
1390 4277 1517 4342 quo
1557 4256 1622 4321 in
1668 4257 1997 4345 proposita

449 4370 814 4457 quaestione
844 4392 972 4437 non
1015 4372 1149 4458 agit
1206 4376 1460 4450 Doctor,
1517 4373 1628 4438 sed
1670 4373 1750 4438 de
1805 4395 2000 4462 argu-

451 4497 669 4554 mento
727 4501 926 4566 cert0,
990 4510 1069 4554 ex
1140 4490 1522 4555 auctoritate
1552 4504 1664 4556 aut
1722 4490 1995 4555 ratione.

451 4610 928 4693 prosequamur
962 4605 1230 4673 ulterius
1285 4628 1552 4693 scopum
1590 4607 1879 4673 Doctoris
1922 4630 2001 4674 ex

451 4725 901 4812 sequentibus.

538 4841 788 4908 Asserit
844 4844 1077 4906 Doctor
1145 4840 1380 4926 prim0,
1453 4860 1580 4905 non
1634 4862 2002 4928 repugnare

452 4958 890 5024 characterem
925 4956 1143 5023 inesse
1184 4957 1445 5036 animae,
1497 4970 1688 5045 prout
1728 4957 2000 5025 Theolo-

451 5075 516 5161 gi
560 5097 704 5141 eum
742 5074 1143 5150 describunt,
1213 5085 1326 5140 aut
1376 5079 1576 5140 Deum
1646 5075 2003 5161 producere

456 5191 644 5256 talem
678 5191 743 5256 in
775 5191 1013 5258 anima.
1062 5193 1140 5256 Et
1170 5189 1391 5257 subdit
1423 5212 1437 5254 :
1494 5191 1627 5256 Sed
1666 5213 1747 5257 ne
1784 5194 1999 5258 onmi-

455 5328 543 5372 no
580 5311 865 5393 frustra,
910 5320 970 5373 et
1050 5310 1198 5373 sine
1253 5309 1633 5373 necessitate
1682 5319 1996 5395 ponatur,

463 5435 718 5509 oportet
749 5426 1047 5511 aliquam
1076 5426 1538 5490 auctoritatem
1576 5425 1834 5504 habere,
1898 5428 2005 5492 cai

463 5542 816 5621 innitatur,
872 5544 988 5629 qui
1027 5544 1217 5629 ponit
1251 5562 1420 5621 cam,
1473 5553 1533 5606 et
1605 5555 1755 5609 tanc
1799 5544 2005 5630 facile

592 5654 744 5705 Tom.
778 5654 923 5708 xv1.

3549 364 3669 426 593

2099 530 2227 594 erit
2265 530 2541 606 solt-ere,
2588 551 2730 614 qaoe
2760 528 3191 615 objiciuntur,
3229 536 3361 592 etc.
3406 527 3502 589 Ex
3549 525 3653 590 his
3736 547 3954 609 Inquirit

2101 656 2273 731 patet
2313 649 2660 710 Doctorem
2704 644 2912 730 primo
2963 662 3257 731 quaerere
3297 640 3376 707 de
3425 653 3646 706 aucto·
3704 608 4007 741 ‘unffi‘ffn‘

2101 761 2310 839 ritate,
2358 761 2422 826 in
2456 782 2583 847 qua
2613 761 2948 848 quiescere
2979 759 3170 825 debet
3199 756 3643 844 investigatio,
3687 733 4010 847 cfflfflflffiis

2101 886 2170 941 ut
2197 890 2373 943 certo
2403 888 2651 943 constet
2684 876 2819 942 dari
2854 877 2920 942 in
2952 876 3167 962 reipsa
3205 877 3644 942 characterem
3692 860 4004 987 Αζῇᾎῗδξξᾶω

2098 1013 2291 1080 quem
2329 1013 2457 1058 non
2519 1013 2888 1079 repugnare
2927 993 3105 1059 dicit.
3180 991 3498 1072 SecundO,
3537 1012 3642 1056 ar·
3804 985 3877 1034 ³st

2098 1121 2411 1195 gumenta
2443 1110 2505 1174 in
2529 1110 2927 1175 contrarium
2959 1108 3232 1175 adducta
3260 1130 3388 1173 non
3428 1108 3636 1173 solum
3676 1049 4007 1163 effimfggnilsis

2101 1245 2229 1291 non
2270 1247 2414 1292 esse
2444 1227 2834 1304 necessaria,
2878 1226 2987 1292 sed
3032 1247 3175 1292 esse
3219 1225 3425 1291 facilis
3464 1226 3639 1291 solu-

2102 1338 2322 1405 tionis.
2379 1343 2518 1405 Non
2560 1339 2725 1407 solet
2766 1352 2981 1407 autem
3014 1345 3246 1406 Doctor
3281 1353 3500 1406 noster
3543 1338 3648 1405 ad·

2099 1457 2351 1525 haerere
2375 1458 2758 1530 rationibus.
2794 1480 2942 1546 quae
2974 1458 3051 1524 de
3073 1458 3246 1525 fa‘cili
3277 1459 3643 1535 solvuntur,

2101 1574 2328 1662 quales
2368 1574 2701 1642 existimat
2757 1595 2866 1641 eas
2908 1597 3076 1655 esse,
3126 1594 3288 1661 quas
3340 1575 3477 1659 ipse
3543 1572 3646 1638 vel

2109 1691 2217 1758 alii
2259 1691 2587 1759 adducunt
2627 1713 2742 1779 pro
2774 1691 3098 1758 contrario
3145 1715 3159 1771 ;
3198 1690 3368 1758 unde
3399 1690 3650 1776 colligi-

2114 1822 2222 1877 tur
2260 1830 2410 1875 eum
2471 1808 2819 1875 dissertive
2864 1806 3216 1895 procedere
3261 1808 3652 1895 inquirendo

2109 1925 2633 2005 fundamentum,
2715 1926 2794 1991 ad
2853 1925 3025 2012 quod
3068 1926 3383 1992 subsistat
3437 1926 3654 1992 deter-

2104 2043 2347 2108 minate
2377 2041 2743 2109 communis
2793 2042 3138 2122 sententia,
3184 2055 3247 2108 et
3286 2054 3561 2109 certum.

2200 2159 2551 2247 Subjungit
2585 2159 2751 2224 inter
2777 2160 3202 2228 auctoritates
3269 2162 3652 2226 Sanctorum

2104 2276 2184 2342 ad
2237 2278 2639 2364 propositum
2698 2277 3007 2343 adductas
3048 2277 3127 2343 ab
3167 2277 3312 2342 aliis
3391 2277 3650 2356 multas,

2116 2413 2246 2459 non
2297 2414 2442 2460 esse
2482 2414 2851 2481 expressaS,
2889 2414 3122 2479 nempe
3156 2394 3220 2459 in
3266 2396 3388 2460 hoc
3431 2413 3653 2474 sensu,

2112 2530 2306 2595 quem
2341 2510 2707 2596 praetendit,
2746 2524 2921 2576 certo
2963 2512 3310 2596 probantes
3340 2510 3660 2577 conclusi-
3755 2559 3756 2562 ,

2117 2646 2307 2691 onem
2350 2649 2365 2704 ;
2412 2636 2628 2692 tamen
2660 2626 2897 2713 aliquae
2929 2625 3296 2712 allegantur
3342 2646 3469 2692 non
3511 2648 3661 2692 con-

2109 2741 2448 2810 cludentes
2506 2765 2588 2810 ex
2653 2745 3045 2830 AugustinO,
3138 2765 3372 2830 nempe
3449 2743 3658 2831 quoad

2111 2860 2596 2941 certitudinem,
2640 2883 2833 2948 quam
2878 2860 3253 2946 investigat,
3305 2861 3453 2927 licet
3510 2881 3660 2944 pro-

2109 2978 2264 3043 bent
2293 2979 2568 3045 obscure
2594 2993 2659 3045 et
2708 2980 3039 3047 dialectice
3069 3001 3183 3045 seu
3218 2979 3659 3065 probabiliter,

2108 3095 2346 3182 quibus
2379 3095 2517 3181 ipse
2557 3095 2928 3183 respondet,
2977 3105 3283 3183 tanquam
3345 3115 3472 3161 uon
3509 3115 3662 3161 con-

2106 3212 2533 3279 vincentibus
2566 3234 2645 3279 ex
2698 3223 3008 3279 contextu
3069 3212 3447 3299 Augustini.
3494 3215 3662 3278 Tan-

2105 3330 2254 3395 dem
2296 3329 2546 3396 reducit
2586 3329 3051 3395 certitudinem
3085 3328 3168 3394 ad
3205 3328 3655 3397 auctoritatem

2109 3444 2415 3511 Ecclesiae
2463 3445 2738 3533 ejusque
2769 3442 3293 3510 declarationem.

2199 3561 2526 3638 Breviter,
2577 3559 2812 3647 inquit,
2873 3562 3044 3627 sicut
3080 3561 3358 3626 habetur
3430 3572 3647 3639 extra,
3703 3642 3725 3659 Ἴ
3809 3580 3862 3628 8.

2108 3674 2190 3739 de
2225 3677 2574 3757 haereticis,
2631 3677 2736 3742 Ad
2775 3677 3190 3755 abolendam,
3234 3678 3652 3743 sentiendum
3685 3641 4007 3774 inaequali-en·-

2110 3803 2202 3857 est
2233 3791 2315 3856 de
2343 3794 2795 3858 Sacramentis
2861 3794 3199 3873 Ecclesice,
3249 3795 3420 3859 sicat
3454 3796 3653 3860 sentit
3732 3771 3960 3876 vexggztms

2111 3908 2408 3973 Romana
2439 3909 2766 3985 Ecclesia,·
2825 3910 3122 3975 Romana
3163 3922 3381 3975 autem
3427 3912 3649 3976 Eccle-
3722 3890 3971 4004 ᾗῗὲξξξξ

2108 4025 2213 4089 sia
2235 4024 2504 4090 videtur
2521 4028 2768 4090 sentire
2789 4027 3237 4092 characterem
3257 4027 3560 4111 imprimi
3581 4028 3654 4093 in

2110 4141 2344 4206 anima
2362 4142 2438 4206 in
2467 4142 2837 4227 Baptistae,
2873 4143 3044 4206 sicat
3076 4142 3243 4208 dicit
3281 4142 3651 4208 Innocenti-

2114 4279 2189 4322 us
2211 4258 2325 4324 111.
2363 4269 2580 4339 extra,
2609 4259 2691 4325 de
2730 4260 3093 4345 Baptismo,
3124 4274 3183 4327 et
3205 4264 3346 4348 ejus
3385 4263 3646 4347 effecta,

2112 4395 2258 4460 cap.
2286 4374 2598 4462 Μῄονος,
2628 4387 2750 4442 etc.
2786 4388 2856 4441 ut
2879 4377 3154 4443 habetur
3194 4377 3259 4443 in
3292 4377 3547 4456 littera;
3593 4395 3656 4444 et

2114 4489 2373 4558 subdit:
2412 4491 2559 4556 Etsi
2575 4493 2804 4578 prima
2835 4495 3198 4558 auctoritas
3226 4507 3441 4579 posset
3460 4517 3658 4581 eatpo-

2113 4607 2209 4685 ni,
2249 4607 2547 4672 vocando
2615 4609 3067 4675 characterem
3122 4611 3658 4677 Christianitatis

2113 4722 2331 4809 ipsum
2372 4726 2810 4811 Baptismam,
2862 4739 3081 4793 tamen
3126 4728 3438 4808 secanda,
3513 4743 3642 4796 etc.

2113 4844 2396 4908 Revocat
2461 4863 2618 4929 ergo
2650 4847 2882 4909 Doctor
2937 4844 3104 4911 hanc
3167 4838 3657 4914 conclusionem

2114 4956 2192 5022 ad
2229 4957 2600 5039 minimum,
2660 4960 2738 5026 ad
2788 4960 3243 5028 certitudinem
3304 4963 3653 5050 Theologi-

2113 5095 2254 5167 cam
2288 5088 2352 5142 et
2388 5075 2804 5158 Catholicam,
2854 5080 3172 5168 quidquid
3207 5080 3386 5147 enim
3418 5082 3537 5149 sit:
3577 5105 3654 5149 an

2114 5194 2533 5261 Innocentius
2626 5194 2893 5262 definiat
2971 5198 3408 5290 characterem
3487 5220 3653 5282 esse,

2116 5308 2347 5375 saltem
2379 5311 2646 5396 exponit
2678 5313 3066 5378 sententiam
3102 5315 3408 5382 Ecclesiae
3428 5321 3657 5384 Roma·

2116 5429 2352 5491 nae.De
2384 5406 2510 5492 fide
2541 5439 2755 5494 autem
2790 5441 2886 5494 est
2919 5450 2997 5494 ex
3050 5429 3215 5496 dicto
3263 5453 3320 5497 c.
3357 5434 3461 5498 Ad
3506 5436 3661 5500 abo-

2119 5542 2506 5620 lendam,de
2538 5544 2866 5610 haereticis
2887 5566 3029 5631 ,spe
3045 5546 3295 5613 cialiter
3326 5549 3390 5613 in
3424 5552 3651 5617 materi

3462 5662 3530 5712 38
