4287 6313
223 539 403 604 Opinio
434 539 479 589 1·
548 540 698 612 sibi
745 544 1083 618 retinuit
1152 551 1232 620 et
1321 549 1585 640 potuit
1646 550 1839 621 dare
1916 569 2083 621 ser-
2208 550 2380 623 sinc
2435 572 2716 631 servo;
2774 552 2904 622 sed
2937 549 3330 623 Dominus
3371 572 3518 617 eum
3587 567 3752 619 ser·

541 657 716 729 vis?
763 660 949 733 Haec
993 667 1141 742 est,
1204 668 1291 736 ut
1372 665 1706 758 plurimi
1766 665 2073 746 volunt,
2202 690 2302 740 vo
2357 672 2434 742 et
2503 675 2572 738 in
2632 689 2897 751 servo,
2971 668 3179 741 sicut
3229 668 3309 740 in
3351 665 3751 741 exteriori

541 780 905 868 potestas
971 779 1423 855 dimittendi
1457 789 1792 875 peccata
1828 784 1906 855 in
1940 785 2083 855 Ba·
2201 785 2663 860 ministerio
2715 786 3111 861 Dominus
3164 790 3555 879 operatur
3606 807 3752 851 eum

541 893 866 985 ptismo.
942 898 1086 969 Sed
1189 904 1554 990 potestas
1622 900 2081 974 dimittendi
2197 923 2435 974 servo
2510 907 2587 977 et
2632 909 2707 972 in
2761 925 3023 976 servo.
3069 902 3288 974 Unde
3328 906 3411 977 et
3470 898 3750 975 Domi-

536 1017 894 1103 peccata,
950 1034 1123 1106 quae
1170 1021 1294 1090 est
1339 1017 1418 1090 in
1450 1020 1642 1100 Deo,
1676 1021 1890 1091 Deus
1925 1022 2073 1090 est.
2192 1039 2342 1091 nus
2374 1020 2675 1095 dicitur
2725 1019 3240 1095 sanctificare
3281 1023 3361 1092 et
3409 1039 3738 1099 servus;

541 1126 926 1200 Ideo'alii
1003 1131 1277 1204 dicunt
1329 1132 1534 1206 hanc
1586 1137 2078 1227 potestatem
2194 1137 2326 1209 sed
2371 1138 2767 1211 Dominus
2813 1138 3200 1211 invisibili
3232 1137 3531 1229 gratia,
3578 1156 3740 1209 ser-

534 1245 1040 1336 nonpotuise
1089 1248 1282 1320 dare
1333 1250 1581 1322 alicui
1618 1271 2073 1335 servorum,
2189 1273 2337 1326 vus
2378 1254 2682 1328 visibili
2716 1258 3272 1329 sacramento.
3317 1254 3537 1326 Unde
3593 1254 3741 1324 Au·
3813 1312 3917 1378 Cap
3966 1318 4028 1368 84

532 1359 719 1450 quia
752 1362 952 1434 nulli
991 1364 1252 1455 potuit
1285 1365 1478 1438 dare
1512 1371 1598 1440 ut
1631 1372 1846 1440 esset
1872 1367 2078 1460 quod
2192 1373 2568 1463 gustinus
2652 1392 2898 1466 super
2955 1371 3447 1447 Leviticum:
3492 1400 3520 1434 α
3589 1371 3743 1442 Do·
3771 1352 4103 1496 &mii-31⁷2&

533 1476 704 1569 ipse
736 1482 884 1560 ost,
920 1481 1045 1552 vel
1091 1485 1178 1555 ut
1220 1481 1554 1557 haberet
1608 1484 2071 1566 essentiam,
2194 1488 2458 1561 minus
2491 1488 2647 1561 ait:
2691 1493 2827 1577 qu
2859 1492 3179 1557 Dominus
3209 1492 3325 1578 qui
3351 1490 3734 1573 sanctifico,-
3835 1480 3909 1556 is.
3942 1509 4024 1558 24.
4074 1480 4088 1492 ’

536 1613 776 1684 quam
812 1596 983 1688 ipse
1024 1597 1290 1681 habet,
1355 1601 1487 1674 cui
1537 1601 1686 1674 hoc
1752 1608 1877 1676 est
1944 1627 2078 1671 esse
2187 1603 2278 1675 de
2322 1606 2604 1696 Moyse
2634 1603 2883 1677 etiam
2926 1603 3232 1678 dictum
3263 1606 3430 1675 est:
3465 1605 3551 1669 Et
3579 1624 3739 1669 san-

533 1711 736 1803 quod
786 1737 997 1803 posse.
1033 1715 1329 1788 Dicunt
1396 1717 1669 1798 etiam,
1731 1720 1798 1790 Si
1873 1720 2073 1794 hanc
2187 1724 2703 1806 ctificabiseum.
2750 1722 3250 1813 SedMoyseS
3278 1717 3729 1793 sanctificat

528 1828 981 1918 potentiam
1007 1830 1252 1904 alicui
1288 1833 1481 1905 dare
1514 1834 1806 1927 potuit,
1845 1840 2075 1927 potu-
2188 1836 2642 1910 visibilibus
2708 1838 3264 1914 sacramentis
3311 1856 3457 1932 per
3510 1834 3741 1907 mini·

524 1942 587 2015 it
635 1943 752 2016 eis
795 1945 987 2019 dare
1045 1955 1476 2023 creaturas
1533 1972 1842 2035 creare,
1886 1952 2072 2043 quia
2189 1956 2557 2037 sterium,
2597 1958 2989 2030 Dominus
3029 1960 3304 2029 autem
3349 1949 3739 2027 invisibili

517 2079 680 2132 non
711 2066 835 2135 est
859 2062 1007 2136 hoc
1035 2065 1375 2158 majoris
1414 2068 1795 2158 potentiae
1833 2088 2070 2160 quam
2188 2075 2462 2162 gratia
2504 2096 2649 2170 per
2691 2076 3116 2168 Spiritum,
3156 2071 3286 2144 ubi
3336 2076 3462 2145 est
3512 2072 3735 2146 totus

518 2173 745 2248 illud.
820 2177 935 2251 Ad
988 2181 1189 2273 quod
1264 2182 1418 2254 dici
1497 2189 1789 2275 potest,
1884 2184 2071 2275 quia
2185 2191 2504 2264 fructus
2614 2192 3061 2266 visibilium
3172 2193 3735 2265 sacramento-

518 2294 784 2383 potuit
816 2296 935 2368 eis
1030 2298 1223 2371 dare
1285 2299 1734 2392 potentiam
1794 2301 2069 2373 dimit·
2187 2327 2393 2379 rum.
2434 2308 2618 2383 Sine
2651 2309 2800 2382 hac
2849 2306 3491 2382 sanctificatione
3549 2301 3735 2376 visi·

522 2412 732 2484 tendi
792 2418 1149 2505 peccata,
1193 2436 1352 2488 non
1394 2417 1653 2510 ipsam
1680 2419 2064 2501 eamdem,
2182 2427 2378 2499 bilia
2464 2432 2993 2503 Sacramenta
3088 2427 3201 2499 nil
3294 2428 3728 2518 prosunt.»

525 2548 682 2620 qua
724 2528 896 2622 ipse
953 2537 1240 2624 potens
1300 2539 1457 2620 est,
1540 2535 1676 2607 sed
1732 2535 2070 2628 potenti·
2185 2543 2266 2617 Si
2301 2544 2479 2636 quis
2510 2544 2661 2619 hoc
2698 2544 2983 2618 melius
3037 2543 3361 2637 aperire
3398 2542 3726 2636 poterit,

282 2739 291 2747 ι
337 2740 347 2750 .
518 2663 652 2716 am
685 2652 1074 2731 creatam,
1116 2670 1269 2743 qua
1320 2671 1606 2723 servus
1650 2656 1925 2745 posset
1962 2653 2066 2725 di·
2182 2679 2342 2732 non
2378 2660 2720 2733 invideo.

182 2739 462 2867 {³333ss
520 2760 847 2835 mittere
888 2769 1244 2856 peccata,
1333 2787 1494 2839 non
1526 2771 1797 2840 tamen
1832 2773 1918 2842 ut
1957 2794 2069 2837 au-
2449 2809 2667 2897 (Finis
2768 2822 2981 2877 textus
3039 2808 3412 2898 Maqistri.)

208 2865 461 2977 Mffijgfl'i·
518 2890 656 2946 etor
689 2879 1225 2967 remissionis,
1266 2882 1397 2955 sed
1433 2888 1517 2957 ut
1548 2888 1873 2967 minister,
1921 2906 2063 2959 nec
2338 2896 2341 2900 ’

214 2995 435 3042 tenetur·
518 2997 791 3068 tamen
833 2995 1005 3069 sine
1046 3000 1212 3070 Deo
1254 3004 1637 3082 auctore;
1690 3005 1800 3082 ut,
1852 3001 2063 3074 sicut
2271 2994 2709 3084 Postquam
2754 2994 3153 3085 Magister
3201 2992 3369 3084 egit
3419 2993 3511 3065 de
3575 2993 3726 3063 Ba-

269 4668 345 4717 De

537 383 655 443 500

515 3110 594 3184 in
656 3113 1114 3188 ministerio
1166 3115 1406 3191 habet
1455 3117 1818 3191 exterius
1879 3138 2061 3191 san-

512 3229 895 3312 ctificare,
944 3232 1058 3305 ita
1109 3233 1189 3303 in
1224 3232 1684 3306 ministerio
1728 3233 2098 3310 haberet·

512 3342 857 3416 interius
926 3345 1355 3427 mundare;
1425 3352 1506 3420 et
1576 3347 1784 3420 sicut
1864 3348 2057 3420 illud

510 3458 731 3542 facit,
778 3462 944 3535 Deo
988 3466 1348 3544 auctore,
1408 3465 1541 3555 qui
1584 3484 1769 3536 cum
1821 3483 1916 3535 eo
1978 3469 2058 3537 et

511 3576 591 3648 in
649 3598 742 3649 eo
800 3582 1192 3669 operatur
1242 3578 1434 3652 illud
1484 3579 1871 3662 exterius,
1941 3580 2057 3654 ita

510 3694 938 3768 mundaret
982 3695 1359 3778 interiuS,
1443 3698 1609 3770 Deo
1689 3701 2050 3779 auctore,

509 3811 645 3902 qui
685 3811 860 3903 ejus
894 3812 1141 3884 verbo
1174 3813 1393 3885 velut
1430 3813 1772 3904 quodam
1827 3812 2054 3885 mini-

508 3926 764 3998 sterio
810 3931 1209 4000 uteretur.
1276 3929 1400 4000 Ita
1458 3927 1707 4000 etiam
1778 3930 2052 4019 posset

501 4042 715 4114 Deus
798 4064 941 4135 per
1001 4044 1352 4136 aliquem
1404 4064 1687 4116 creare
1748 4044 2044 4136 aliqua,

496 4178 656 4231 non
711 4180 857 4252 per
888 4182 1070 4233 eum
1108 4165 1493 4253 tanquam
1527 4174 1881 4244 auctorem,
1921 4162 2052 4233 sed

497 4281 904 4360 ministrum,
964 4299 1145 4351 cum
1202 4299 1356 4370 quo
1398 4283 1492 4356 fet
1544 4279 1623 4350 in
1678 4299 1832 4371 quo
1876 4298 2049 4371 ope-

498 4398 784 4475 ratur;
823 4396 1033 4469 sicut
1076 4396 1157 4468 in
1197 4396 1429 4467 bonis
1487 4394 1866 4487 operibus
1908 4416 2048 4468 no-

1714 390 1855 451 LlB.
1908 392 2010 452 lv.
2053 390 2646 456 SENTENTIARUM

2186 3107 2484 3199 ptismo
2537 3109 2617 3181 in
2667 3129 2751 3183 se
2800 3109 3002 3183 etde
3039 3107 3557 3201 suscipiente,
3593 3108 3728 3183 hic

2174 3224 2343 3316 agit
2385 3227 2474 3297 de
2513 3225 2916 3298 ministro.
2964 3224 3238 3297 Primo
3291 3244 3494 3315 ergo
3540 3226 3710 3318 agit

2182 3343 2274 3414 de
2306 3342 2899 3416 conditionibus
2939 3343 3320 3416 ministri.
3358 3344 3717 3417 Secundo

2175 3457 2265 3529 de
2364 3460 2597 3532 modo
2686 3459 3230 3540 ministrandi,
3334 3459 3442 3532 ibi
3513 3486 3529 3530 :
3606 3465 3725 3529 Hic

2172 3576 2371 3641 ctiam
2417 3578 2754 3644 sciendum
2814 3589 2928 3645 est.
2980 3574 3257 3647 Prima
3311 3574 3390 3646 in
3448 3574 3651 3648 duas
3699 3602 3713 3644 ε

2174 3689 2438 3781 primo
2488 3691 2577 3763 de
2638 3691 2998 3765 ministri
3073 3695 3522 3784 potestate:
3600 3713 3713 3764 se-

2170 3809 2424 3881 cundo
2503 3810 2594 3880 de
2670 3810 2846 3901 ejus
2949 3812 3167 3882 statu
3255 3813 3335 3883 et
3429 3810 3709 3900 gradu.

2172 3925 2527 3999 Secunda
2576 3926 2654 3997 in
2707 3925 3108 4018 principio
3150 3925 3331 3998 dist.
3398 3926 3489 3997 6:
3530 3929 3724 3995 Nune

2166 4044 2395 4131 quibus
2426 4045 2622 4125 liceat
2651 4044 3018 4131 baptizare.
3059 4043 3337 4120 Prima
3372 4042 3452 4114 in
3486 4042 3709 4125 duaS,

2169 4158 2429 4251 primo
2485 4158 2859 4239 ostendit,
2907 4158 3112 4249 quod
3152 4158 3296 4231 illa
3338 4163 3704 4251 potestas

2162 4293 2324 4346 non
2381 4277 2502 4347 est
2573 4274 3057 4368 impedibilis
3126 4295 3267 4368 per
3312 4275 3712 4349 malitiam

2162 4388 2566 4472 ministri3
2623 4391 2965 4464 secundo
3027 4391 3121 4463 ad
3193 4391 3374 4486 quid
3437 4413 3519 4464 se
3581 4412 3712 4465 ex-

499 4510 697 4585 stris
733 4510 905 4604 ipse
942 4516 1357 4604 operatur,
1385 4515 1463 4583 et
1490 4532 1673 4593 nos;
1704 4512 2046 4605 necipse
2159 4506 2437 4594 tendit,
2485 4505 2590 4579 ibi
2635 4535 2648 4577 z
2709 4511 2831 4576 Hic
2862 4511 3207 4597 quem-itur.
3280 4507 3560 4581 Prima
3630 4509 3712 4582 in

496 4633 840 4712 tantum,
887 4649 1029 4702 nec
1071 4649 1217 4700 nos
1259 4631 1605 4710 tantum,
1681 4630 1811 4701 sed
1870 4628 2041 4722 ipse
2156 4622 2376 4705 duas,
2418 4623 2683 4715 primo
2721 4623 3094 4708 ostendit,
3143 4625 3347 4718 quod
3380 4626 3494 4699 ita
3537 4630 3706 4709 est3

149 4728 436 4784 Cs⁰”¹³⁰¹¹⁶·
494 4745 916 4818 nobiscum
975 4750 1055 4819 et
1099 4746 1179 4816 in
1221 4745 1477 4827 nobiS,
1514 4747 1592 4817 et
1637 4749 1909 4818 tamen
1960 4746 2042 4817 in
2159 4740 2503 4812 secundo
2621 4741 2968 4814 ostendit
3079 4747 3418 4835 propter
3523 4742 3709 4836 quid

496 4861 660 4933 illis
741 4862 1070 4951 agendis
1132 4865 1430 4930 ministri
1481 4860 1657 4951 ejus
1729 4881 2035 4948 sumuS,

493 4997 653 5049 non
709 4998 985 5049 sumus
1044 4990 1362 5045 auctores.
1459 4977 1586 5049 Ita
1640 4996 1839 5066 ergo
1902 4996 2041 5068 po-

490 5096 651 5170 tuit
694 5095 886 5167 dare
928 5114 1165 5167 servo
1235 5094 1727 5185 potestatem
1770 5090 2038 5165 dimit·
2153 5090 2348 5171 tam,
2459 5077 2974 5181 quaerendum

2158 4855 2272 4927 ita
2305 4859 2453 4939 est,
2492 4855 2597 4927 ibi
2653 4881 2668 4925 ε

2736 4861 2911 4936 Quia
2960 4861 3432 4929 ministerium.

2242 4971 2482 5046 Circa
2553 4971 2757 5045 hanc
2817 4974 3424 5048 distinctionem
3479 4975 3699 5069 quin·

3100 5095 3225 5166 est
3349 5092 3702 5185 qualiter

2150 5204 2468 5280 malitia
2526 5206 3075 5280 ministrantis
3147 5229 3229 5280 se
3297 5208 3541 5283 habet
3607 5208 3704 5283 ad

487 5333 574 5402 ut
626 5326 708 5399 in
745 5324 1259 5400 mundatione
1301 5322 1681 5396 interiori
1744 5342 2028 5394 servus
2149 5319 2835 5413 impedimentum,
2927 5324 3051 5396 vel
3135 5342 3295 5395 non
3374 5323 3698 5417 impedi-

482 5467 628 5511 eum
677 5442 1024 5516 Domino
1080 5445 1606 5534 operaretur;
1658 5459 1817 5510 non
1860 5459 2027 5511 ser·
2146 5442 2506 5511 mentum
2576 5439 3021 5532 Baptismi;
3084 5444 3165 5513 et
3245 5440 3471 5514 circa
3539 5440 3691 5515 hoc

483 5579 629 5633 vus
700 5561 872 5633 sine
930 5558 1302 5642 Domino,
1388 5579 1533 5630 nec
1626 5556 2025 5630 Dominus
2143 5572 2420 5646 quaero
2461 5555 2675 5626 duo:
2726 5556 3115 5638 Primum,
3184 5561 3463 5631 utrum
3528 5577 3687 5631 ma·

488 5213 702 5286 tendi
737 5215 1071 5308 peccata
1129 5210 1209 5282 in
1250 5208 1702 5301 Baptismo,
1755 5207 1827 5279 id
1881 5212 2027 5291 est,
