4287 6313
607 332 728 393 640
1745 335 1888 396 [ΑΒ.
1944 333 2043 397 IV.
2075 333 2673 399 SENTENTIARUM

595 493 889 572 inquam,
949 498 1048 555 est
1109 494 1367 567 falsum,
1430 496 1582 574 quia
1641 502 1822 557 actus
1879 493 2138 555 indiffe-

530 692 555 705 Ι
596 625 772 682 rens,
834 611 886 670 si
948 609 1079 697 fiat
1118 627 1196 672 ex
1253 612 1392 672 solo
1450 609 1578 672 fine
1635 610 2145 688 supernaturali,

604 741 739 786 non
783 725 990 787 solum
1054 744 1188 788 non
1253 726 1375 788 erit
1420 729 1715 801 vitiosuS,
1774 728 1894 788 sed
1951 729 2148 788 etiam

596 843 995 914 meritoriuS,
1032 842 1295 905 dicente
1325 844 1639 920 Apostolo
1678 863 1693 905 ε
1728 847 1880 905 Sive
1919 845 2148 914 edatis,

602 958 734 1018 sive
788 959 1047 1035 bibatis,
1114 961 1244 1019 sive
1308 959 1566 1036 aliquid
1620 960 1807 1022 aliud
1862 961 2148 1035 faciatis,

601 1074 822 1134 omnia
879 1073 947 1134 in
1002 1076 1259 1135 nomine
1300 1075 1564 1136 Domini
1615 1077 1837 1151 facite,
1898 1079 2025 1136 etc.
2086 1079 2153 1136 et

600 1190 970 1253 secundum
1042 1190 1201 1254 illud
1281 1192 1556 1254 Matthaei
1625 1213 1639 1255 ε
1718 1196 1842 1265 Qui
1906 1195 2155 1255 dederit

602 1306 869 1367 calicem
915 1324 1101 1383 aquae
1127 1308 1411 1384 friyidae,
1466 1310 1822 1370 mercedem
1863 1309 2148 1385 recipiet.

604 1422 697 1481 Ex
769 1437 897 1498 quo
975 1421 1339 1484 confirmari
1412 1428 1632 1502 potest
1687 1425 1849 1486 ratio
1915 1427 2153 1500 posita,

602 1535 754 1612 quia
812 1539 868 1599 si
912 1541 1324 1615 praeceptum
1381 1537 1542 1599 illud
1617 1537 1699 1598 de
1755 1537 2153 1616 rectitudine

605 1652 883 1712 naturali
950 1652 1032 1713 sit
1083 1652 1535 1716 determinatae
1592 1655 2010 1732 obligationis
2077 1654 2154 1714 ad

606 1777 1032 1838 honestatem
1091 1778 1153 1838 in
1198 1794 1475 1857 genere,
1532 1780 1659 1841 hoc
1706 1787 1826 1854 est,
1886 1784 2152 1841 natura-

613 1894 744 1954 lem
787 1892 1066 1965 virtutiS,
1141 1909 1274 1955 non
1329 1898 1547 1973 potest
1614 1894 1943 1958 excedere
2002 1909 2152 1972 pro-

607 2009 815 2087 priam
867 2010 1234 2082 materiam,
1268 2017 1334 2072 et
1374 2015 1508 2074 sive
1554 2011 1966 2088 prohibitive,
2021 2012 2158 2073 sive

609 2126 1026 2202 praeceptive,
1060 2130 1127 2185 et
1158 2123 1538 2187 affirmative
1588 2127 2014 2203 concipiatur,
2045 2143 2161 2203 pe-

609 2240 796 2302 rinde
845 2241 1162 2320 obligabit
1193 2241 1276 2303 ad
1306 2243 1725 2304 honestatem
1766 2243 2156 2305 naturalem.

692 2357 976 2418 Primum
1021 2365 1121 2419 est
1161 2355 1421 2430 falsum,
1473 2358 1623 2436 quia
1670 2372 1877 2437 agens
1926 2374 2160 2434 secun-

613 2469 771 2532 dum
830 2473 1128 2534 virtutem
1188 2473 1656 2552 Theologicam
1709 2490 1843 2534 non
1900 2479 2166 2535 tenetur

614 2604 865 2664 ponere
897 2591 1186 2667 aliquam
1232 2590 1690 2652 rectitudinem
1722 2590 1972 2652 virtutis
2017 2606 2161 2650 mo-

613 2704 766 2765 ralis
799 2709 863 2765 et
907 2706 1241 2778 naturaliS,
1279 2706 1545 2784 quando
1593 2722 1727 2767 non
1771 2706 1968 2767 habet
2015 2720 2164 2767 con-

615 2820 972 2882 nexionem
1062 2838 1183 2898 per
1258 2839 1328 2882 se
1404 2822 1868 2896 necessariam,
1965 2837 2163 2899 quam

619 2953 886 3016 semper
953 2938 1201 3000 habere
1281 2944 1381 3000 est
1451 2940 1717 3001 omnino
1788 2938 2024 3001 falsum
2098 2944 2165 3001 et

299 3079 411 3128 Non
457 3092 566 3129 esse
621 3054 1070 3132 paradoxum;
1120 3073 1281 3136 ergo
1338 3058 1393 3118 si
1450 3058 1515 3117 in
1570 3058 1669 3117 his
1712 3074 1845 3118 non
1889 3058 2163 3138 obligat,

277 3147 584 3257 Pffiffiffig‘
625 3171 717 3231 sic
763 3176 956 3235 etiam
1002 3174 1252 3235 nullum
1305 3178 1406 3236 est
1457 3181 1854 3254 praeceptum
1909 3178 2002 3238 sic
2054 3175 2169 3237 ob-

327 3267 556 3333 ⁰b¹³8³¹¹⁸
627 3286 838 3367 ligans
906 3290 1261 3363 hominem,
1332 3294 1405 3351 ut
1492 3296 1646 3369 agat
1734 3289 2167 3355 determinate

267 3330 603 3383 determinate

270 3392 592 3508 boneffiam
628 3406 822 3468 modo
874 3407 1046 3468 dicto
1084 3407 1453 3469 secundum
1512 3409 1929 3471 honestatem
1986 3415 2168 3471 natu-

272 3521 350 3592 ‚in
380 3534 567 3629 gener?
622 3523 853 3596 ratem,
884 3523 952 3583 in
979 3523 1252 3602 singulis
1298 3524 1611 3601 operibus
1660 3525 1820 3598 suiS,
1872 3530 1945 3585 ut
1988 3529 2171 3603 patet

269 3597 687 3701 ¹¹2ci³i¹ss¹ugs¹s¹⁸in
732 3640 1042 3718 operibus
1091 3641 1538 3721 Theologicis;
1597 3657 1818 3720 neque
1863 3645 2057 3705 etiam
2100 3660 2168 3704 in

620 3757 763 3819 aliis
807 3757 1119 3833 operibus
1166 3756 1690 3819 indifferentibus
1719 3758 2015 3821 similiter
2045 3760 2168 3820 ob-

620 3874 780 3952 ligat
811 3872 896 3933 ad
926 3872 1343 3936 honestatem
1372 3874 1743 3935 naturalem
1774 3872 2164 3937 determina-

618 3997 706 4066 te,
733 3991 907 4070 quia,
941 3996 1014 4052 ut
1045 3989 1290 4052 dictum
1323 3998 1445 4063 est,
1482 4008 1629 4052 cum
1649 3991 1732 4052 sit
1752 3994 2168 4068 praeceptum

613 4109 938 4174 naturale.
985 4123 1254 4185 semper
1308 4107 1658 4187 obligaret,
1716 4112 1782 4168 et
1831 4124 1948 4185 pro
1999 4123 2169 4168 sem-

615 4242 759 4302 per,
822 4226 875 4286 si
934 4228 1036 4287 est
1090 4225 1497 4306 negativum,
1556 4226 1662 4288 vel
1705 4241 1828 4305 per
1887 4224 2165 4286 modum

614 4337 905 4417 negativi
934 4354 1008 4399 se
1056 4338 1350 4411 habens;
1400 4339 1520 4400 sed
1570 4356 1735 4416 opus
1786 4338 2172 4402 indifferens

617 4452 859 4514 factum
894 4471 976 4515 ex
1007 4456 1244 4516 motivo
1288 4455 1433 4517 finis
1476 4459 2024 4533 supernaturalis,
2058 4462 2173 4520 aut

620 4570 873 4632 virtutis
943 4569 1354 4650 Theologicae
1419 4574 1714 4651 praecise,
1775 4589 1910 4637 non
1970 4575 2174 4638 habet

619 4686 820 4748 ullam
874 4685 1293 4748 honestatem
1338 4690 1404 4749 in
1449 4704 1702 4767 genere
1765 4696 1878 4752 aut
1920 4692 2169 4769 specle,

620 4818 764 4880 quae
821 4803 902 4864 sit
957 4803 1211 4865 virtutis
1269 4804 1529 4865 moralis
1585 4806 1939 4880 naturalis;
2008 4823 2168 4887 ergo

621 4917 819 4979 etiam
867 4918 1123 4979 nullum
1156 4924 1256 4980 est
1287 4919 1414 4980 tale
1458 4926 1854 4999 praeceptum
1902 4920 1997 4984 sic
2056 4925 2169 4985 ob-

618 5032 831 5110 ligans
874 5032 1311 5096 determinate
1342 5032 1426 5094 ad
1472 5035 1673 5095 talem
1721 5037 2165 5101 honestatem.

618 5147 681 5209 Si
726 5153 947 5211 autem
1005 5149 1089 5210 sit
1146 5155 1546 5228 praeceptum
1593 5167 1777 5214 mere
1836 5152 2170 5216 affirmati-

617 5281 795 5338 vum,
841 5271 913 5328 ut
973 5282 1119 5328 esse
1154 5267 1376 5338 debet,
1425 5271 1608 5346 patet
1639 5285 1720 5330 ex
1767 5277 1997 5332 natura
2048 5270 2165 5331 hu-

609 5381 722 5462 jus
772 5384 1080 5459 praecepti
1132 5399 1265 5444 non
1314 5383 1537 5446 inferri
1581 5386 2053 5467 obligationem
2097 5390 2165 5451 in

618 5498 894 5578 singulis
967 5500 1280 5577 operibus
1370 5499 1772 5578 deliberatiS,
1849 5501 1971 5565 sed
2043 5519 2163 5581 pro

2246 494 2685 558 determinato
2758 501 3053 575 tempore
3126 504 3191 561 et
3263 497 3786 569 circumstantiiS‚

2244 629 2388 689 quae
2433 629 2562 674 non
2619 618 2966 676 occurrunt
3029 632 3143 694 pro
3190 630 3479 691 semper.

2325 728 2540 788 Tertio
2600 727 2986 791 reducendo
3029 730 3201 791 hanc
3254 727 3653 791 sententiam
3708 726 3792 787 ad

2248 843 2499 920 praxim
2586 847 3039 915 conscientiae,
3127 845 3392 907 videtur
3457 843 3791 921 implicare

2244 957 2454 1035 plura,
2503 975 2649 1036 quae
2713 974 2848 1020 non
2891 960 3281 1040 subsistunt,
3341 958 3493 1039 quia
3550 973 3789 1036 seque·

2246 1079 2431 1136 retur
2472 1074 2773 1136 homines
2822 1075 2917 1137 sic
2965 1076 3356 1153 plerumque
3401 1089 3705 1152 peccare,
3738 1074 3793 1133 si

2252 1195 2352 1251 est
2398 1190 2541 1251 talis
2585 1190 2921 1271 obligati0‚
2970 1191 3120 1268 quia
3176 1206 3395 1269 neque
3447 1189 3568 1266 ipsi
3642 1204 3791 1266 per·

2249 1304 2403 1369 fecti
2460 1310 2677 1369 omnia
2734 1323 2850 1368 sua
2896 1306 3190 1370 referunt
3244 1309 3308 1368 in
3364 1306 3565 1368 finem
3610 1313 3796 1369 natu·

2249 1423 2483 1484 ralem.
2533 1422 2718 1485 Unde
2788 1426 3007 1500 praxis
3064 1423 3457 1500 poenitentiae
3507 1439 3641 1485 non
3698 1421 3790 1482 vi·

2255 1539 2447 1601 detur
2490 1537 2841 1601 admittere
2874 1539 3071 1601 talem
3113 1537 3609 1615 obligationem,
3645 1535 3797 1613 quia

2253 1669 2471 1733 neque
2533 1654 2766 1716 fideles
2822 1656 2889 1716 in
2943 1652 3044 1713 his
3099 1650 3351 1713 faciunt
3405 1651 3797 1729 scrupulum

2253 1770 2319 1830 in
2369 1771 2744 1843 omissione,
2806 1768 3057 1831 scilicet
3109 1766 3396 1829 faciendi
3439 1767 3657 1830 omnia
3700 1767 3800 1827 in-

2259 1887 2627 1949 differentia
2674 1905 2754 1950 ex
2785 1887 2914 1949 fine
2945 1888 3226 1948 honesto
3270 1886 3546 1957 virtutis,
3581 1901 3801 1962 neque

2255 2004 2691 2077 confessoreS,
2739 2011 2851 2067 aut
2899 2004 3268 2067 Summistae
3318 2003 3416 2063 his
3449 2002 3800 2079 plurimum

2258 2120 2693 2196 implicantur,
2763 2137 2847 2181 an
2922 2119 3169 2180 scilicet
3242 2121 3389 2196 quis
3449 2117 3805 2195 projecerit

2255 2235 2543 2314 lapidem
2581 2239 2646 2298 in
2692 2253 2876 2317 agre,
2923 2244 3037 2300 aut
3093 2238 3520 2299 summoverit
3575 2252 3658 2297 ex
3699 2238 3806 2299 iti-

2259 2369 2419 2415 nere
2491 2352 3067 2430 impedimentum,
3138 2354 3245 2415 vet
3302 2360 3483 2416 sutor
3538 2353 3668 2415 suit
3724 2369 3805 2413 ex

2259 2470 2614 2533 honestate
2650 2472 2921 2544 virtutiS‚
2956 2489 3099 2550 quae
3144 2473 3226 2535 ab
3258 2473 3398 2550 ipso
3433 2477 3500 2535 et
3544 2473 3803 2552 objecto

2264 2588 2411 2666 ejus
2479 2588 2865 2665 separabilis
2917 2593 3041 2658 est,
3118 2592 3434 2665 tanquam
3479 2586 3626 2648 finis
3696 2603 3804 2647 ex-

2264 2703 2586 2762 trinsecus
2630 2704 2839 2778 operi,
2901 2718 3120 2780 neque
3167 2702 3362 2764 etiam
3425 2701 3800 2764 absolvere-

2266 2825 2369 2881 tur
2427 2822 2492 2879 tn
2569 2817 2712 2883 foro
2793 2821 3216 2896 poenitentiae,
3297 2819 3408 2898 qui
3479 2820 3633 2881 solis
3703 2820 3803 2882 his

2265 2931 2518 2992 actibus
2590 2928 2944 2992 accederet
3014 2949 3095 2994 ex
3185 2931 3449 2995 defectu
3518 2934 3807 2995 materiae

2264 3052 2670 3116 sufficientis.
2723 3054 3092 3117 Adversarii
3140 3071 3272 3116 non
3315 3056 3598 3132 probant
3639 3056 3808 3117 hanc

2264 3173 2540 3251 praxim,
2586 3170 2708 3233 sed
2757 3173 3124 3234 communis
3174 3175 3317 3235 sine
3360 3177 3624 3255 urgenti
3651 3173 3801 3236 fun-

2267 3287 2576 3351 damentc
2630 3305 2764 3349 non
2824 3294 2924 3350 est
2977 3289 3451 3367 improbanda;
3513 3295 3581 3351 et
3635 3289 3795 3351 alio-

2265 3407 2422 3486 quin
2468 3421 2613 3465 curn
2674 3421 2988 3466 numerus
3046 3412 3468 3482 peccatorum
3526 3423 3608 3468 ex
3667 3409 3807 3470 Tri-

2264 3520 2535 3582 dentino
2592 3537 2741 3582 sess.
2807 3521 2899 3582 14.
2981 3538 3125 3597 cap.
3187 3523 3246 3583 5.
3309 3539 3392 3584 ex
3466 3528 3805 3600 praecepto

2264 3636 2668 3698 sacramenti
2757 3633 3000 3698 debeat
3088 3636 3411 3711 confiteri,
3482 3639 3609 3700 hoc
3677 3655 3809 3716 prae

2262 3752 2531 3831 reliquis
2582 3752 3072 3814 incommodum
3140 3755 3570 3831 suboriretur,
3627 3755 3808 3834 quod

2259 3870 2369 3931 vix
2440 3868 2770 3946 poenitens
2828 3869 3202 3932 examinare
3283 3873 3490 3948 possit
3546 3873 3805 3950 integre

2263 3983 2759 4056 conscientiam,
2807 3989 2923 4046 aut
2976 3983 3273 4048 confiteri
3328 3987 3584 4066 singula
3634 3986 3811 4066 ejus-

2262 4098 2464 4172 modi,
2510 4107 2575 4162 et
2605 4100 2710 4162 vix
2761 4098 3056 4178 expediri
3100 4101 3305 4178 possit
3334 4117 3369 4163 a
3401 4099 3809 4174 confessore,

2260 4214 2391 4276 irno
2426 4220 2493 4276 et
2531 4216 2638 4277 vix
2686 4214 2966 4279 discerni
3009 4216 3181 4279 inter
3224 4218 3402 4294 ipsos
3451 4223 3651 4291 actus,
3705 4219 3815 4296 qui

2266 4349 2348 4394 ex
2379 4333 2641 4412 objecto
2672 4339 2826 4396 sunt
2855 4334 3334 4408 indifferentes,
3382 4351 3603 4413 neque
3657 4351 3814 4397 con-

2262 4455 2390 4511 stat
2422 4467 2502 4511 ex
2537 4449 2664 4512 fine
2715 4452 2975 4514 vitiatos
3018 4468 3190 4524 esse,
3236 4453 3361 4513 nisi
3407 4454 3472 4513 in
3518 4469 3596 4513 eo
3641 4453 3812 4526 solu,

2266 4565 2448 4646 quod
2502 4565 2866 4629 deliberate
2909 4566 3092 4630 factae
3148 4567 3328 4644 sint;
3377 4584 3503 4629 nec
3562 4572 3811 4630 constat

2263 4685 2317 4745 si
2347 4700 2428 4745 ex
2459 4685 2702 4746 motivo
2755 4686 3013 4746 honesti
3090 4690 3204 4747 aut
3253 4686 3664 4748 necessitatis
3702 4686 3812 4749 ali·

2268 4801 2456 4880 cujus
2489 4801 2801 4862 naturalis
2851 4801 3204 4876 commodi,
3237 4802 3367 4863 imo
3405 4805 3568 4863 circa
3602 4803 3813 4880 ipsam

2266 4917 2811 4982 deliberationem
2860 4919 3243 4998 requisitam
3291 4920 3567 4983 haerebit
3610 4921 3809 4997 poeni-

2269 5043 2434 5099 tens.

2346 5152 2687 5225 Praeterea,
2736 5168 3035 5231 quaenam
3088 5154 3320 5232 regula
3365 5153 3430 5215 in
3481 5153 3581 5215 his
3627 5152 3813 5235 judi-

2268 5268 2493 5330 candis
2537 5269 2781 5330 servari
2846 5275 3067 5347 potest
3124 5285 3160 5329 a
3224 5267 3674 5333 confessario?
3728 5287 3811 5332 an

2263 5388 2336 5446 ut
2372 5385 2666 5447 mortalia
2703 5383 3049 5464 judicabit,
3098 5390 3164 5445 et
3206 5387 3433 5463 puniet
3476 5387 3811 5467 graviter?

2259 5518 2342 5564 an
2398 5503 2614 5565 solum
2674 5507 2747 5563 ut
2809 5502 3110 5577 venialia,
3183 5501 3451 5565 leviter?
3510 5503 3796 5565 Primum

3949 720 4015 769 27

3903 782 4090 833 Tertia

3911 845 4057 895 ratio
4070 884 4082 894 .

3843 910 3928 959 Ab
3957 908 4142 959 incon-

3865 972 4098 1021 venienti
4109 1009 4123 1028 ,

3857 1038 3908 1083 et
3959 1034 4131 1098 praxi.

3884 3559 4122 3612 Trident.

3974 5201 4060 5253 28.
