4287 6313
647 379 765 442 301

634 540 814 607 sterii
849 541 1387 632 Trinitatis,quod
1414 545 1800 634 proponitur
1830 545 1897 612 in
1931 546 2175 623 forma;
2216 581 2225 592 ·

634 657 910 748 ideoque
950 659 1257 748 Magister
1310 661 1381 729 in
1440 661 1657 729 littera
1697 662 2178 730 invocationem

631 787 695 841 et
789 775 982 842 fidem
1077 799 1193 845 seu
1289 779 1769 846 confessionem
1841 777 2180 846 Trinitatis

628 911 1019 980 synonyme,
1074 907 1138 960 et
1178 915 1306 960 non
1376 895 1498 962 sub
1566 895 2004 983 disjunctione
2068 904 2180 960 aut

629 1006 1008 1075 diversitate
1039 1009 1284 1090 sumit;
1323 1008 1492 1098 quod
1539 1011 1924 1078 Ambrosius
1957 1012 2037 1078 ab
2067 1032 2179 1077 eo-

625 1118 772 1187 dem
801 1122 1040 1190 citatus
1082 1123 1256 1206 facit,
1302 1138 1366 1192 et
1408 1125 1946 1193 Altisiodorensis
1978 1137 2172 1193 tract.

624 1240 689 1303 3.
749 1261 895 1325 cap.
940 1243 1005 1320 4,
1061 1252 1287 1328 quoest.
1336 1246 1401 1308 4.
1445 1240 1642 1310 fidem
1719 1254 1785 1309 et
1862 1242 2179 1310 unitatem

628 1354 740 1420 Dei
807 1353 1049 1436 debere
1136 1357 1417 1444 exprimi
1472 1358 1777 1426 informa
1835 1359 2173 1447 Baptismi,

628 1489 899 1536 sumens
975 1470 1083 1538 illa
1150 1493 1538 1560 synonyme,
1585 1493 1820 1562 nempe
1865 1474 2069 1557 fidem
2116 1486 2182 1540 et

633 1586 972 1668 unitatem,
1028 1587 1132 1655 cui
1164 1589 1585 1657 consentiunt
1615 1593 1842 1657 Patres
1877 1589 2081 1656 citati.

720 1704 816 1767 Ex
859 1703 961 1769 his
1009 1714 1182 1791 patet
1212 1704 1292 1773 ad
1340 1706 1725 1786 secundum,
1763 1706 1937 1771 illam
1972 1706 2181 1793 parti-

635 1816 872 1898 culam,
945 1819 1048 1884 vel
1112 1819 1178 1885 in
1219 1842 1312 1902 se,
1381 1821 1485 1887 vel
1527 1820 2001 1909 aequivalenter
2066 1843 2177 1889 ex-

636 1953 956 2018 pressam,
1017 1956 1164 2002 esse
1230 1937 1775 2015 substantialem;
1850 1936 2021 2004 unde
2060 1937 2175 2023 qui

559 2095 574 2106 -
632 2048 877 2117 diceret
918 2053 988 2117 in
1010 2053 1404 2134 nominibuS,
1445 2055 1519 2120 in
1558 2053 2088 2134 auctoritatibus,
2107 2054 2180 2119 in

623 2168 1055 2253 potestatibus
1111 2170 1340 2236 Patris
1383 2184 1442 2235 et
1489 2169 1685 2250 Filii,
1727 2185 1852 2237 etc.
1882 2170 2049 2236 nihil
2076 2169 2180 2235 fa·-

636 2293 832 2350 ceret.

413 2403 491 2454 ⁴4·
720 2397 842 2465 Sed
910 2399 1066 2487 quid
1131 2400 1501 2481 dicendum,
1579 2422 1660 2469 an
1723 2401 2038 2491 particula
2103 2403 2180 2468 in

628 2513 733 2580 vel
769 2537 892 2602 per
925 2515 1324 2585 sufficienter
1361 2519 1624 2586 denotet
1663 2519 1979 2587 unitatem
2024 2539 2168 2606 per-

635 2632 1004 2699 sonarum?
1055 2646 1123 2700 ut
1188 2635 1244 2702 si
1293 2637 1434 2724 quis
1506 2637 1786 2723 baptizet
1844 2639 1916 2703 in
1972 2638 2179 2702 Patre

635 2758 695 2814 et
753 2748 931 2815 Filio
981 2760 1041 2815 et
1080 2752 1344 2837 Spiritu
1388 2753 1670 2820 sancto?
1723 2753 1825 2820 vel
1878 2774 2000 2841 per
2047 2754 2178 2818 Pa-

640 2873 806 2930 trem
843 2877 904 2932 et
942 2866 1194 2933 Filium
1223 2880 1282 2935 et
1320 2871 1654 2955 Spiritum
1691 2882 2011 2952 sanctum,
2050 2881 2173 2936 ete.

320 3002 578 3066 quuez.
635 2982 805 3069 quod
856 2983 1124 3069 perinde
1172 2996 1293 3053 est.
1337 2989 1631 3074 Vasquez
1670 2999 1735 3054 et
1774 2987 1882 3054 alii
1926 2987 2175 3054 moder·

638 3098 704 3164 ni
742 3098 1046 3169 videntur
1079 3121 1318 3190 negare
1375 3103 1776 3191 Baptismum
1816 3125 1961 3171 esse
2016 3102 2179 3171 vali-

638 3214 820 3298 dum,
872 3217 1024 3305 quia
1062 3216 1253 3286 debet
1308 3220 1586 3306 exprimi
1653 3220 1868 3289 unitas
1917 3218 2178 3293 divina-

640 3352 785 3399 rum
844 3354 1271 3420 personarum
1313 3336 1379 3401 in
1431 3336 1661 3404 forma.
1724 3337 2179 3423 Respondetur

295 3485 604 3553 Responsio.
638 3457 879 3528 tamen,
916 3449 1097 3515 salvo
1132 3449 1381 3517 meliori
1426 3450 1696 3539 judici0‚
1737 3451 1803 3517 in
1838 3451 1943 3517 illa
1974 3452 2178 3518 forma

639 3562 1039 3631 sufficienter
1105 3566 1386 3652 exprimi
1426 3567 1761 3649 unitatem,
1797 3571 1910 3657 qui
1952 3569 2176 3656 expri-

640 3677 838 3746 mitur
878 3678 943 3745 in
976 3700 1050 3747 ea
1106 3701 1303 3749 causa
1332 3683 1708 3771 principalis
1759 3684 2177 3751 sanctificans

635 3807 699 3861 et
766 3795 897 3862 illae
971 3798 1455 3886 propositiones
1479 3801 1551 3866 in
1599 3813 1661 3866 et
1686 3801 2181 3887 perdesignant

634 3912 1089 3980 auctoritatem
1136 3926 1199 3981 et
1260 3927 1646 4002 potestatem
1694 3917 1894 3984 trium
1957 3938 2175 4003 perso-

632 4049 862 4096 narum
933 4051 1153 4097 unam.
1219 4033 1403 4099 Unde
1441 4033 1788 4119 Apostolus
1828 4032 1909 4099 ad
1942 4037 2178 4101 Roma-

634 4164 751 4211 nos
792 4149 855 4212 6.
934 4147 1337 4236 Quicumque
1400 4149 1727 4235 baptizati
1788 4171 2013 4214 sumus
2100 4151 2179 4215 in

637 4261 902 4327 Christo
931 4263 1238 4341 Iesu,etc.
1274 4263 1352 4330 ad
1372 4263 1625 4331 Galatas
1667 4269 1729 4330 3.
1774 4265 2178 4350 Quicumque

631 4380 703 4443 in
748 4379 1014 4444 Christo
1068 4380 1221 4445 lesu
1274 4381 1598 4466 baptizati
1653 4381 1828 4459 estis,
1908 4395 2032 4448 etc.
2098 4380 2177 4447 ad

635 4494 953 4582 Ephesios
1000 4495 1065 4566 4.
1119 4496 1338 4562 Nolite
1385 4497 1783 4563 contristare
1839 4497 2177 4583 Spiritum

631 4622 933 4685 sanctum
990 4613 1131 4693 Dei,
1182 4614 1256 4678 in
1315 4633 1440 4699 quo
1506 4613 1759 4699 siynati
1815 4614 1993 4691 estis,
2043 4623 2169 4680 ete.

634 4725 711 4791 ad
772 4726 1016 4793 coloss,
1056 4730 1118 4794 2.
1157 4729 1231 4794 in
1259 4748 1384 4814 quo
1414 4729 1789 4794 circumcisi
1838 4730 2013 4807 est-is,
2043 4742 2171 4794 etc.

632 4842 880 4917 Quibus
946 4842 1015 4908 in
1053 4843 1212 4909 locis
1273 4843 1588 4929 particula
1657 4845 1733 4908 in
1822 4864 1902 4909 ex
1987 4842 2176 4910 modo

634 4956 940 5045 loquendi
993 4959 1345 5045 Scripturae
1410 4958 1711 5045 designat
1790 4970 2174 5046 potestatem

636 5085 700 5141 et
729 5075 1179 5142 auctoritatem
1230 5075 1429 5142 trium
1482 5096 1930 5162 personarum,
1970 5075 2176 5141 maxi-

646 5211 747 5257 me
771 5192 958 5279 juxta
997 5192 1471 5278 expositionem
1504 5213 1757 5273 eorum,
1792 5192 1900 5281 qui
1935 5202 2177 5279 negant

641 5306 846 5375 fuisse
922 5308 1109 5375 aliter
1139 5308 1360 5375 datum
1402 5308 1763 5396 Baptisma,
1801 5319 1865 5376 et
1905 5307 2176 5389 perinde

635 5437 737 5492 est
793 5424 1008 5492 dicere
1071 5426 1408 5513 baptizari
1464 5427 1538 5492 in
1582 5426 1846 5493 Christo
1874 5426 2049 5498 lesu,
2100 5445 2175 5491 ac

631 5543 972 5632 baptisari
1016 5544 1093 5610 in
1156 5544 1426 5609 nomine
1477 5543 1733 5609 Christi
1796 5543 1973 5608 lesu.

1823 383 1964 445 [ΑΒ.
2011 382 2113 446 lV.
2162 383 2757 448 SENTENTIARUM

2382 549 2589 623 Quam
2641 547 2917 616 formam
2976 548 3287 635 loquendi
3318 547 3647 635 expressit
3707 550 3831 612 Pe-

2294 671 2435 727 trus
2469 669 2608 730 Act.
2657 666 2720 730 2.
2769 666 3165 750 Baptizatur
3219 665 3669 752 unusquisque
3700 685 3833 730 ves-

2294 787 2472 841 trum
2494 779 2565 843 in
2590 781 2859 845 nomine
2894 781 3170 847 Domini
3206 783 3421 847 nostri
3447 782 3601 847 lesu
3635 780 3805 845 Chri
3817 817 3839 827 -

2289 894 2704 980 sti,etc.ergo
2736 894 2964 962 eodem
2997 896 3188 963 modo
3208 895 3538 984 significat
3565 907 3845 982 potesta-

2290 1020 2447 1088 tem,
2491 1024 2558 1075 et
2612 1032 2850 1077 nomen
2912 1012 3142 1077 Patris
3199 1025 3260 1078 et
3297 1012 3466 1077 Filii
3516 1021 3577 1077 et
3621 1011 3846 1097 Spiri-

2291 1132 2392 1189 tus
2428 1127 2666 1204 sancti,
2722 1127 2917 1193 etiam
2958 1129 3081 1195 sub
3127 1128 3378 1195 ratione
3410 1126 3681 1194 unitatis
3723 1147 3838 1193 seu

2290 1240 2510 1320 unius,
2555 1241 2750 1308 etiam
2789 1243 2869 1310 de
2898 1244 3118 1331 rigore
3148 1245 3471 1311 sermonis
3526 1243 3835 1333 quoniam

2291 1355 2435 1421 sine
2491 1357 2883 1438 differentia,
2974 1373 3038 1426 et
3124 1359 3538 1427 uniformiter
3595 1358 3842 1424 adtres

2292 1494 2605 1558 personas
2637 1475 2938 1554 refertur,
3002 1489 3066 1543 et
3105 1476 3418 1564 supponit
3464 1496 3579 1562 pro
3631 1487 3845 1560 potes-

2291 1601 2445 1668 tate,
2526 1610 2720 1677 quam
2788 1590 2853 1655 in
2924 1613 2995 1657 re
3052 1591 3195 1678 ipsa
3263 1593 3505 1659 habent
3583 1610 3835 1667 unam;

2293 1726 2412 1772 nee
2493 1705 2850 1793 requiritur
2896 1708 3239 1794 expressio
3309 1707 3589 1774 unitatis
3647 1705 3840 1772 aliter

2290 1844 2483 1909 quam
2520 1823 2854 1911 implicite,
2909 1825 3061 1912 quia
3095 1825 3407 1912 particula
3438 1826 3505 1891 in
3539 1826 3836 1902 nomine,

2290 1960 2366 2005 eo
2414 1940 2555 2027 ipso
2586 1940 2755 2028 quod
2791 1941 2855 2006 in
2915 1942 3234 2029 singulari
3283 1940 3568 2029 ponitur,
3614 1939 3836 2027 arguit

2291 2055 2606 2123 unitatem
2676 2078 2753 2124 ex
2817 2059 3008 2124 modo
3090 2057 3504 2145 significandi
3546 2054 3838 2144 singula·

2290 2171 2470 2254 riter,
2561 2194 2689 2241 non
2765 2175 3072 2262 exprimit
3140 2174 3554 2242 institutione
3629 2173 3836 2261 prima

2288 2289 2494 2356 vocis,
2582 2290 2743 2357 Hinc
2808 2291 3200 2359 Athanasius
3294 2291 3361 2357 in
3458 2289 3830 2386 'Symboloz
3909 2303 4140 2373 Attana-

2290 2405 2463 2470 Deus
2494 2406 2737 2486 Pater,
2796 2408 2969 2472 Deus
3048 2407 3280 2487 Filius,
3360 2407 3534 2471 Deus
3611 2405 3836 2490 spiri·
3953 2380 4083 2417 ⁸¹⁰³·

2289 2529 2391 2585 tus
2444 2523 2733 2601 sanctus,
2800 2541 2931 2586 non
2966 2520 3309 2609 nugatorie
3339 2520 3686 2608 subjungit
3724 2539 3833 2585 ex-

2288 2630 2582 2716 plicitum
2613 2643 3004 2718 conceptum
3037 2632 3332 2714 unitatis,
3360 2653 3497 2698 non
3531 2643 3660 2697 tres
3694 2632 3832 2710 Dii,

2285 2748 2402 2814 sed
2455 2770 2623 2816 unus
2688 2762 2781 2817 est
2847 2752 3064 2817 Deus:
3130 2751 3558 2837 Omnipotens
3601 2750 3836 2826 Pater,·

2286 2867 2698 2951 omnipotens
2782 2866 3018 2947 Filius,
3073 2878 3195 2934 ete.
3247 2887 3383 2932 non
3429 2876 3559 2931 tres
3622 2867 3838 2931 omni-

2282 2991 2594 3068 potentes,
2642 2982 2757 3048 sed
2814 3004 2984 3049 unus
3048 2985 3486 3069 omnipotens,
3564 2992 3687 3047 etc.
3773 2994 3837 3047 et

2290 3098 2728 3186 Hieronymus
2802 3097 2882 3165 ad
2939 3098 3258 3186 Ephesios
3314 3104 3378 3165 4.
3449 3097 3626 3166 Unus
3710 3099 3835 3165 Do-

2289 3217 2531 3293 minus,
2590 3226 2710 3282 etc.
2793 3236 2927 3282 non
2993 3215 3413 3301 baptizamur
3477 3217 3550 3282 in
3618 3217 3832 3280 nomi-

2290 3330 2480 3395 nibus
2544 3330 2773 3395 Patris
2841 3340 2900 3395 et
2960 3331 3148 3409 Filii,
3213 3342 3331 3396 etc.
3410 3328 3527 3395 sed
3591 3330 3666 3394 in
3726 3351 3834 3395 no·

2290 3447 2469 3511 mine
2514 3467 2644 3513 uno
2693 3447 2866 3533 quod
2906 3447 3317 3533 intelliyitur
3370 3447 3567 3526 Deus,
3604 3457 3731 3512 etc.

2385 3563 2547 3629 Huic
2611 3563 2958 3629 sententiae
3000 3563 3173 3629 favet
3229 3560 3671 3629 Tertullianus
3716 3560 3832 3626 lib.
3865 3630 3909 3679 Τ
3987 3568 4081 3644 45..

2290 3678 2373 3745 de
2422 3679 3044 3766 proescriptionibus
3129 3678 3445 3746 adversus
3512 3678 3833 3757 hae1·eseS,
3910 3634 4178 3683 ertuumu.

2288 3815 2430 3881 cap.
2512 3796 2621 3861 20.
2663 3795 2869 3859 Iussit
2915 3804 3139 3881 qentes
3180 3792 3544 3881 baptizari,
3594 3791 3832 3882 inquit,

2291 3910 2551 3999 (supple
2616 3909 2937 3996 Christus)
3001 3911 3503 3997 tinyenPatrem
3523 3920 3583 3975 et
3671 3914 3842 3975 tesin

2292 4028 2544 4095 Fili-um
2627 4037 2687 4092 ct
2755 4028 3090 4113 Spiritum
3145 4039 3467 4093 sanctum.
3576 4028 3654 4091 Et
3719 4025 3836 4092 lib.

2289 4154 2512 4209 contra
2590 4145 2926 4221 Praxeam,
2991 4161 3134 4227 cap.
3178 4143 3287 4207 26.
3372 4139 3718 4220 Mandans,
3770 4151 3839 4204 ut

2292 4260 2623 4346 tinqerent
2682 4260 2757 4324 in
2805 4258 3079 4325 Patrem
3112 4262 3174 4323 et
3228 4258 3500 4337 Filium,
3552 4268 3614 4322 et
3678 4257 3838 4343 Spi-

2287 4377 2495 4441 ritum
2531 4386 2852 4454 sanctum,
2902 4388 3023 4442 ete.
3064 4375 3525 4461 Hieronymus.
3572 4373 3837 4461 dialogo

2290 4502 2514 4557 contra
2611 4490 3080 4566 Luciferianos,
3152 4511 3296 4576 cap.
3390 4495 3452 4556 3.
3531 4492 3699 4556 Cum
3765 4493 3836 4556 in

2288 4609 2493 4672 Patre
2546 4618 2607 4672 et
2649 4607 2853 4673 Filia
2893 4617 2954 4671 et
3018 4606 3286 4692 Spiritu
3331 4616 3559 4672 sancto
3617 4607 3836 4694 bapti-

2286 4734 2478 4790 zatus
2531 4725 2724 4789 homo
2795 4722 3108 4807 templum
3149 4722 3417 4787 Domini
3455 4723 3598 4805 liat,
3638 4734 3701 4789 et
3730 4743 3835 4790 ca·
3861 4767 4035 4822 Canon
4056 4774 4167 4838 Apo

2291 4861 2419 4907 non
2476 4839 2939 4927 Apostolorum
2998 4840 3107 4904 49.
3186 4839 3316 4914 Qui
3371 4859 3506 4904 non
3537 4839 3832 4925 baptiza·
3866 4835 4158 4964 §2230ssss

2287 4959 2458 5023 verit
2491 4958 2561 5023 in
2620 4957 2909 5035 Patrem,
2948 4966 3009 5021 et
3068 4954 3344 5035 Filium,
3401 4967 3461 5020 et
3504 4956 3829 5041 Spiritum
4167 4940 4180 4953 ⁶

2284 5084 2607 5139 sanctum.
2685 5070 3053 5159 Respondet
3114 5073 3427 5158 Vasquez,
3490 5071 3827 5138 Tertullia-

2288 5208 2442 5256 num
2486 5208 2682 5276 agere
2736 5186 2814 5254 de
2855 5196 3181 5274 praecepto
3249 5185 3640 5272 baptizandi,
3697 5209 3826 5254 non

2285 5305 2368 5372 de
2400 5306 2604 5373 forma
2655 5304 2991 5393 Baptismi.
3074 5307 3334 5387 Contra,
3387 5304 3826 5373 Tertullianus

2288 5446 2416 5492 non
2458 5424 2671 5491 solum
2709 5435 3107 5512 praeceptum
3155 5421 3373 5505 tradit,
3449 5422 3562 5489 sed
3632 5423 3824 5490 etiam

2282 5539 2559 5607 formam
2591 5558 2671 5605 ex
2701 5538 3039 5617 Matthae03
3076 5556 3139 5603 et
3177 5536 3407 5603 saltem
3437 5547 3660 5605 contra
3682 5539 3833 5604 Pra-

3913 4399 4111 4452 Hieron
4123 4440 4136 4452 .

3881 5382 4163 5498 miii-³¹²⁸·
