4287 6313
220 536 467 599 -Apostoli

191 613 305 712 ger
338 600 495 650 solam

270 662 512 712 nfirmati·

289 739 439 774 onem

306 788 433 837 dare

274 854 479 900 oterant

269 911 482 976 piritum

241 979 474 1024 sanctum

215 1035 488 1086 visibiliter
498 1077 510 1090 .

183 4501 301 4552 Alia
335 4501 504 4552 evasio

208 4564 480 4617 haeretico-

285 4643 400 4677 rum

194 4690 469 4743 refellitur.

1671 381 1870 443 DlST.
1918 382 2045 442 Vll.
2091 380 2536 455 QUAEST101.

550 540 800 607 sionem
851 543 1022 609 Petri
1068 545 1294 611 referri
1346 544 1425 610 ad
1486 543 1771 609 medium
1839 542 2098 609 ordina-

551 656 744 735 rium,
791 658 961 744 quod
997 659 1058 724 in
1096 671 1410 746 potestate
1479 659 1598 724 fuit
1660 657 2096 745 promittentis

549 773 895 858 applicare,
997 797 1155 863 quo,
1231 776 1716 843 communicare
1800 784 2099 861 poterant

549 891 838 977 Apostoli
916 892 1229 978 Spiritum
1277 905 1571 961 sanctum
1625 913 1739 978 per
1780 891 2096 977 impositi-

546 1026 735 1072 onem
799 1029 1154 1088 manuum;
1211 1010 1382 1098 quod
1415 1009 1776 1095 explicatur
1808 1007 2089 1087 abunde,

546 1123 690 1189 Act.
736 1126 800 1189 8.
847 1128 1042 1194 et19.
1122 1136 1185 1192 et
1234 1126 1358 1191 hoc
1406 1124 1577 1190 idem
1640 1125 1784 1211 ipso
1833 1123 2090 1202 effectu,

544 1240 787 1306 Acte.
862 1241 1255 1309 insinuatur.
1328 1242 1532 1323 Unde,
1603 1240 1906 1328 quamvis
1969 1260 2094 1303 non

542 1355 838 1442 legamus
890 1357 1392 1442 promissionem
1429 1357 1596 1423 Petri
1640 1356 1847 1422 fuisse
1885 1355 2096 1421 adim-

546 1471 782 1559 pletam
815 1473 1127 1558 praedicto
1168 1474 1333 1552 loco,
1390 1473 1469 1539 de
1508 1494 1579 1539 ea
1629 1484 1842 1538 tamen
1902 1483 2095 1557 atquo

545 1589 688 1674 ejus
732 1589 1008 1657 veritate
1066 1591 1129 1655 in
1199 1590 1431 1656 effectu
1509 1610 1637 1655 non
1688 1588 2088 1663 dubitamuS,

549 1705 850 1791 quamvis
891 1704 954 1770 id
1007 1726 1133 1771 non
1177 1706 1614 1792 exprimatur.

642 1822 773 1896 Qui
800 1843 978 1907 erqo,
1019 1822 1251 1907 inquit,
1296 1832 1688 1908 receperunt
1731 1841 2095 1885 sermonem

545 1940 711 2023 ejus,
751 1937 1080 2023 baptizati
1121 1948 1297 2019 sunt,
1334 1950 1393 2003 et
1442 1939 1768 2024 oppos-{tce
1813 1947 1966 2001 sunl
2023 1938 2093 2000 in

542 2054 654 2120 die
682 2054 926 2118 ani-mee
954 2055 1221 2119 circiter
1252 2056 1387 2119 tria
1455 2054 1699 2132 millia,
1756 2064 1877 2118 eto.
1952 2052 2092 2138 qui-

546 2168 670 2234 bus
706 2189 832 2232 non
867 2168 1256 2253 exprimitur
1286 2168 1457 2234 datio
1490 2147 1769 2233 visibilis
1809 2167 2092 2253 Spiritus

540 2284 770 2350 sancti.
803 2284 867 2348 Si
900 2304 1057 2370 ergo
1088 2282 1247 2348 illud
1287 2303 1365 2350 ex
1425 2282 1862 2369 promissione
1916 2266 2092 2349 Petri

542 2398 952 2465 sufficienter
1010 2399 1423 2486 intelligitur,
1480 2399 1567 2464 ita
1612 2399 1804 2464 etiam
1857 2422 1935 2465 ex
1987 2422 2090 2466 ea-

542 2516 690 2582 dem
732 2516 1189 2603 promissione,
1226 2537 1374 2602 quae
1404 2515 1707 2581 effectum
1739 2515 2092 2583 Confirma-

543 2632 1063 2719 tionisexponit,
1122 2646 1425 2723 tanquam
1480 2632 1816 2698 materiam
1875 2634 2080 2720 subje-

542 2762 709 2815 ctam
747 2749 1190 2836 promissioni,
1221 2761 1283 2815 et
1331 2770 1411 2815 ex
1467 2749 1873 2814 counexione
1915 2749 2083 2832 facti,

535 2889 653 2934 seu
706 2888 868 2932 usus
930 2866 1271 2954 utriusque
1319 2866 1747 2944 sacramenti,
1785 2868 2089 2954 (servato

531 2982 749 3049 debito
781 2981 1053 3069 ordine)
1079 2981 1190 3068 qui
1223 3002 1303 3047 ex
1344 2981 1489 3047 aliis
1521 2981 1681 3047 locis
1705 2983 1841 3068 Jam
1873 2982 2085 3048 citatis

530 3099 886 3185 Scripturae
921 3097 1327 3185 intelligitur,
1366 3097 1453 3163 ita
1494 3097 1714 3177 etiam,
1789 3098 2079 3186 inquam,

526 3215 921 3283 sufficienter
995 3214 1382 3300 intelligitur
1461 3235 1655 3281 causa
1708 3216 1847 3302 ipsa
1909 3216 2084 3283 illius

530 3333 824 3411 effeetuS,
871 3352 1017 3418 quae
1051 3331 1172 3396 fuit
1230 3330 1561 3418 impositio
1619 3318 1876 3411 manus,
1930 3333 2082 3420 quia

521 3449 712 3515 aliter
747 3448 923 3514 hunc
954 3446 1107 3513 dare
1149 3467 1275 3512 non
1340 3458 1638 3533 poterant
1668 3448 1982 3534 Apostoli,
2020 3463 2084 3514 et

523 3579 683 3633 tunc
738 3565 1023 3630 maxime
1080 3564 1386 3649 congruit
1462 3585 1576 3649 per
1628 3564 1800 3649 ipsos
1859 3566 2078 3631 datum

525 3703 672 3749 esse
705 3681 1018 3767 Spiritum
1055 3691 1377 3757 sanetum,
1417 3690 1612 3765 atque
1647 3701 1760 3765 per
1793 3681 2077 3746 medium

523 3798 952 3882 ordinarium,
1025 3819 1153 3884 quo
1184 3818 1411 3863 eorum
1459 3797 1810 3863 auctoritas
1871 3800 2079 3886 magis

528 3917 838 3994 eluceret,
889 3928 953 3981 et
1018 3914 1364 4000 utriusque
1420 3915 1821 3980 Sacramenti
1871 3915 2083 3982 virtus

524 4054 640 4120 per
669 4033 933 4118 signum
971 4030 1381 4096 manifestata
1437 4030 1689 4096 facilius
1728 4030 2076 4098 adduceret

524 4148 812 4234 reliquos
844 4146 922 4211 ad
966 4145 1335 4223 veritatem,
1367 4157 1431 4211 et
1472 4159 1873 4213 sacramenta
1908 4147 2077 4213 salu·

524 4264 608 4328 tis
647 4260 1119 4346 amplectenda.

617 4376 1036 4463 Respondent
1067 4375 1353 4442 secundo
1386 4376 1701 4455 haeretici,
1745 4377 1916 4442 illam
1953 4380 2071 4447 im-

530 4495 918 4583 positionem
992 4514 1304 4559 manuum
1394 4492 1642 4558 nullum
1721 4494 2078 4561 contulisse

528 4612 798 4694 donum,
843 4611 955 4677 sed
1019 4610 1221 4676 fuisse
1298 4614 1545 4675 tantum
1616 4610 2073 4676 caeremoniam

534 4752 648 4817 per
688 4728 954 4795 modum
1009 4720 1497 4815 approbationis
1549 4726 1899 4792 inductam.
1954 4725 2075 4791 Sed

532 4847 654 4912 hoc
724 4844 1223 4931 expressissime
1295 4855 1616 4929 repugnat
1698 4841 2070 4927 Scripturae,

527 4962 921 5028 ubidicitur
977 4961 1123 5025 illos
1195 4961 1519 5046 recepisse
1580 4959 1893 5045 Spiritum
1963 4978 2078 5043 per

529 5100 764 5147 manus
817 5077 1302 5163 impositionem
1346 5099 1361 5141 ε
1416 5077 1898 5140 moraverunt
1952 5094 2077 5159 pro

526 5201 694 5285 ipsis
763 5209 833 5262 vl
898 5199 1276 5282 accipere-nl
1342 5195 1675 5279 Spiritum
1728 5205 2072 5270 saitetum;

520 5316 830 5380 nondum
865 5317 1040 5380 enim
1074 5312 1573 5397 in'qccemquam
1641 5313 1911 5377 illorum
1972 5331 2071 5374 ve-

525 5441 743 5508 nerat,
798 5429 914 5494 secl
954 5428 1281 5513 baptizati
1321 5439 1573 5491 tamum
1607 5437 1794 5490 erant
1856 5426 1928 5490 in
1958 5443 2074 5488 no-

520 5546 698 5610 mine
728 5544 1005 5610 Domini
1032 5541 1183 5611 lesu
1204 5565 1228 5619 ,·
1275 5547 1428 5607 tunc
1459 5538 1887 5628 imponebant
1922 5559 2067 5607 ma-

3660 375 3773 438 661

2211 562 2336 606 nus
2362 562 2563 627 super
2620 542 2794 621 illos,
2851 555 2911 607 ec
2952 542 3366 627 accipiebant
3431 541 3768 625 Spiritum

2211 670 2532 723 sanctum.
2584 661 2744 723 Cum
2786 660 3050 724 vidisset
3080 670 3295 723 autem
3331 659 3566 723 Simon
3605 660 3764 742 quia

2209 790 2331 855 per
2359 774 2848 859 impositionem
2883 794 3122 839 immas
3153 774 3623 858 Apostolorum
3647 772 3763 837 da-

2212 898 2398 952 retur
2441 890 2741 974 Spiritus
2785 899 3073 967 sanccita,
3130 900 3256 954 etc.
3316 901 3380 953 et
3428 894 3566 954 Act.
3636 890 3747 954 19.

2212 1005 2296 1069 Et
2337 1026 2485 1069 cum
2529 1007 2942 1092 imposuisset
2973 1007 3116 1071 illis
3182 1026 3417 1069 mames
3478 1004 3763 1082 Paulus,-

2209 1122 2389 1186 venit
2419 1123 2721 1207 Spiritus
2766 1133 3029 1186 sanetus
3066 1142 3267 1206 super
3297 1142 3425 1200 eos,
3450 1130 3509 1185 ee
3545 1120 3765 1204 loque-

2207 1237 2449 1302 bantur
2490 1238 2762 1323 linqui&
2799 1249 2860 1303 el
2890 1238 3396 1323 prophetabant,
3438 1250 3562 1302 etc,
3604 1237 3757 1309 Qua}

2209 1354 2406 1418 verba
2446 1352 2805 1420 clarissima
2846 1368 3020 1431 sunt,
3071 1373 3199 1418 uon
3252 1352 3374 1417 fuit
3436 1372 3594 1437 ergo
3645 1370 3761 1416 va-

2209 1489 2325 1534 cua
2366 1480 2426 1534 et
2455 1470 2624 1535 nuda
2666 1469 2807 1535 sine
2838 1471 3081 1535 ‘effectu
3135 1469 3380 1534 visibili
3443 1489 3759 1534 caeremo-

2210 1586 2338 1664 nia,
2378 1585 2708 1671 impositio
2741 1586 2845 1650 illa
2883 1607 3115 1651 manus
3160 1584 3613 1671 Apostolorum
3648 1604 3759 1648 su-

2210 1723 2324 1787 per
2364 1701 2702 1786 baptizatis
2734 1714 2797 1768 et-
2836 1702 3279 1769 credentibus

2299 1818 2714 1904 Respondent
2757 1820 2945 1885 tertio
2979 1841 3092 1905 per
3125 1838 3431 1884 manuum
3488 1819 3757 1904 imposi-

2207 1934 2448 1999 tionem
2511 1955 2639 2000 non
2730 1934 3021 2000 denotari
3064 1933 3323 2020 aliquod
3384 1935 3758 1999 Sacramen-

2207 2060 2345 2115 tum
2437 2050 2856 2117 sanctificans
2952 2049 3262 2128 animam,
3326 2050 3436 2115 sed
3514 2051 3758 2134 gratias

2205 2167 2413 2253 gratis
2483 2168 2687 2242 datas,
2768 2178 2831 2231 et
2896 2168 3207 2232 virtutem
3263 2165 3749 2246 miraculorum,

2207 2309 2335 2374 quo
2413 2289 2707 2375 Apostoli
2760 2288 3102 2355 fundarent
3190 2299 3253 2353 et
3299 2287 3761 2353 confirmarent

2208 2404 2562 2471 fidemSed
2599 2407 2744 2471 haec
2775 2405 3117 2491 responsio
3151 2405 3368 2490 inepta
3402 2416 3519 2483 est,
3544 2413 3606 2468 et
3630 2424 3757 2468 nou

2207 2521 2551 2588 cohaerens
2594 2520 2799 2586 errori
2835 2522 3316 2599 baereticorum,
3375 2520 3483 2607 qui
3520 2531 3761 2605 negant

2205 2638 2398 2705 aliam
2441 2638 2755 2703 virtutem
2808 2638 3022 2704 inesse
3082 2637 3539 2717 SacramentiS,
3597 2657 3758 2722 prae·

2205 2762 2305 2817 ter
2349 2754 2552 2818 solam
2588 2752 3043 2818 excitationem
3080 2752 3254 2830 fidei,
3301 2773 3448 2837 quae
3490 2750 3758 2837 perinde

2202 2889 2320 2955 per
2365 2890 2598 2935 manus
2632 2869 3142 2954 impositionem,
3196 2881 3501 2973 tanquam
3553 2888 3756 2933 caere-

2202 2985 2492 3052 moniam
2563 3008 2642 3052 ex
2714 2986 3146 3063 institutione,
3214 3007 3342 3072 qua
3403 2987 3754 3051 utebantur

2201 3103 2524 3191 Apostoli,
2561 3101 2701 3169 fieri
2735 3102 2985 3189 potuit3
3032 3102 3084 3168 si
3126 3102 3300 3169 enim
3335 3101 3562 3169 habuit
3611 3100 3751 3167 effi-

2197 3218 2442 3288 caciam
2518 3219 2595 3284 ad
2655 3218 3052 3285 fundandam
3112 3231 3174 3285 et
3239 3217 3750 3286 confirmandam

2200 3336 2417 3415 fidem,
2454 3357 2488 3401 a
2523 3333 2771 3400 fortiori
2815 3355 2957 3400 eam
2999 3334 3345 3401 excitabat.

2287 3450 2532 3518 Deinde
2577 3470 2704 3515 non
2759 3450 3063 3536 congruit
3121 3449 3503 3535 Scripturae,
3541 3469 3752 3536 neque

2194 3566 2616 3654 promissioni
2687 3566 2954 3646 Christi,
3020 3568 3238 3645 Lucoe,
3304 3569 3411 3630 24.
3483 3567 3625 3631 Act.
3683 3571 3744 3631 1.

2196 3684 2482 3748 ,loannis
2518 3686 2623 3747 14.
2674 3688 2776 3748 11.
2828 3694 2889 3747 ec
2931 3686 3036 3748 16.
3072 3694 3134 3746 et
3188 3683 3467 3747 ,loannis
3499 3687 3562 3748 7.
3609 3682 3746 3767 qui-

2193 3800 2315 3866 bus
2375 3799 2440 3863 in
2484 3798 2647 3864 locis
2684 3798 3086 3883 promittitur
3139 3797 3421 3884 Spiritus
3481 3807 3746 3863 sanctus

2190 3929 2255 3982 et
2286 3915 2616 4002 Apostolis
2657 3927 2721 3980 et
2771 3914 3072 3981 fidelibus
3114 3914 3178 3979 in
3235 3924 3554 3980 aeternum
3598 3935 3747 4000 per-

2194 4053 2545 4098 mansurus
2606 4031 2670 4096 in
2741 4031 3050 4112 Ecclesia,
3103 4030 3373 4097 daturus
3405 4030 3742 4106 virtutem,

2191 4149 2655 4235 baptizaturuS,
2699 4161 2822 4214 etc.
2877 4148 3114 4235 quibus
3147 4147 3488 4213 denotatur
3540 4147 3747 4212 abun-

2190 4263 2406 4332 dantia
2438 4265 2673 4351 gratiae
2716 4264 3180 4330 sanctificantis
3229 4284 3343 4349 per
3403 4263 3741 4349 Spiritum,

2190 4402 2336 4469 quae
2369 4380 2740 4467 praesentiae
2764 4380 3083 4466 corporali
3110 4379 3353 4446 Christi
3373 4379 3741 4464 praefertur,

2191 4498 2331 4583 ipso
2361 4497 2658 4579 docente,
2695 4508 2759 4562 et
2789 4510 2861 4562 ut
2892 4507 3129 4562 caetera
3161 4495 3564 4576 omittamuS,
3602 4516 3748 4582 quae

2191 4635 2272 4679 ex
2326 4614 2428 4678 his
2508 4613 2666 4678 locis
2724 4614 2953 4680 crebro
3008 4612 3308 4699 replicari
3342 4626 3640 4698 possunt,
3686 4630 3748 4678 et

2189 4730 2433 4815 optime
2501 4728 2865 4814 ponderant
2935 4728 3272 4816 Theologi,
3366 4750 3493 4794 non
3563 4729 3749 4796 aliter

2189 4844 2473 4932 Spiritus
2524 4857 2787 4910 sanctus
2820 4845 3093 4911 dabatur
3115 4867 3229 4932 per
3270 4866 3502 4913 manus
3536 4846 3746 4933 impo-

2188 4961 2491 5027 sitionem
2551 4962 2630 5027 ab
2685 4961 3038 5048 ApostoliS,
3087 4983 3280 5050 quam
3314 4964 3543 5050 recipit
3596 4967 3745 5029 Cor-

2188 5078 2405 5144 nelius
2476 5081 2621 5145 Act.
2723 5083 2827 5145 10.
2921 5079 3030 5165 qui
3097 5079 3441 5145 denotatur
3473 5100 3586 5165 per
3635 5079 3743 5144 do-

2191 5216 2345 5261 num
2433 5193 2842 5280 linguarum,
2952 5208 3015 5261 et
3094 5215 3287 5281 quam
3360 5207 3745 5280 receperunt

2187 5311 2510 5399 Apostoli,
2585 5315 2730 5377 Act.
2804 5316 2866 5378 Ξ.
2936 5331 3082 5375 nam
3152 5315 3293 5377 Ace.
3363 5314 3465 5375 19.
3512 5310 3737 5375 eodem

2187 5429 2379 5492 modo
2434 5428 2525 5492 illi
2585 5427 2822 5513 quibus
2862 5427 3211 5512 Apostolus
3264 5425 3575 5511 imposuit
3608 5446 3740 5490 ma-

2186 5541 2785 5628 nus‚loquebantur
2836 5541 3109 5626 linguis,
3144 5553 3205 5607 et
3238 5539 3730 5628 prophetabant.

3872 1845 4045 1918 Tertia

3869 1926 4036 1959 erasto

3803 1973 4052 2022 refellitur
4063 2014 4073 2024 .
