4287 6313
198 1396 440 1448 Trident..

164 1991 268 2041 Leo
314 1991 478 2056 Papa.

291 2339 372 2391 26.

212 2399 449 2453 Secunda

240 2464 397 2523 ratim

171 2528 471 2598 Baptismus

217 2670 436 2766 'fridem-
447 2755 460 2768 .

168 3210 313 3261 Clem
344 3211 495 3260 Rom.

172 3272 485 3339 Cyprianus

263 4443 425 4496 Error

202 4508 446 4574 Cypriani
458 4550 471 4563 .

1602 395 1800 458 DlS'I'.
1835 397 1934 458 lV.
1968 392 2323 471 QUAEsTlo
2346 394 2422 455 Vl

497 580 578 624 ex
619 556 1173 625 determinatione
1206 556 1519 643 Stephani
1580 558 1798 640 Papae,
1838 561 2064 617 contra

502 676 905 763 cyprianum
938 696 952 754 ;
992 695 1074 741 ex
1107 674 1372 741 Nicaeno
1401 694 1549 738 can.
1586 675 1694 739 16.
1758 681 1821 735 et
1887 667 2060 744 aliis,

506 812 634 880 quo
659 791 827 858 infra
889 812 1008 858 suo
1066 789 1208 856 loco
1275 790 1648 857 citabimus,
1725 785 1936 852 Minor
1995 793 2061 851 et

503 907 968 995 consequentia
1000 907 1383 994 probantur,
1455 926 1604 993 quae
1661 903 1857 970 etiam
1913 911 2069 966 sunt

506 1024 586 1090 de
624 1023 768 1103 fide,
820 1023 972 1110 quia
1004 1024 1153 1089 sine
1192 1023 1327 1106 side
1356 1021 1762 1108 impossibile
1793 1029 1885 1084 cst
1913 1018 2058 1104 pla·

503 1163 648 1208 cere
704 1142 856 1220 Deo,
895 1141 974 1206 ad
1016 1142 1324 1207 Hebraeos
1354 1145 1456 1205 11.
1510 1159 1670 1225 ergo
1702 1149 1766 1203 ct
1812 1134 2064 1203 sancti-

508 1257 687 1324 ficari
736 1257 1055 1324 adultum.
1100 1259 1323 1323 Iustus
1353 1278 1439 1322 ex
1484 1254 1620 1339 fide
1677 1254 1863 1331 vivit,
1922 1264 2055 1317 etc.

510 1376 628 1441 Est
668 1376 963 1453 initium,
1021 1385 1080 1439 et
1157 1374 1673 1459 fundamentum
1727 1371 2065 1458 justifica-

509 1490 732 1570 tionis,
780 1488 1069 1556 Trident.
1117 1510 1284 1555 sess
1322 1491 1385 1555 6.
1423 1509 1564 1575 cap.
1616 1491 1680 1553 8.
1720 1498 1782 1552 et
1812 1506 1955 1571 cap.
1995 1488 2059 1551 Ἰ.

511 1608 745 1672 Primo
805 1606 1103 1692 disponit
1135 1606 1227 1672 acl
1286 1607 1522 1692 ipsam,
1568 1605 1943 1691 requiritur
1993 1610 2065 1665 ut

510 1721 670 1785 insit
738 1721 908 1785 sicut
955 1730 1235 1806 oportet,
1274 1730 1334 1784 et
1370 1740 1494 1804 per
1554 1718 1677 1783 Dei
1740 1717 2059 1802 qratiam,

509 1858 657 1904 can.
715 1841 779 1902 3.
837 1838 983 1902 siue
1063 1859 1141 1901 ea
1196 1837 1374 1901 nihil
1413 1846 1504 1901 est
1577 1845 1902 1900 sanctum.
1942 1836 2067 1899 Leo

512 1958 680 2040 Papa
743 1975 948 2019 serm.
1012 1958 1075 2018 4.
1183 1953 1264 2018 dc
1326 1953 1713 2031 Nativitate,
1779 1963 1842 2016 et
1953 1948 2064 2014 alii

510 2092 764 2150 omnes,
841 2068 953 2157 qui
1023 2069 1481 2149 necessitatem
1532 2067 1681 2133 fidei
1742 2067 2072 2133 declarant

520 2191 585 2256 in
630 2188 876 2254 adult0.

602 2303 903 2371 Secundo
933 2313 1109 2390 patet
1140 2323 1220 2368 ex
1242 2301 1366 2367 alia
1399 2300 1676 2368 veritate
1709 2299 1883 2380 fidei,
1923 2320 2074 2385 quae

515 2420 810 2508 ejusdem
883 2431 980 2486 est
1038 2417 1489 2496 certitudinis;
1555 2417 1881 2505 adjunctis
1922 2417 2072 2483 rati-

514 2537 752 2604 onibus
829 2540 1087 2602 Patrum
1166 2557 1280 2624 pro
1347 2535 1595 2615 eadem,
1668 2535 1811 2600 haec
1857 2544 2073 2599 autem

517 2665 615 2720 est
649 2677 663 2719 :
705 2652 1076 2739 Baptismus
1108 2652 1230 2717 rite
1260 2651 1533 2717 collatus
1569 2649 1794 2737 nequit
1825 2648 2071 2728 iterari,

519 2793 666 2837 can.
716 2774 820 2838 17.
857 2770 1034 2836 alias
1068 2773 1174 2836 16.
1220 2770 1705 2856 Apostolorum,
1755 2765 2081 2832 Florenti-

522 2914 678 2960 num
742 2894 818 2959 in
894 2894 1167 2958 Dect-eto
1253 2892 1545 2970 maionis,
1621 2889 2075 2956 Tridentinum

519 3031 673 3075 sess.
710 3013 771 3076 7.
809 3007 889 3073 de
925 3009 1382 3073 Sacramentis
1416 3008 1490 3071 in
1517 3025 1779 3092 yenere,
1818 3025 1965 3069 can.
2006 3005 2070 3068 9.

523 3126 604 3192 de
636 3126 997 3213 BaptismO,
1041 3144 1191 3190 can.
1239 3127 1351 3189 11.
1399 3121 1700 3189 Clemens
1747 3125 2077 3187 Romanus

526 3243 638 3309 lib.
682 3246 747 3309 6.
787 3243 1140 3307 Constitut.
1179 3262 1325 3327 cap.
1383 3244 1486 3304 15.
1534 3239 1899 3326 Cyprianus
1954 3236 2068 3302 lib.

520 3365 584 3428 2.
623 3361 1072 3447 epistolarum,
1112 3360 1302 3446 epist.
1341 3362 1404 3422 3.
1442 3358 1639 3422 alias.
1679 3360 1789 3422 63.
1826 3355 1914 3422 acl
1936 3358 2074 3422 Coe-

518 3478 774 3544 cilium.
810 3475 991 3552 Quod
1043 3487 1258 3541 autem
1309 3473 1504 3539 suerit
1546 3474 1608 3539 in
1670 3473 1780 3540 illo
1824 3494 2067 3553 errore,

518 3591 690 3679 quod
740 3590 995 3679 putavit
1025 3589 1194 3676 apud
1226 3589 1572 3656 haereticos
1603 3601 1667 3654 et
1705 3587 2072 3654 schismati-

517 3728 628 3774 cos
669 3729 796 3774 non
839 3729 987 3774 esse
1019 3706 1447 3792 Bapt-ismum‚
1503 3704 1823 3792 processit
1877 3726 1958 3771 ex
1997 3725 2075 3770 eo

519 3824 694 3912 quod
737 3824 1003 3911 putarit,
1052 3844 1263 3911 neque
1296 3821 1514 3903 iidem,
1554 3842 1764 3908 neque
1794 3822 2075 3906 charita-

527 3952 657 4006 tem
700 3961 846 4007 esse
876 3939 1044 4027 apud
1079 3939 1448 4019 haereticos,
1484 3938 1657 4026 quod
1692 3958 1920 4004 verum
1944 3948 2069 4019 est,

521 4077 733 4144 neque
764 4067 1246 4143 consequenter
1279 4053 1734 4120 remissionem
1778 4066 2073 4139 peccato-

530 4195 698 4251 rum,
745 4171 918 4261 quod
950 4192 1138 4259 aeque
1168 4190 1397 4238 verum
1431 4180 1551 4251 est,
1600 4155 1965 4256 respective
1994 4171 2073 4237 ad

520 4290 776 4356 adultos
828 4288 893 4354 in
945 4287 1183 4354 haeresi
1256 4298 1320 4353 et
1363 4286 1720 4353 schismate
1770 4306 2074 4372 perseve-

525 4405 856 4486 rantes‚de
887 4406 1127 4494 quibus
1159 4404 1490 4491 loquimur
1524 4426 1539 4482 ;
1574 4423 1653 4469 ex
1702 4402 1823 4469 alia
1855 4414 2069 4468 autem

527 4537 709 4613 parte
739 4545 868 4591 non
901 4543 1091 4610 posse
1129 4522 1270 4587 sine
1311 4521 1416 4587 his
1468 4520 1869 4607 Baptismum
1930 4541 2073 4586 esse

525 4641 849 4708 validum.

608 4761 744 4825 Hac
782 4755 1103 4843 ratione(
1146 4753 1360 4841 inquit
1391 4753 1803 4838 Augustinus
1853 4752 1965 4819 lib.
2003 4758 2068 4820 4.

517 4876 597 4943 de
645 4872 975 4960 Baptismo
1008 4890 1150 4956 cap.
1188 4872 1251 4938 6.
1289 4870 1337 4957 ),
1366 4890 1509 4955 quce
1548 4868 1657 4934 illi
1701 4890 1873 4934 verce
1917 4871 2075 4935 visce

516 5002 671 5059 sunt
721 4992 795 5056 in
833 4987 1301 5055 obscurissima
1335 4986 1694 5071 qussoestione
1735 4985 2073 5051 laboranti

517 5120 577 5174 et
633 5107 714 5174 de
779 5106 1172 5172 remissione
1224 5111 1648 5190 peecatorum
1686 5102 2067 5186 fluctuanti,

520 5231 748 5286 utrum
777 5221 850 5284 in
900 5217 1245 5303 Baptismo
1280 5215 1537 5281 Christi
1572 5215 1780 5301 possit
1822 5235 1956 5279 nou
1994 5215 2073 5296 si-

524 5338 645 5417 eri,
686 5347 747 5401 et
784 5345 1009 5400 ulrum
1049 5332 1232 5419 apud
1261 5332 1602 5397 haereticos
1646 5331 1853 5416 possit
1890 5331 2067 5412 sieri,

528 5466 588 5521 et
616 5465 841 5521 utrum
872 5449 1056 5538 apud
1086 5448 1430 5515 liaereticos
1473 5448 1683 5533 possit
1711 5447 1892 5529 fieri,
1946 5458 2067 5513 etc.
2118 5521 2129 5532 ,

527 5572 761 5660 supple
810 5568 1112 5637 remissio
1185 5578 1645 5655 peccatorum;
1712 5577 1775 5632 et
1834 5565 1947 5633 lib.
2003 5568 2067 5630 6.

665 5687 812 5739 Tom.
843 5685 983 5739 xv1.

3595 398 3713 459 465

2179 575 2328 639 cap.
2387 560 2448 621 1.
2516 555 2658 622 ideo
2702 557 2826 624 dici
2896 579 3044 624 eum
3079 580 3353 639 errasse,
3390 561 3726 647 quianon

2180 669 2633 757 distinguebat
2673 674 3179 741 Sacramentum
3212 676 3293 741 ab
3324 678 3562 761 effectu
3623 676 3726 740 uel

2179 808 2296 851 usu
2331 789 2769 870 Sacramenti,
2810 804 2933 857 etc.
2972 796 3061 859 De
3100 794 3220 860 hac
3251 814 3524 880 agemus
3575 815 3723 860 cum

2178 903 2319 968 suis
2359 904 2801 974 fundamentis
2848 920 2910 973 et
2945 908 3331 989 rationibus,
3379 909 3552 976 unde
3586 931 3729 996 pro—

2181 1019 2370 1086 betur
2420 1022 2785 1108 baptismus
2853 1023 3110 1091 validus
3169 1026 3235 1091 in
3277 1026 3607 1092 haereticis
3669 1039 3732 1093 et

2178 1135 2643 1210 schismaticis,
2697 1141 2760 1205 in
2821 1141 3061 1227 quibus
3113 1164 3239 1208 non
3321 1143 3517 1210 habet
3566 1143 3725 1210 esse-

2175 1264 2351 1318 ctum
2399 1256 2811 1324 remissionis
2853 1259 3120 1343 peccati,
3147 1260 3312 1325 infra
3353 1260 3510 1327 dist.
3548 1264 3619 1327 6.

2263 1370 2402 1434 Huc
2449 1370 2646 1437 etiam
2699 1385 2947 1459 spectat
2989 1374 3230 1440 veritas
3269 1375 3348 1440 de
3397 1376 3722 1461 Baptismo
3749 1357 4047 1473 Βῒᾛξξιξξιζ·

2178 1484 2376 1551 dubio
2408 1488 2529 1553 sub
2570 1490 2940 1558 conditione
2984 1492 3297 1574 iterandO,
3337 1493 3496 1558 etin
3541 1492 3622 1559 iis
3656 1494 3719 1558 in
3759 1436 4022 1597 izei—333⁰&

2180 1603 2421 1689 quibus
2462 1606 2636 1672 nulla
2695 1619 2794 1674 cst
2837 1608 3146 1674 memoria
3207 1610 3516 1695 Baptismi
3577 1631 3722 1676 sus·
3753 1585 4044 1737 Οαΐξιξξὲὴζ

2179 1719 2372 1804 cepti,
2435 1732 2545 1786 aut
2583 1721 2965 1809 vestigium,
3026 1724 3088 1789 in
3123 1723 3317 1809 epist.
3367 1728 3562 1790 Leon.
3611 1729 3719 1790 37.
3793 1734 4057 1806 qumat.

2182 1835 2356 1900 alias
2432 1840 2541 1901 35.
2622 1838 2711 1902 ad
2779 1836 3077 1905 Leonem‘
3108 1842 3581 1919 Ravennatem,
3661 1840 3727 1904 in
3837 1797 4015 1908 {35¹3}

2183 1952 2644 2038 Carthaginien.
2691 1957 2763 2019 V.
2815 1977 2959 2041 cap.
3015 1959 3078 2021 6.
3141 1956 3429 2022 Concilio
3479 1956 3726 2022 Africa·
3762 1921 4070 1986 haptnzaiur.

2186 2088 2267 2133 no
2335 2050 2457 2134 sub
2521 2070 2848 2136 Bonifacio
2897 2094 3042 2159 cap.
3107 2076 3215 2140 39.
3272 2071 3725 2139 NVormatien.

2184 2205 2330 2270 cap.
2388 2189 2495 2255 70.
2541 2199 2604 2253 et
2645 2187 2914 2253 refertur
2950 2189 3030 2254 de
3060 2202 3422 2256 consecrat.
3469 2212 3615 2276 cap.
3662 2196 3726 2260 4.

2187 2300 2477 2367 Placuit.
2559 2305 2718 2368 Item
2787 2324 2975 2370 casus
3023 2304 3101 2370 de
3163 2304 3312 2371 licto
3379 2305 3723 2393 baptizatO,

2187 2439 2382 2504 quem
2425 2439 2624 2505 supra
2693 2421 3142 2488 tractavimus.
3199 2422 3321 2488 Sed
3366 2422 3469 2488 his
3510 2424 3728 2488 omni-

2189 2533 2312 2598 bus
2356 2533 2478 2598 rite
2517 2533 2850 2600 confertur
2888 2537 3278 2622 BaptismuS,
3326 2537 3630 2623 quamvis
3664 2536 3730 2601 in

2191 2647 2272 2714 iis
2317 2669 2443 2713 non
2487 2649 2721 2715 habeat
2773 2649 3231 2717 remissionem
3275 2666 3728 2737 peccatorum;

2190 2785 2347 2850 ergo
2381 2765 2714 2833 remittere
2749 2779 3032 2854 peccata,
3071 2789 3220 2854 quae
3251 2769 3445 2835 etiam
3479 2767 3727 2848 insunt,

2191 2899 2320 2947 non
2362 2881 2650 2968 exigitur
2708 2883 2783 2949 ad
2846 2904 3066 2949 veram
3129 2897 3191 2950 et
3240 2886 3588 2972 practicam
3649 2888 3736 2954 si-

2188 2998 2677 3084 gnificationem
2723 2999 2948 3066 formae
2989 3002 3328 3088 Baptismi,
3369 3003 3527 3071 alias
3560 3015 3736 3070 esset

2189 3115 2450 3203 signum
2495 3116 2757 3198 falsum,
2810 3139 3022 3207 neque
3061 3120 3452 3189 consisteret
3501 3124 3730 3189 Sacra-

2191 3245 2511 3299 mentum.

2278 3351 2464 3417 Ratio
2505 3364 2719 3418 autern
2764 3353 2963 3441 hujus
2999 3363 3124 3432 est,
3168 3354 3320 3440 quia
3362 3354 3439 3420 ad
3491 3356 3729 3421 verita-

2188 3477 2317 3532 tem
2359 3468 2756 3534 Sacramenti
2816 3487 2944 3533 non
3002 3469 3290 3555 exigitur
3341 3470 3466 3535 nisi
3526 3483 3731 3537 mate-

2187 3582 2282 3649 ria
2330 3594 2393 3649 et
2442 3583 2715 3649 intentio
2778 3584 3058 3650 ministri
3100 3597 3163 3651 et
3211 3607 3572 3654 consensus
3619 3586 3729 3652 ad·
3842 3593 3994 3705 Β287ῑ-ἰο

2187 3699 2329 3766 ulti.
2381 3699 2671 3767 Primum
2734 3712 2909 3788 patet
2939 3723 3020 3768 ex
3079 3703 3456 3770 Florentino
3495 3717 3558 3771 et
3590 3704 3730 3770 Tri·
3785 3718 4054 3770 dictorum.

2185 3816 2449 3884 dentino
2508 3839 2662 3884 sess.
2731 3822 2794 3885 7.
2843 3819 2925 3885 cle
2985 3823 3286 3890 Sam-am.
3354 3823 3429 3887 in
3464 3844 3723 3908 qenai-e,

2186 3956 2336 4000 can.
2384 3940 2448 4000 4.
2488 3936 2858 4002 Secundum
2912 3958 3073 4003 vcro
3128 3959 3205 4003 cx
3248 3951 3389 4024 cap.
3449 3940 3731 4026 Masores

2187 4050 2267 4117 de
2298 4053 2661 4138 Baptismo,
2709 4074 2857 4140 quae
2899 4054 3235 4120 salvantur
3274 4055 3340 4120 in
3380 4055 3608 4122 ordine
3650 4056 3730 4121 ad

2187 4188 2360 4249 eum,
2420 4168 2524 4234 cui
2596 4168 2846 4235 nullum
2923 4182 3259 4256 peccatum
3330 4171 3726 4252 remittitur;

2186 4287 2265 4353 ad
2315 4287 2657 4354 veritatem
2699 4299 2917 4355 autem
2960 4290 3358 4356 Sacramenti
3411 4290 3573 4356 nibil
3616 4291 3728 4358 ali-

2190 4402 2275 4469 ud
2313 4403 2694 4490 requiritur,
2744 4415 2842 4470 est
2882 4406 3052 4470 enim
3098 4406 3362 4492 signum
3414 4406 3493 4472 de
3533 4429 3603 4473 se
3638 4408 3734 4473 cf-

2188 4519 2378 4599 ficax,
2455 4541 2537 4585 ex
2604 4519 2897 4586 Trident.
2975 4543 3127 4589 sess.
3176 4527 3242 4590 7.
3295 4523 3376 4588 cle
3425 4525 3723 4590 Sacram.

2187 4641 2261 4704 in
2289 4658 2548 4724 ywere,
2596 4659 2744 4702 cau.
2790 4641 2853 4702 2.
2909 4648 2970 4703 et
3000 4642 3065 4706 6.
3111 4650 3285 4705 etex
3327 4640 3723 4707 Florentino.

2274 4756 2369 4822 Ad
2411 4755 2782 4822 salvandam
2853 4767 3070 4823 autem
3113 4757 3466 4824 efficaciam
3511 4779 3729 4825 causae

2190 4871 2452 4938 moralis
2531 4883 2591 4938 et
2635 4872 2969 4951 naturalis,
3025 4893 3153 4938 non
3208 4873 3496 4962 exigitur
3547 4886 3616 4940 ut
3663 4876 3730 4941 in

2189 5008 2600 5075 quocumque
2631 4989 2926 5076 subjecto
3010 4989 3571 5076 qualitercumque
3602 4990 3731 5058 dis-

2189 5103 2423 5189 posit0,
2462 5103 2697 5169 habeat
2744 5103 3102 5190 quemlibet
3153 5104 3452 5172 effectum
3489 5127 3726 5187 suum;

2187 5216 2428 5284 sufficit
2485 5218 2660 5284 enim
2712 5230 2778 5284 ut
2819 5218 3054 5286 habeat
3092 5221 3375 5308 aliquam
3409 5243 3488 5288 ex
3530 5224 3732 5308 pluri-

2189 5333 2334 5416 buS‚
2406 5335 2593 5421 cujus
2642 5356 2848 5422 capax
2905 5348 3003 5402 est
3071 5338 3461 5423 subjectum,
3526 5351 3596 5404 ut
3664 5340 3729 5405 in

2188 5451 2497 5536 praesenti
2549 5452 2820 5517 materia
2877 5453 3346 5534 characterem,
3401 5456 3504 5519 vel
3582 5477 3728 5541 gra·
3780 5398 4060 5527 recssl'il'lur

2188 5566 2372 5649 tiam,
2433 5567 2539 5634 vel
2592 5569 2962 5655 ingressum
3006 5569 3072 5634 in
3112 5570 3491 5651 Ecclesiam,
3535 5592 3726 5658 aper-
3784 5526 4059 5641 efficffiiam

3830 5667 4013 5704 causoe.

3510 5687 3572 5737 30
