4287 6313
270 2119 442 2172 Galat.
478 2121 533 2173 2.

242 2183 364 2233 Alia
410 2199 560 2235 causa

245 2245 561 2318 repreliensi-

332 2323 444 2358 onis
455 2351 468 2364 .

584 345 702 410 368

588 506 960 599 exempla
1001 507 1411 599 majorum
1446 504 1860 586 imitando,
1899 521 2137 598 quam

587 623 805 696 foret
851 624 1340 717 oppositum.

677 741 1123 813 Secundum
1166 741 1414 812 etiam
1456 745 1719 832 potest
1765 737 2137 829 intelligi,

585 856 711 928 vel
773 856 962 948 quia
1014 856 1478 940 simulabat,
1545 877 1706 929 non
1752 861 2141 949 reputans

588 973 740 1047 hoc
774 976 1015 1048 corde
1054 997 1232 1048 esse
1276 975 1752 1056 faciendum,
1799 975 2003 1066 quod
2040 972 2147 1045 fe-

592 1091 699 1164 cit
746 1093 825 1162 in
864 1112 1131 1185 opere.
1170 1095 1287 1164 Ex
1334 1093 1603 1185 primo
1645 1091 1858 1163 enim
1892 1090 2141 1173 fact0,

596 1207 798 1298 quod
855 1207 1046 1281 fecit
1098 1209 1178 1280 in
1237 1208 1606 1282 absentia
1665 1206 2145 1280 nuntiorum

589 1323 895 1406 Jacobi,
927 1326 1303 1417 apparuit
1329 1325 1534 1416 quod
1557 1344 1718 1397 non
1753 1323 2007 1396 sensit
2041 1321 2150 1424 fo·

591 1459 678 1511 re
701 1438 1262 1514 abstinendum
1311 1461 1357 1513 a
1389 1439 1775 1514 Gentibus
1810 1457 2148 1513 conver-

585 1555 699 1627 sis
771 1557 866 1628 ad
919 1556 1188 1638 fidem;
1234 1562 1317 1630 et
1379 1557 1458 1629 in
1518 1557 1866 1630 secundo
1927 1553 2143 1628 facto

585 1672 959 1757 ostendit,
990 1675 1195 1764 quod
1219 1674 1372 1747 hoc
1408 1680 1626 1750 esset
1659 1673 2142 1747 faciendum.

580 1790 684 1861 Et
716 1789 810 1861 ad
855 1789 1662 1882 istum‘intellectum
1716 1793 1983 1884 potest
2032 1808 2149 1862 re-

580 1904 783 1978 ferri
818 1906 1010 1980 illud
1036 1909 1370 1981 verbum
1413 1909 1639 1982 Pauli
1672 1935 1686 1979 ε
1715 1912 2141 1978 simulationi

586 2029 729 2112 ejus
767 2040 1243 2094 consenserunt
1300 2031 1547 2110 coeteri,
1592 2027 1823 2094 Galat.
1881 2028 1948 2097 2.
1996 2027 2061 2095 V
2069 2024 2142 2096 el

585 2142 860 2234 posset
902 2142 1345 2215 secundum
1404 2142 1561 2216 dici
1635 2141 2149 2236 reprehensi-

583 2257 768 2343 bile,
814 2257 1001 2350 quia
1045 2279 1203 2330 non
1235 2260 1617 2333 utebatur
1648 2262 2147 2335 auctoritate

590 2376 951 2450 Praelati.
992 2381 1190 2453 Cum
1241 2377 1453 2450 enim
1496 2383 1711 2452 esset
1758 2380 2140 2472 superior

589 2491 752 2564 illis
785 2492 1094 2565 nuntiis
1140 2493 1447 2576 Jacobi,
1508 2494 1765 2587 magis
1807 2495 2134 2569 debebat

586 2607 757 2699 ipse
825 2609 1275 2684 veritatem
1334 2616 1816 2685 constanter
1867 2617 2146 2686 tenere

586 2720 667 2793 in
692 2743 958 2816 opere,
990 2730 1069 2801 et
1100 2745 1240 2799 eos
1276 2726 1664 2800 adducere
1690 2726 1781 2798 ad
1815 2728 2149 2802 rectitu-

582 2838 847 2912 dinem
906 2861 1163 2925 suam,
1219 2863 1473 2934 quam
1513 2847 1856 2935 propter
1906 2844 2146 2917 timo-

585 2977 760 3027 rem
839 2976 1120 3028 corun
1202 2958 1418 3033 flecti
1478 2959 1573 3031 ad
1641 2958 1859 3041 illud,
1934 2961 2140 3052 quod

581 3076 761 3146 erat
793 3071 909 3144 eis
960 3072 1379 3167 placitum,
1421 3075 1554 3146 vel
1607 3075 1867 3168 magis
1918 3097 2142 3149 acce-

586 3194 861 3280 ptum;
915 3194 993 3262 et
1041 3190 1236 3264 talis
1281 3192 1668 3265 remissio
1728 3212 1865 3265 seu
1925 3193 2149 3266 timi-

583 3303 793 3378 ditas
880 3306 1213 3380 Praelati
1321 3312 1445 3381 est
1534 3328 1683 3400 pro
1764 3313 2131 3401 tempore

589 3420 1255 3512 reprehensibilis
1296 3450 1312 3504 ;
1352 3427 1433 3497 et
1474 3425 1569 3496 ad
1625 3425 1870 3499 istum
1918 3426 2145 3498 intel-

585 3536 935 3628 lectum]¹
980 3542 1251 3630 potest
1334 3540 1654 3622 referri,
1745 3541 1950 3632 quod
2029 3541 2146 3617 ait

584 3655 913 3737 Paulus,
995 3658 1214 3725 Galat.
1284 3658 1354 3727 2.
1436 3660 1838 3747 Scyreqabat
1915 3681 1983 3726 se
2058 3661 2146 3726 ab

577 3773 758 3851 aliie,
832 3775 1071 3840 timens
1146 3775 1601 3843 circumcisos·
1678 3774 1860 3844 Non
1928 3775 2143 3846 enim

578 3891 761 3960 erat
807 3887 914 3960 ibi
955 3909 1147 3961 vere
1208 3888 1485 3970 timor,
1527 3889 1713 3981 quia
1760 3892 2142 3984 simplici·

580 4005 711 4076 ter
744 4003 1273 4096 licitumsserat
1305 4004 1604 4077 Judaeis
1669 4026 1829 4081 non
1867 4028 2145 4081 serva-

583 4139 671 4190 re
710 4118 998 4211 legem,
1044 4122 1126 4192 et
1162 4119 1516 4192 maxime
1549 4123 1861 4212 quando
1895 4128 2133 4198 erant

586 4233 802 4308 inter
834 4240 1168 4317 Gentes;
1223 4241 1302 4311 et
1356 4237 1503 4310 hoc
1537 4237 1805 4313 debuit
1839 4241 2138 4312 Petrus

585 4352 958 4444 exemplo
1066 4373 1215 4425 suo
1320 4355 1741 4427 ostendere
1828 4356 2137 4431 nuntiis

592 4468 783 4550 illis,
831 4472 1220 4560 tanquam
1256 4470 1423 4542 suis
1468 4470 2018 4545 inferioribus.

677 4586 792 4658 De
826 4584 1168 4677 singulis
1201 4585 1552 4659 istorum
1587 4592 1939 4680 quatuor
1974 4609 2147 4681 pos-

593 4705 715 4774 set
762 4700 1057 4775 discuti
1117 4701 1494 4793 qualiter,
1557 4703 1683 4776 vel
1754 4707 2143 4797 quantum

589 4822 805 4890 esset
861 4816 1529 4910 reprehensibile;
1584 4826 1664 4894 et
1715 4820 1784 4892 si
1828 4822 2142 4913 possint

583 4934 832 5005 verba
901 4933 1128 5006 Pauli
1199 4934 1282 5007 in
1352 4936 1781 5028 Scriptura
1833 4937 2147 5017 salvari

589 5049 880 5123 ibidem
912 5075 1057 5140 cap.
1106 5050 1395 5124 melius
1437 5057 1561 5127 est
1598 5054 1888 5136 dicere,
1935 5056 2145 5146 quod

585 5187 1088 5261 quocumque
1181 5166 1532 5242 istorum
1620 5170 1726 5243 ibi
1812 5170 2141 5280 fuisset,

233 5294 561 5411 pffl‘ffi'm
589 5284 858 5376 potius
908 5283 1160 5358 fuisse
1222 5286 1540 5359 veniale
1611 5307 1851 5381 quam
1925 5308 2143 5361 mor-

258 5422 531 5549 {ffliffl
584 5402 773 5476 tale.
829 5401 993 5474 Nec
1058 5407 1324 5494 potest
1390 5403 1764 5477 excusari
1815 5406 2139 5488 Petrus,

344 5546 461 5600 ruit.

594 5519 800 5617 quod
842 5517 992 5597 hoc
1046 5519 1351 5594 faceret
1412 5524 1753 5647 propter
1815 5521 2138 5595 scanda-

1755 342 1901 405 LIB.
1926 340 2028 404 lv.
2063 337 2658 405 SENTEN'HARUM

2252 499 2422 572 lum
2520 500 2986 572 Judaeorum
3081 495 3522 576 vitandum,
3614 491 3804 585 quia

2254 636 2416 688 non
2466 622 2647 689 erat
2700 614 2808 688 ibi
2861 614 3208 687 materia
3251 611 3605 686 scandali
3642 631 3815 703 per-

2255 731 2516 810 fectis,
2562 751 2817 821 neque
2871 728 3263 824 parvulis,
3310 727 3443 801 sed
3494 729 3813 800 tanturn

2257 846 2734 926 Pharisaeis;
2809 847 2902 919 de
2981 866 3135 937 quo
3208 843 3586 917 scandalo
3655 862 3815 914 non

2253 984 2432 1036 esse
2518 962 2964 1036 curandum
3078 962 3307 1034 docet
3405 958 3808 1041 Christus,

2262 1078 2549 1153 Matth.
2597 1082 2704 1152 15.
2742 1078 2872 1153 cui
2947 1075 3559 1150 cumdixissent
3591 1073 3820 1150 disci-

2261 1195 2427 1289 puli
2472 1221 2490 1265 :
2537 1200 2706 1276 Scis,
2751 1199 2911 1286 quia
2939 1198 3170 1263 audito
3200 1196 3321 1261 hoc
3351 1196 3545 1261 verbo
3576 1195 3817 1260 Phari-

2259 1316 2380 1379 soei
2429 1313 2882 1380 scandalizati
2937 1324 3115 1387 sunt,
3180 1308 3491 1382 scilicet
3540 1309 3632 1380 de
3690 1328 3812 1380 co-

2266 1427 2642 1499 medendo
2685 1426 2984 1518 absque
3043 1425 3352 1500 lotione
3396 1443 3806 1505 manuum,

2264 1542 2704 1636 respondit,
2826 1545 2998 1632 quod
3070 1546 3249 1610 enim
3314 1545 3525 1609 intrat
3583 1545 3657 1608 in
3711 1562 3803 1622 οε,
3840 1560 4029 1613 Matth.
4067 1560 4156 1612 15.

2262 1684 2399 1729 non
2468 1664 2859 1749 coinquinat
2924 1663 3283 1740 hominem,
3355 1661 3508 1731 eto.
3582 1656 3813 1748 quasi

2259 1778 2589 1861 diceret,
2652 1798 2813 1849 non
2872 1777 3180 1850 curetis
3237 1776 3330 1848 de
3390 1775 3533 1848 illo
3586 1794 3816 1849 scan-

2260 1896 2501 1968 dalo:
2560 1900 2779 1965 Sinite
2833 1899 3005 1978 illos,
3071 1899 3227 1963 coeci
3270 1907 3446 1974 sant,
3501 1906 3561 1961 et
3618 1896 3814 1961 duces
3906 1937 3911 1944 ·

2260 2036 2605 2080 coecorum.
2715 2011 2904 2083 Tale
2993 2015 3267 2084 autem
3346 2009 3809 2083 scandalum

2260 2128 2553 2203 fuisset
2595 2129 2770 2210 hoc,
2819 2128 3003 2222 quia
3044 2148 3143 2201 ex
3195 2146 3490 2219 genere
3551 2130 3810 2209 actuS,

2261 2245 2530 2317 nullus
2563 2242 2833 2318 debuit
2865 2242 3425 2323 scandalizari,
3462 2241 3622 2314 nisi
3656 2262 3818 2315 ma-

2260 2360 2334 2432 le
2391 2360 2746 2432 sentiens
2804 2360 2896 2432 de
2957 2358 3336 2432 libertate
3397 2356 3817 2448 Evangeli-

2262 2498 2377 2550 ca.
2425 2479 2589 2550 Nec
2637 2498 2779 2570 per
2837 2477 3188 2550 similem
3260 2475 3662 2549 rationem
3719 2475 3811 2548 dc
3837 2479 4164 2590 fioeggffiz

2263 2594 2639 2668 scandalo
2681 2593 3035 2675 vitando,
3102 2597 3369 2686 potest
3428 2593 3810 2665 excusari
3887 2557 4099 2654 kfibron-

2264 2710 2563 2784 Paulus
2651 2710 2731 2782 in
2806 2708 3456 2785 circumcidendo
3543 2708 3807 2781 Timo-

2259 2826 2563 2907 theum,
2643 2825 2771 2898 vel
2862 2824 3355 2918 purificando
3435 2845 3543 2905 se,
3628 2824 3814 2918 quia

2258 2943 2570 3015 nullum
2651 2941 3032 3016 illicitum
3107 2945 3232 3015 est
3299 2941 3814 3017 committen-

2259 3070 2470 3151 dum,
2513 3072 2852 3163 propter
2885 3068 3350 3141 scandalum
3387 3068 3817 3161 quodcum-

2262 3206 2410 3277 que
2443 3186 2886 3260 vitandum.
2922 3185 3143 3258 Unde
3179 3188 3459 3254 Exci-av.
3506 3188 3586 3254 de
3623 3210 3817 3276 requ-

2260 3307 2345 3370 lis
2365 3308 2549 3391 juris
2591 3331 2611 3370 .·
2657 3302 2803 3384 Qui
2840 3301 3543 3386 scandalizaverit,
3578 3306 3815 3370 utilius

2256 3421 2649 3487 scandalum
2689 3423 2877 3488 nasci
2910 3423 3349 3508 permittitur,
3413 3442 3610 3508 quam
3641 3422 3814 3487 veri-

2259 3555 2360 3610 tas
2390 3546 2837 3632 relinquatur.
2879 3541 2990 3614 Ad
3030 3541 3295 3614 minus
3339 3540 3489 3615 hoc
3524 3562 3813 3615 Verum

2257 3661 2382 3732 est
2434 3678 2581 3751 pro
2632 3658 2984 3732 veritate
3031 3658 3221 3731 vitae
3267 3657 3348 3730 in
3381 3659 3813 3752 praeceptis

2257 3766 2662 3859 negativis
2726 3786 3049 3860 semper
3126 3770 3207 3840 et
3257 3787 3406 3859 pro
3461 3787 3812 3860 semper,

2257 3889 2338 3957 et
2407 3883 2486 3955 in
2553 3882 3072 3956 affirmativis
3179 3902 3328 3975 pro
3409 3887 3810 3976 tempore,

2263 4019 2410 4092 pro
2446 4021 2600 4092 quo
2637 4004 2823 4073 sunt
2864 3999 3392 4092 adimplenda.

2347 4115 2725 4189 Breviter
2766 4134 2964 4207 ergo
2998 4116 3297 4187 Paulus
3340 4114 3562 4190 licite
3595 4115 3812 4190 inter
3958 4127 4094 4239 πᾶ

2258 4231 2577 4304 Judaeos
2683 4232 3044 4304 servavit
3141 4230 3465 4323 legalia,
3563 4232 3813 4305 etiam
3866 4191 4128 4302 Οιὶῗέιῗιο

2261 4346 2516 4420 multo
2561 4352 2929 4439 tempore
2991 4349 3173 4438 post
3223 4347 3562 4421 tertium
3616 4352 3812 4422 Con·
3898 4314 4106 4448 „¹223ssss

2259 4468 2564 4551 cilium,
2629 4473 2708 4542 et
2773 4470 2923 4541 hoc
2981 4467 3135 4542 fuit
3212 4467 3553 4551 licitum,
3626 4440 4162 4573 dum10‡}{⁸¹¹f.<'39t

2263 4588 2531 4659 tamen
2613 4585 2785 4678 ipse
2871 4605 3032 4657 non
3110 4589 3449 4677 poneret
3524 4584 3605 4657 in
3693 4564 4164 4690 eispffggssgffi.

2261 4720 2513 4794 spem,
2577 4700 2769 4773 licet
2837 4720 2998 4772 non
3074 4704 3291 4774 esset
3368 4700 3592 4783 utile,
3665 4721 3810 4773 ncc
3918 4702 4088 4739 ⁰⁰⁶¹¹²·

2259 4816 2846 4891 necessarium.

2352 4937 2577 5008 Inter
2619 4937 2914 5008 Gentes
2955 4935 3227 5005 autem
3291 4933 3677 5007 Gentibus
3731 4955 3815 5005 se

2260 5052 2833 5136 conformavit,
2873 5052 3063 5144 quia
3097 5051 3326 5124 licuit
3360 5050 3510 5124 sibi
3553 5052 3814 5143 legem

2263 5191 2423 5243 non
2459 5191 2819 5253 servare,
2857 5190 3004 5264 pro
3041 5169 3183 5242 illo
3227 5169 3572 5242 secundo
3619 5174 3818 5241 tem-

2263 5308 2458 5379 pore
2526 5285 2954 5379 Baptismi.
3028 5287 3318 5361 Petrus
3399 5289 3674 5358 autem
3739 5284 3817 5355 in

2258 5403 2783 5495 Jerosolyma
2870 5420 3207 5475 servans
3286 5400 3574 5493 legem,
3657 5419 3818 5472 non

2262 5517 2653 5615 peccavit,
2743 5518 2930 5613 quia
3007 5516 3236 5590 licuit
3324 5517 3640 5603 Judaeo,
3735 5520 3815 5595 et
