4287 6313
422 783 505 836 22.

648 386 766 450 542

653 549 779 613 bus
809 558 920 615 aut
947 557 1324 620 nolentibus
1354 557 1730 620 extenditur
1771 557 1853 620 ad
1898 558 2059 619 alios
2087 558 2186 619 in-

641 665 940 744 ferioreS,
991 674 1103 750 qul
1144 672 1319 735 licite
1365 674 1696 752 baptizant
1744 680 1810 737 et
1856 679 2185 737 tenentur.

721 785 783 846 Si
841 792 1060 849 autem
1123 804 1311 851 casus
1355 790 1737 870 ignorantiae
1792 794 2186 863 suboriatur,

637 907 712 963 ut
768 904 1135 981 periculum
1180 908 1264 968 sit
1326 924 1680 987 personam
1727 909 1943 991 gradu
1984 926 2184 986 supe-

635 1017 897 1091 riorem,
934 1025 1048 1082 aut
1074 1038 1265 1097 sexu,
1312 1023 1711 1086 committere
1772 1024 2190 1104 sacrilegium

634 1136 700 1196 in
743 1134 883 1212 ipso
929 1135 1313 1211 ministeriO,
1356 1138 1573 1218 utqui
1603 1141 1858 1201 nesciat
1901 1155 2188 1219 pronun-

633 1254 796 1315 tiare
824 1249 1102 1315 formam
1131 1254 1561 1329 sacramenti,
1608 1261 1760 1319 tunc
1812 1256 2192 1335 praejudicat

631 1370 843 1435 ordini
919 1372 1278 1434 necessitas
1326 1372 1649 1450 baptizati,
1711 1378 1777 1435 et
1818 1375 2187 1437 reverentia

633 1488 1053 1565 Sacramenti,
1112 1494 1185 1550 ut
1238 1506 1374 1551 non
1420 1489 1782 1552 dubitarem
1826 1490 2023 1552 etiam
2068 1489 2185 1553 foe-

635 1606 878 1668 minam
948 1607 1015 1670 in
1089 1623 1166 1669 eo
1228 1624 1383 1670 casu
1426 1609 1493 1669 in
1539 1608 1881 1686 praesentia
1934 1608 2187 1682 Clerici,

636 1729 750 1786 aut
818 1723 1187 1786 Sacerdotis
1243 1722 1486 1793 idiotae,
1550 1729 1614 1785 et
1656 1726 1920 1786 omnino
1978 1724 2185 1799 rudis,

639 1839 726 1902 de
783 1840 931 1921 ejus
989 1841 1223 1903 saltem
1280 1841 1565 1914 licentia,
1626 1840 1733 1903 vel
1777 1841 2041 1919 quando
2102 1841 2187 1903 de

636 1957 782 2035 ejus
839 1958 1204 2020 intentione
1266 1957 1487 2020 debita
1545 1956 1628 2018 ad
1692 1958 2187 2019 Sacramentum

636 2074 720 2136 ob
770 2074 978 2153 ipsius
1026 2075 1526 2153 perversitatem
1575 2091 1724 2136 cum
1752 2074 2184 2137 fundamento

632 2192 1065 2268 praesumitur,
1124 2191 1231 2253 vel
1299 2190 1477 2253 aliud
1547 2191 1909 2269 periculum
1976 2189 2184 2251 simile

631 2307 962 2383 subesset,
991 2307 1097 2368 vel
1138 2306 1561 2385 aequivalens,
1603 2306 1856 2368 debere
1901 2301 2188 2384 praeferri

632 2431 697 2487 et
739 2426 950 2487 teneri
998 2426 1195 2486 etiam
1237 2424 1609 2486 ministrare
1642 2424 2181 2495 Sacramentum:

578 2567 586 2577 ’
631 2565 778 2610 nam
809 2548 1182 2611 reverentia
1213 2546 1638 2619 sacramenti,
1676 2550 1742 2606 et
1783 2548 2185 2624 praeceptum

632 2665 717 2727 de
746 2681 825 2728 eo
860 2661 1375 2726 administrando
1415 2661 1656 2734 valide,
1705 2677 1780 2721 ac
1823 2661 2188 2724 necessitas

631 2782 935 2859 baptizati
1009 2778 1417 2859 praeferenda
1491 2784 1647 2840 sunt
1704 2786 2029 2857 praecepto
2102 2778 2187 2839 de

635 2899 865 2962 ordine
909 2896 1263 2971 servando,
1321 2895 1501 2976 quod
1560 2897 1873 2973 supponit
1927 2897 2188 2972 capaci-

635 3022 834 3079 tatem
892 3030 1349 3093 personarum,
1410 3017 1476 3074 et
1546 3013 1948 3075 voluntatem
2022 3015 2185 3075 inte-

548 3210 559 3225 ,
633 3148 846 3213 gram,
879 3147 1022 3211 quae
1061 3135 1460 3197 necessitate
1510 3128 1914 3196 Sacramenti
1959 3129 2188 3211 requi-

629 3252 812 3314 ritur.

710 3368 912 3430 Casus
957 3365 1123 3431 sorte
1175 3371 1276 3430 est
1331 3366 1769 3446 speculativus
1801 3360 2022 3441 quoad
2051 3358 2186 3439 pri-

623 3502 801 3546 mam
829 3493 1104 3563 partem,
1151 3483 1275 3546 sed
1315 3484 1707 3562 proponitur
1750 3479 1836 3542 ad
1869 3478 2188 3558 majorem

628 3599 1145 3663 declarationem
1192 3602 1509 3673 materiae,
1562 3599 1733 3660 sicut
1779 3596 1885 3657 alii
1942 3593 2190 3656 similes

625 3722 1086 3796 proponuntur
1117 3735 1154 3779 a
1192 3713 1608 3787 DoctoribuS,
1671 3712 1882 3794 qualis
1933 3713 2033 3771 est
2078 3706 2186 3768 ille

632 3834 716 3898 de
775 3852 1012 3898 manco
1070 3840 1136 3898 et
1177 3839 1388 3906 muto,
1452 3833 1535 3895 de
1600 3849 1730 3912 quo
1787 3844 2011 3907 supra.
2054 3829 2187 3889 Nec

633 3952 991 4017 dicendum
1038 3957 1139 4015 est
1179 3949 1352 4012 forte
1394 3951 1460 4011 in
1504 3967 1585 4011 eo
1635 3963 1793 4009 casu
1838 3946 2189 4007 mulierem

633 4068 716 4132 de
771 4071 1037 4135 licentia
1106 4070 1470 4148 baptizare,
1542 4070 1692 4146 quia
1756 4068 2037 4144 incapax
2090 4063 2192 4122 est

630 4187 795 4260 taliS‚
841 4185 963 4250 sed
1015 4185 1273 4249 devolvi
1330 4184 1416 4248 ad
1458 4185 1667 4263 ipsam
1708 4185 1838 4263 με,
1888 4176 2070 4259 quod
2128 4177 2189 4240 ei

626 4305 942 4383 competit
993 4303 1060 4364 in
1112 4307 1408 4364 extrema
1446 4301 1871 4370 necessitate,
1918 4293 2185 4375 quando

625 4423 791 4484 alius
858 4437 995 4483 non
1053 4418 1266 4482 adest.
1326 4418 1630 4504 Canones
1695 4421 1920 4478 autem
1977 4411 2188 4475 eccle-

623 4540 863 4604 siastici
908 4542 974 4598 et
1016 4537 1264 4612 PatreS,
1319 4533 1585 4615 quando
1638 4536 1890 4613 negant
1920 4529 2188 4609 quibus-

628 4654 782 4717 dam
844 4653 959 4734 J‘us
1026 4648 1429 4730 baptizandi,
1494 4648 1950 4726 intelliguntur
2005 4648 2188 4706 extra

628 4787 847 4832 casum
907 4767 1345 4840 necessitatis,
1424 4767 1489 4826 et
1566 4763 1622 4824 in
1701 4777 2028 4824 concursu
2071 4759 2190 4821 ali-

628 4906 844 4964 orum,
879 4888 1119 4967 quibus
1176 4901 1258 4947 ex
1306 4882 1543 4958 officiO,
1592 4884 1707 4943 aut
1754 4878 1967 4960 gradu
2006 4893 2184 4939 com·

627 5008 793 5088 petit
863 5006 1003 5069 aliis
1073 5001 1395 5083 praeferri,
1471 5004 1536 5061 et
1591 4996 1962 5060 secundum
2015 4995 2186 5068 hoc;

626 5123 710 5187 ad
753 5125 1154 5203 argumenta
1222 5121 1400 5182 bene
1472 5113 1836 5194 respondet
1903 5113 2169 5173 Doctor.

623 5239 724 5302 Ad
778 5241 1063 5318 primum
1121 5231 1511 5314 explicando
1563 5230 1882 5292 isidorum
1927 5225 2011 5290 ad
2079 5242 2187 5288 se·

628 5355 915 5418 cundam
979 5354 1303 5416 rationem
1379 5349 1531 5411 dicit
1590 5345 2019 5410 Sacerdotem
2070 5359 2193 5420 per

623 5474 902 5537 modum
928 5471 1176 5554 judicis
1218 5470 1556 5531 remittere
1591 5469 1867 5544 peccata
1899 5463 1961 5523 in
1993 5459 2191 5538 poeni·

629 5592 861 5669 tentia,
908 5594 1032 5660 sed
1060 5590 1128 5654 in
1170 5590 1503 5670 Baptismo
1534 5586 1774 5649 virtute
1807 5582 2190 5643 Sacramen-

1735 408 1745 418 ·
1856 396 2000 459 LIB.
2037 396 2137 459 IV.
2184 394 2782 466 SENTENTIARUM

2302 558 2372 629 ti,
2423 562 2676 642 absque
2724 565 2988 629 arbitrio
3063 567 3167 628 vel
3200 564 3450 647 judicio
3499 566 3852 628 remittun-

2302 682 2427 751 tur,
2474 695 2624 760 quae
2667 682 2894 745 ultima
2943 684 3142 746 verba
3194 686 3440 749 nonita
3481 683 3856 763 intelligen-

2303 791 2382 854 da
2415 801 2589 870 sunt,
2626 814 2703 860 ac
2732 799 2787 860 si
2817 799 3113 862 minister
3153 817 3289 862 non
3338 802 3686 861 concurrat
3732 799 3849 861 mi·

2301 911 2714 978 nisterialiter
2757 916 2841 978 ad
2887 917 3204 980 effectum
3260 917 3691 990 Sacramenti,
3734 915 3856 978 sed

2299 1030 2513 1091 solum
2556 1036 2627 1093 ut
2673 1049 2869 1096 causa
2900 1035 3263 1113 applicans,
3290 1038 3461 1098 sicut
3491 1033 3648 1096 dicit
3675 1034 3860 1095 Palu-

2302 1143 2513 1206 danus
2555 1148 2624 1208 in
2652 1148 2715 1209 4.
2749 1152 2893 1213 dist.
2932 1152 2987 1213 l.
3031 1168 3091 1228 q.
3125 1152 3186 1212 5.
3223 1154 3280 1212 et
3308 1151 3368 1212 6.
3404 1156 3469 1212 et
3499 1150 3859 1228 Capreolus

2299 1263 2561 1335 ibidem,
2607 1279 2761 1326 nam
2827 1267 3230 1327 contrarium
3286 1267 3520 1329 asserit
3588 1267 3854 1329 Doctor.

2299 1378 2461 1441 Vide
2490 1382 2927 1461 Augustinum
2955 1389 3145 1447 tract.
3174 1387 3236 1449 5.
3283 1386 3352 1446 in
3377 1378 3712 1446 loannevn.
3748 1386 3856 1446 Sa·

2303 1497 2605 1561 cerdotes
2661 1499 2970 1564 dicuntur
3022 1503 3234 1565 vicem
3299 1503 3532 1568 Christi
3575 1518 3854 1584 genere,

2301 1633 2448 1679 esse
2500 1634 2749 1698 organa
2801 1626 2865 1682 et
2907 1621 3419 1684 instrumentum
3473 1621 3740 1696 Christi;
3791 1625 3855 1684 et

2299 1732 2423 1794 hoc
2454 1734 2617 1796 alias
2650 1738 2902 1813 patebit
2929 1736 3098 1800 infra
3130 1747 3346 1815 quaest.
3378 1740 3438 1800 5.
3486 1738 3596 1801 ubi
3641 1740 3859 1817 agitur

2301 1849 2385 1911 de
2429 1850 2799 1916 intentione
2843 1854 3162 1933 requisita
3207 1854 3292 1917 ad
3336 1853 3851 1916 Sacramentum.

2728 2115 3200 2198 QUAESTIO
3301 2118 3404 2189 II.

2318 2391 2546 2456 Utrum
2587 2391 2817 2456 unitas
2864 2392 3197 2477 Baptismi
3235 2391 3607 2456 necessario
3635 2390 3856 2476 requi-

2358 2519 2493 2587 rat,
2537 2506 2713 2593 quod
2743 2506 2824 2571 ab
2862 2528 2998 2572 uno
3028 2507 3338 2572 ministro
3368 2503 3811 2590 conferatur?

2298 2764 2510 2822 Alensis
2535 2766 2588 2822 4.
2618 2781 2674 2847 ρ.
2707 2782 2765 2838 q.
2802 2767 2890 2822 16.
2925 2781 3010 2822 m.
3042 2769 3094 2824 6.
3124 2767 3188 2822 D.
3224 2764 3416 2826 Thom.
3447 2765 3519 2821 ¹3.
3560 2781 3616 2835 p.
3666 2740 3854 2833 q-m·

2372 2853 2427 2893 a.
2479 2837 2531 2894 6.
2578 2835 2834 2894 Rlchard.
2877 2839 2934 2894 d.
2977 2838 3030 2894 1.
3072 2855 3127 2894 a.
3168 2839 3225 2894 4.
3256 2853 3308 2907 q.
3340 2838 3389 2893 1.
3420 2837 3580 2894 Gahr.
3607 2838 3688 2891 ibi
3714 2852 3767 2905 q.
3800 2841 3851 2877 ‘¹‘

2371 2908 2801 3050 gra-idjam&
2850 2925 2903 2978 q.
2944 2907 2997 2966 2.
3043 2906 3283 2965 Dux-and.
3324 2924 3378 2978 q.
3420 2907 3475 2964 3.
3520 2910 3676 2965 Sotns
3713 2911 3771 2966 d.

2391 3230 2504 3302 Ad
2582 3229 2937 3322 primum
3017 3233 3120 3322 (a)
3187 3231 3572 3323 arguitur
3650 3232 3851 3326 quod

2298 3367 2486 3426 non,
2524 3345 2714 3438 quia
2747 3346 2951 3419 idem
2985 3348 3257 3440 potest
3289 3347 3533 3419 simul
3578 3347 3852 3440 plures

2299 3461 2760 3554 baptizare;
2833 3481 3034 3555 ergo
3106 3463 3380 3555 plures
3462 3465 3850 3538 eumdem.

2297 3579 2896 3671 Consequentia
2929 3585 3153 3673 patet
3194 3601 3241 3653 a
3294 3581 3572 3655 simili.
3619 3583 3858 3657 Ante-

2299 3696 2584 3769 cedens
2633 3697 3056 3790 probatur,
3119 3702 3296 3773 tum
3363 3700 3551 3791 quia
3614 3697 3856 3784 simul

2302 3816 2570 3903 potest
2641 3812 3124 3905 perfundere
3164 3815 3388 3898 duos,
3450 3816 3779 3889 dicendo
3837 3840 3852 3884 :

2298 3933 2439 4018 Eyo
2471 3932 2733 4017 baptizo
2781 3953 2916 4013 vos,
2960 3934 3111 4004 etc.
3167 3932 3332 4005 Nec
3388 3931 3711 4004 videtur
3751 3928 3857 4001 ibi

2301 4045 2604 4137 aliquid
2674 4045 2973 4128 deesse,
3057 4046 3246 4138 quin
3314 4051 3660 4138 uterque
3750 4046 3857 4120 sit

2299 4161 2784 4254 baptizatus.
2823 4163 3022 4232 Tum
3058 4161 3243 4254 quia
3277 4162 3344 4234 si
3377 4167 3594 4237 esset
3637 4182 3855 4234 mon-

2303 4282 2569 4352 strum
2641 4279 2939 4351 habens
2998 4280 3151 4352 duo
3213 4278 3510 4373 capita,
3580 4283 3856 4374 posset

2303 4396 2545 4470 simul
2614 4395 3058 4489 baptizare,
3116 4399 3197 4470 et
3245 4397 3520 4468 tamen
3570 4395 3855 4489 proba-

2299 4513 2459 4587 bile
2517 4517 2640 4586 est
2719 4512 2829 4585 ibi
2890 4533 3067 4584 esse
3152 4513 3349 4585 duas
3431 4532 3854 4606 personas,

2304 4630 2491 4724 quia
2556 4629 2753 4701 duas
2807 4628 3048 4702 habet
3107 4633 3388 4721 partes
3449 4629 3860 4722 principa-

2304 4747 2443 4818 leS.
2509 4748 2706 4817 Tum
2778 4745 3029 4820 tertio
3109 4766 3255 4838 per
3316 4745 3606 4828 simile,
3672 4745 3860 4838 quia

2303 4859 2504 4932 idem
2542 4859 2932 4932 Sacerdos
2975 4863 3245 4953 potest
3290 4859 3531 4932 simul
3579 4861 3856 4953 plures

2301 4974 2619 5049 hostias
2661 4996 3182 5050 consecrare.

2392 5095 2624 5177 Item,
2709 5095 3023 5187 quando
3095 5095 3189 5167 ad
3257 5095 3610 5189 aliquem
3666 5094 3852 5167 effe·
3886 5110 4122 5177 Argum.
4157 5117 4217 5169 ε.

2303 5220 2522 5290 ctum
2566 5218 3071 5289 concurrunt
3112 5215 3375 5308 plura,
3421 5236 3645 5308 aeque
3679 5236 3855 5307 pos·

2305 5336 2488 5408 sunt
2530 5334 2673 5407 illa
2710 5333 2885 5407 fieri
2941 5355 2987 5406 a
3041 5335 3436 5428 pluribus,
3495 5335 3708 5409 sicut
3760 5336 3858 5407 ab

2303 5477 2504 5537 uno;
2561 5458 2904 5549 apparet
2954 5455 3044 5526 de
3094 5455 3357 5541 domo,
3413 5456 3600 5549 quia
3632 5476 3856 5548 aeque

2302 5575 2574 5666 potest
2625 5592 2831 5643 unus
2901 5569 3109 5663 lapis
3169 5570 3465 5663 apponi
3515 5573 3614 5645 ab
3667 5592 3852 5658 un0,

4019 3242 4076 3295 1.

3885 3308 4127 3371 Argum.

4166 3305 4218 3357 1.
