4287 6313
1609 390 1809 453 Dts'r.
1840 388 1942 449 Vt.
1974 385 2333 463 QUAESTIO
2363 389 2439 449 X.

114 559 375 674 Conziiiima
518 539 593 602 Et
678 542 1116 620 confirmatur,
1208 566 1337 611 non
1424 554 1631 631 magis
1720 558 1983 616 tenetur

205 684 292 735 tio.
435 658 631 723 homo
680 678 761 735 ex
810 665 1230 728 inclinatione
1281 669 1568 738 rationis,
1619 678 1870 731 naturae
1917 676 1983 733 et

435 776 625 857 legis,
686 777 843 839 dum
888 782 1009 858 agit
1060 782 1445 859 deliberate,
1499 803 1700 862 agere
1749 802 1980 847 secun-

438 894 595 956 dum
654 897 1062 959 honestatem
1124 901 1188 960 in
1245 917 1517 977 genere,
1580 918 1773 979 quam
1827 899 1982 961 dum

435 1011 571 1089 agit
601 1012 974 1074 secundum
1014 1014 1454 1089 honestatem,
1486 1032 1689 1095 agere
1738 1034 1978 1079 secun-

438 1125 596 1188 dum
640 1129 1019 1191 charitatem
1065 1135 1131 1191 et
1173 1130 1592 1194 dilectionem
1650 1133 1808 1204 Dei;
1864 1133 1984 1194 sed

437 1239 522 1300 ad
564 1242 689 1302 hoc
737 1245 914 1306 nullo
960 1245 1156 1306 modo
1208 1251 1466 1309 tenetur
1525 1250 1799 1310 seclusis
1855 1249 1986 1309 sal-

443 1365 572 1420 tem
627 1360 1124 1422 circumstantiis
1186 1363 1534 1441 aliquibuS,
1608 1365 1673 1425 in
1745 1365 1986 1442 quibus

441 1485 840 1560 praeceptum
880 1480 1245 1546 dilectionis
1295 1501 1416 1562 per
1465 1484 1772 1546 accidens
1821 1483 1984 1544 obli-

148 1628 261 1677 Non
290 1630 368 1676 est
442 1601 578 1676 gat,
615 1614 800 1678 ergo,
835 1604 959 1660 etc.
1009 1599 1327 1664 Probatur
1354 1599 1577 1677 maj0r,
1611 1601 1764 1678 quia
1792 1599 1988 1660 bomo

135 1705 381 1802 οξῖξψξο
447 1715 813 1777 secundum
868 1715 1353 1777 inclinationem
1404 1722 1669 1786 naturai,
1719 1715 1991 1777 rationis

111 1816 307 1927 ⁸3⁶3„ss
333 1829 397 1863 ΘΧ
448 1840 515 1896 et
558 1835 747 1915 legis,
792 1836 1005 1913 magis
1062 1833 1401 1896 ordinatur
1457 1835 1539 1896 ad
1600 1833 1799 1895 finem
1845 1832 1992 1893 ulti·

145 1938 369 2068 ’ξιξὲξξν
446 1971 628 2015 mum
657 1954 723 2016 in
752 1956 992 2031 reipsa,
1028 1971 1220 2032 quam
1254 1952 1338 2015 ad
1368 1953 1686 2015 rationem
1711 1951 1990 2022 honesti,

152 2066 364 2178 {5332
446 2078 519 2133 ut
550 2073 974 2150 participatur
1017 2072 1100 2133 ab
1160 2072 1322 2143 aliis,
1386 2086 1528 2149 quae
1575 2074 1728 2132 sunt
1773 2067 1994 2130 media

121 2206 389 2302 ⁸3⁸{30⁰¹
448 2190 531 2251 ad
575 2186 774 2250 finem
820 2189 1143 2261 ultimum,
1195 2188 1343 2266 quia
1379 2191 1554 2247 recta
1587 2187 1750 2246 ratio
1784 2188 1994 2264 magis

120 2317 410 2370 charitatis.
450 2305 649 2367 dictat
680 2302 979 2368 ordinate
1022 2305 1280 2380 operari
1322 2301 1646 2365 servando
1695 2302 1994 2363 ordinem

449 2423 648 2487 medii
693 2422 776 2485 ad
826 2420 1048 2494 finem,
1098 2437 1292 2499 quam
1339 2419 1597 2497 operari
1642 2420 1718 2479 ad
1766 2417 1988 2491 finem,

448 2541 559 2601 ubi
592 2540 806 2599 nullus
839 2543 943 2598 est
971 2536 1131 2597 ordo
1178 2536 1398 2613 operis
1440 2553 1521 2596 ex
1563 2536 1826 2614 objecto
1873 2552 1991 2596 suo

448 2654 531 2715 ad
560 2654 783 2728 finem,
838 2656 1031 2732 quale
1081 2657 1181 2713 est
1246 2668 1415 2728 opus
1474 2650 1856 2712 indifferens
1916 2665 1993 2710 ex

446 2772 748 2851 obJect03
815 2769 936 2831 sed
993 2771 1058 2829 in
1122 2767 1449 2845 prioribus
1505 2765 1668 2827 ordo
1713 2764 1821 2825 ille
1860 2780 1993 2825 ser-

442 2888 696 2952 vandus
729 2891 830 2949 est
872 2890 1123 2950 tantum
1171 2900 1252 2945 ex
1282 2885 1717 2962 congruitate,
1767 2886 1834 2942 et
1861 2896 1991 2942 non

446 3008 860 3077 necessitate,
922 3019 1080 3079 ergo
1138 3019 1175 3062 a
1234 2998 1483 3063 fortiori
1540 2998 1716 3062 idem
1770 2998 1893 3059 erit
1928 3001 1993 3059 in

445 3123 808 3201 proposito.

100 3271 291 3324 Eadem
343 3276 420 3322 est
527 3241 867 3310 Praeterea,
941 3238 1137 3299 homo
1213 3236 1506 3297 elevatus
1574 3250 1695 3311 per
1776 3232 1995 3295 media

44 3331 45 3334 Ἴ
126 3334 392 3463 ωῆἰὲἐζῶ
448 3357 969 3435 supernaturalia
1015 3359 1079 3416 et
1126 3354 1427 3432 gratiam,
1461 3352 1545 3412 ita
1591 3367 1662 3410 se
1707 3349 1906 3410 habet
1932 3349 1997 3408 in

117 3464 410 3525 utrumque.
450 3475 678 3538 ordine
709 3469 1299 3550 supernaturalium
1335 3467 1416 3528 ad
1448 3466 1646 3528 finem
1671 3465 1994 3531 ultimum,

446 3591 612 3652 sicut
647 3591 1034 3652 constitutus
1056 3588 1119 3647 in
1152 3585 1382 3645 ordine
1405 3588 1655 3644 naturae
1687 3580 1769 3641 ad
1804 3581 2000 3639 tinem

446 3706 700 3771 honesti
727 3725 744 3781 3
787 3704 906 3767 sed
938 3705 1025 3766 ibi
1058 3703 1235 3764 nulla
1268 3705 1370 3762 est
1399 3700 1709 3779 obligatio
1744 3697 1995 3765 similis,

450 3839 606 3902 crgo
657 3839 878 3899 neque
923 3821 1049 3883 hic.
1101 3820 1308 3900 Major
1361 3822 1567 3894 patet,
1636 3813 1787 3893 quia
1843 3811 1996 3874 ideo

450 3944 707 4000 tenetur
757 3937 825 3999 in
873 3935 1101 3998 ordine
1156 3934 1437 3999 naturali
1470 3931 1859 3996 constitutus
1891 3944 1992 3989 se-

448 4054 736 4115 cundum
778 4053 978 4115 finem
1047 4052 1305 4114 honesti
1365 4065 1567 4128 agere
1626 4050 1698 4107 ut
1744 4044 1998 4106 delibe-

447 4177 586 4234 rate
638 4171 797 4250 agit,
834 4170 985 4247 quia
1023 4168 1224 4228 habet
1264 4165 1482 4226 media
1516 4168 1581 4225 et
1615 4161 2001 4223 facultatem

448 4289 542 4350 sic
572 4286 836 4363 agendi,
874 4286 1124 4346 scilicet
1150 4282 1308 4343 ratio
1325 4295 1479 4341 nem
1523 4284 1582 4340 et
1632 4278 2001 4339 libertatem

446 4408 511 4468 in
573 4405 810 4482 quibus
871 4399 1183 4462 fundatur
1225 4412 1448 4474 posse,
1495 4400 1562 4455 et
1630 4390 1999 4455 secundum

446 4523 826 4586 instinctum
919 4516 1283 4579 naturalem
1357 4519 1419 4574 et
1506 4511 1998 4571 inclinationem

448 4643 649 4701 rectae
695 4635 963 4697 rationis
1015 4633 1095 4693 ad
1148 4633 1273 4692 hoc
1322 4627 1682 4692 ordinatur.
1736 4628 1826 4688 Ex
1858 4627 1998 4703 qui-

446 4758 570 4819 bus
618 4756 941 4834 colligitur
987 4767 1139 4812 eum
1178 4750 1424 4810 habere
1459 4749 1856 4824 praeceptum
1888 4760 1998 4804 na-

452 4874 683 4946 turale,
742 4873 797 4932 si
842 4867 1022 4948 quod
1079 4870 1203 4939 est,
1252 4866 1345 4926 sic
1398 4861 1640 4942 agendi
1690 4877 1993 4938 semper3

451 4990 569 5052 sed
602 4987 993 5050 constitutus
1025 4987 1090 5047 in
1121 4981 1351 5044 ordine
1383 4979 1867 5054 supernaturali
1889 4978 2001 5038 ha-

450 5107 560 5167 bet
602 5102 820 5164 media
874 5100 1356 5180 proportionata
1389 5097 1451 5157 in
1496 5111 1614 5155 sua
1664 5092 1994 5164 facultate,

453 5224 792 5286 ordinatur
861 5219 943 5282 ad
1013 5216 1209 5278 finem
1266 5213 1835 5291 supernaturalem
1899 5228 1999 5272 se-

454 5340 744 5402 cundum
772 5340 994 5417 legem
1024 5339 1088 5395 et
1129 5334 1585 5404 elevationem,
1632 5327 2001 5390 secundum

453 5456 941 5519 inclinationem
989 5455 1186 5513 rectae
1226 5449 1519 5521 rationis,
1569 5461 1711 5524 quae
1751 5448 1853 5505 est
1881 5459 2001 5521 per

456 5573 678 5645 tidem,
739 5575 938 5649 atque
987 5569 1186 5632 etiam
1236 5583 1315 5628 ex
1366 5572 1595 5627 natura
1647 5565 1882 5633 statuS,
1915 5557 2000 5619 ad

3546 394 3666 457 639

2093 565 2295 627 quem
2342 552 2743 628 sublevatur,
2795 559 2863 616 et
2904 554 3276 617 secundum
3324 557 3641 620 inclinati·

2090 683 2290 727 onem
2350 668 2627 745 justitiae
2704 686 2905 748 quam
2968 671 3192 747 habet,
3260 677 3324 733 et
3388 674 3645 752 gratiae;

2096 799 2258 862 ergo
2293 784 2493 844 currit
2521 787 2761 862 paritas
2804 786 2869 846 in
2913 786 3012 848 his
3059 795 3123 849 et
3164 788 3230 849 in
3273 789 3422 852 illis.

2178 897 2603 973 Respondent
2672 900 2871 979 aliqui
2955 900 3398 979 disparitatem
3474 920 3646 980 esse,
3683 900 3968 1029 Resngdsio

2097 1016 2249 1093 quia
2277 1013 2422 1077 finis
2452 1017 2970 1092 supernaturalis
3004 1034 3135 1079 non
3183 1019 3347 1082 tollit
3390 1021 3651 1101 obliga·
3976 1001 3990 1017 ⁸

2099 1131 2342 1193 tionem
2412 1132 2730 1209 operandi
2789 1134 2959 1194 circa
3010 1132 3211 1196 finem
3256 1137 3650 1213 naturalem,

2101 1264 2250 1308 cum
2305 1248 2427 1325 ipsi
2484 1265 2615 1309 non
2686 1256 3076 1328 opponatur,
3125 1251 3273 1314 ideo
3346 1269 3478 1315 non
3552 1256 3652 1313 est

2100 1364 2408 1441 obligatio
2442 1362 2774 1427 referendi
2804 1368 3022 1430 omnia
3063 1369 3129 1429 in
3176 1367 3372 1430 finem
3414 1386 3648 1446 super-

2099 1479 2483 1554 naturalem,
2534 1494 2667 1541 non
2721 1483 2809 1543 ita
2872 1485 2937 1544 in
3001 1482 3645 1547 finem-naturalem.

2100 1595 2363 1671 Contra,
2422 1597 2558 1660 haec
2613 1604 2957 1676 responsio
3014 1604 3301 1678 seipsam
3349 1601 3646 1675 destruit,
3702 1615 3977 1682 impugna-

2101 1716 2253 1792 quia
2287 1716 2337 1775 si
2371 1716 2546 1776 nulla
2580 1725 2677 1779 est
2708 1716 3142 1797 repugnantia
3165 1717 3310 1780 finis
3338 1720 3649 1782 naturalis
3757 1685 3941 1794 otrffiia

2103 1830 2188 1891 ad
2233 1836 2825 1908 supernaturalem,
2877 1839 3154 1911 possunt
3196 1851 3463 1913 semper
3517 1841 3650 1898 sta·
3706 1820 3955 1920 ,if-’ffissm

2103 1964 2216 2022 re3
2266 1948 2446 2027 quod
2490 1949 2683 2011 etiam
2730 1949 2813 2011 de
2856 1948 2986 2012 fide
3047 1955 3171 2025 est,
3232 1953 3652 2031 quianullus
3680 2007 3740 2042 0„
3778 1945 3913 2046 ἐξ
3935 1995 4002 2046 al

2106 2068 2206 2124 est
2249 2068 2433 2124 actus
2483 2067 2732 2127 virtutis
2762 2067 2828 2125 in
2857 2082 3134 2145 genere,
3175 2069 3434 2130 seclusa
3476 2070 3651 2131 omni
3681 2055 4000 2110 charitatem.

2104 2179 2360 2240 macula
2446 2184 2513 2241 et
2578 2179 3102 2257 deordinatione,
3196 2187 3354 2262 quin
3425 2181 3657 2248 referri

2105 2297 2312 2370 possit
2356 2300 2429 2357 ut
2471 2295 2764 2358 medium
2837 2298 2920 2359 ad
2961 2296 3160 2361 finem
3190 2307 3654 2380 supernatura-

2104 2410 2256 2483 lem,
2291 2410 2377 2471 ad
2408 2426 2607 2487 quem
2639 2417 2768 2474 tam
2795 2414 3064 2477 consilia
3096 2431 3294 2495 quarn
3337 2420 3660 2494 praecepta

2107 2527 2338 2604 prima,
2401 2545 2600 2607 quam
2643 2548 2843 2608 opera
2904 2549 2984 2594 ex
3025 2533 3124 2594 his
3173 2531 3369 2609 facta,
3432 2531 3659 2595 referri

2109 2648 2385 2718 possunt
2425 2646 2635 2725 magis
2686 2663 2884 2725 quam
2931 2665 3132 2726 opera
3174 2649 3658 2723 indifferentia;

2109 2775 2267 2839 ergo
2326 2777 2595 2839 semper
2651 2767 2870 2839 potest
2913 2771 3084 2827 stare
3141 2765 3463 2828 rectitudo
3514 2762 3660 2827 finis

2108 2878 2621 2952 supernaturalis
2655 2897 2803 2941 cum
2834 2880 3224 2944 rectitudine
3271 2881 3417 2943 finis
3465 2885 3658 2943 natu-

2108 2992 2278 3065 ralis,
2311 3008 2469 3071 ergo
2521 2994 2828 3074 obligatio
2875 2995 3203 3075 ponenda-‘2
3248 2996 3662 3060 rectitudinis

2109 3108 2442 3184 naturalis,
2475 3126 2606 3172 non
2635 3112 2812 3188 ‚tollit
2850 3113 3312 3192 obligationem
3367 3111 3659 3192 ponendi

2108 3228 2569 3291 rectitudinem
2598 3234 3118 3310 supernaturalis
3146 3232 3313 3294 finis.
3348 3231 3479 3295 Sed
3522 3234 3660 3295 haec

2111 3357 2191 3403 ex
2222 3344 2450 3406 iisdem
2488 3347 2815 3424 principiis
2837 3348 3185 3428 colligitur,
3214 3364 3334 3410 seu
3369 3364 3490 3426 per
3519 3365 3661 3409 om-

2112 3459 2216 3519 nia
2247 3460 2542 3522 similiter
2570 3463 3141 3535 concludentibus,
3177 3480 3260 3525 ex
3290 3464 3529 3543 quibus
3552 3464 3665 3526 ad·

2111 3578 2378 3638 versarii
2410 3577 2727 3657 colligunt
2754 3578 3230 3658 obligationem
3253 3580 3667 3642 rectitudinis

2113 3693 2445 3769 naturalis,
2498 3698 2570 3755 ut
2616 3692 2977 3770 deducunt,
3024 3695 3090 3756 in
3134 3696 3410 3774 singulis
3442 3699 3660 3772 operi·

2111 3808 2237 3871 bus
2294 3808 2697 3882 deliberatis,
2770 3824 2921 3872 nam
2978 3816 3045 3872 et
3097 3811 3294 3875 homo
3369 3813 3667 3873 elevatus

2112 3925 2311 3987 habet
2358 3925 2832 4006 obligationem
2877 3926 3206 4005 ponendae
3252 3928 3664 3990 rectitudinis

2112 4044 2651 4119 supernaturalis,
2702 4043 2856 4105 licet
2902 4059 3035 4104 non
3081 4044 3145 4104 in
3191 4043 3469 4123 singulis
3499 4061 3664 4122 ope-

2110 4157 2314 4234 ribuS,
2363 4158 2514 4238 quia
2560 4175 2684 4220 nec
2726 4159 2855 4232 lex,
2904 4174 3029 4220 nec
3075 4162 3239 4220 ratio
3272 4159 3340 4221 id
3371 4159 3661 4236 praescri-

2110 4274 2227 4347 bit,
2300 4280 2361 4338 et
2435 4281 2710 4354 peccata
2770 4280 2991 4339 contra
3035 4275 3236 4337 finem
3292 4276 3660 4338 naturalem

2111 4395 2265 4452 sunt
2296 4394 2492 4454 etiam
2531 4409 2613 4455 ex
2657 4393 3069 4455 connexione
3116 4395 3460 4472 utriusque
3511 4390 3659 4453 finis

2086 4504 2196 4578 ,de
2247 4506 2442 4582 fact0,
2501 4509 2838 4588 supposita
2892 4507 3305 4572 ordinatione
3363 4506 3659 4569 hominis

2112 4623 2196 4683 ad
2250 4622 2449 4688 finem
2509 4627 3102 4703 supernaturalem,
3170 4632 3398 4690 contra
3463 4625 3664 4687 finem

2110 4744 2718 4818 supernaturalem3
2753 4742 2934 4805 unde
2967 4761 3125 4824 ergo
3180 4741 3509 4823 colligitur
3545 4757 3661 4817 po·

2114 4858 2236 4919 tior
2310 4859 2619 4940 obligatio
2685 4861 2752 4921 in
2836 4876 2970 4921 uno
3046 4860 3250 4939 magis
3329 4874 3525 4938 quam
3593 4860 3661 4921 in

2111 4974 2363 5036 altero?

2194 5088 2255 5150 Si
2311 5088 2481 5154 forte
2531 5094 2677 5170 quis
2733 5091 3057 5173 intelligat
3117 5093 3295 5156 illam
3351 5092 3659 5173 obligati-
3810 5103 3890 5153 26.

2110 5223 2310 5268 onem
2347 5208 2758 5272 rectitudinis
2809 5211 3140 5285 naturaliS‚
3206 5210 3515 5288 ponendo
3567 5210 3653 5271 ita

2115 5339 2262 5384 esse
2310 5321 2815 5387 determinatam
2846 5330 2912 5386 et
2941 5329 3388 5387 necessariam
3417 5325 3481 5387 in
3509 5332 3660 5388 actu

2109 5442 2506 5506 indifferenti
2575 5448 2642 5504 et
2686 5442 3189 5516 deliberato,‘ut
3266 5459 3531 5520 semper
3573 5444 3655 5505 sit

2113 5560 2407 5635 vitiosus,
2482 5557 2749 5638 quando
2805 5575 2939 5621 non
2982 5558 3185 5621 habet
3241 5559 3457 5628 illam:
3534 5559 3658 5620 hoc
