4287 6313
606 364 727 427 662

373 562 423 610 9,
692 522 814 590 Sed
856 523 1193 590 Cornelius
1223 525 1468 610 accepit
1504 524 1816 610 Spiritum
1849 532 2146 587 sanctum

602 660 732 706 non
781 640 992 706 solum
1036 650 1352 727 quantum
1395 638 1472 704 ad
1504 639 1748 727 gratias
1778 636 1985 724 gratis
2033 636 2146 701 da-

598 767 721 836 taS,
776 755 891 821 sed
922 755 1117 821 etiam
1149 754 1359 841 quoad
1390 754 1694 821 effectum
1731 751 2148 820 sanctificati-

484 906 489 912 ·
599 871 769 950 oniS,
840 881 911 935 ut
949 882 1126 955 patet
1181 890 1263 935 ex
1325 870 1542 935 verbis
1604 869 1799 949 Petri,
1856 870 2140 934 Act.10.

599 985 939 1071 Numquid
968 1005 1211 1071 aquam
1242 986 1389 1071 quis
1424 984 1779 1070 prohibere
1806 995 2039 1070 potest,
2075 994 2147 1047 ut

593 1121 733 1167 non
791 1100 1214 1185 baptizentur
1261 1102 1354 1179 hi,
1429 1101 1544 1185 qui
1627 1101 1963 1186 Spiritum
1993 1122 2148 1165 san-

599 1227 775 1280 ctum
839 1227 1251 1300 acceperunt,
1322 1215 1490 1278 sic-ut
1562 1223 1621 1277 et
1669 1234 1808 1293 nos,
1880 1225 2004 1279 etc.
2085 1227 2149 1279 et

597 1336 739 1397 Act.
808 1338 910 1398 11.
974 1352 1122 1397 cum
1184 1330 1834 1417 reprehenderetura
1874 1328 2140 1410 Judaeis,

599 1448 772 1533 quod
812 1446 1126 1513 Gentibus
1155 1446 1765 1527 communicaverit,
1812 1465 2149 1532 exponens

599 1562 835 1627 seriem
898 1564 1087 1628 facti:
1148 1563 1312 1626 Cum
1351 1573 1589 1640 autem,
1642 1562 1877 1648 inquit,
1922 1562 2146 1646 ccepis-

597 1700 732 1742 sem
777 1680 978 1763 loqui,
1026 1677 1262 1742 cecidit
1302 1679 1599 1763 Spiritus
1646 1690 1915 1743 sanctus
1943 1698 2147 1763 super

605 1814 733 1871 eos,
777 1795 950 1857 sicut
989 1805 1048 1858 et
1090 1794 1161 1857 in
1196 1813 1315 1858 nos
1354 1794 1428 1858 in
1458 1794 1656 1857 initio
1677 1817 1702 1873 ,·
1761 1793 2151 1859 recordatus

602 1929 747 1971 sum
776 1919 995 1972 autem
1052 1907 1234 1972 verbi
1292 1908 1588 1987 Domini,
1625 1909 1793 1973 sicut
1835 1907 2092 1973 dicebat
2130 1934 2149 1972 .-

599 2014 890 2088 ,loannes
929 2022 1193 2108 quidem
1225 2023 1589 2109 baptizavit
1634 2045 1830 2109 aqua,
1874 2044 1984 2088 vos
2032 2045 2151 2087 au-

605 2150 732 2204 tem
764 2140 1274 2225 baptizabimini
1303 2142 1571 2225 Spiritu
1607 2154 1855 2207 sancto,
1896 2143 1974 2207 Si
1997 2163 2152 2227 erqo

601 2257 898 2321 eamdem
916 2259 1209 2343 qratiam
1256 2257 1440 2322 dedit
1476 2258 1615 2322 illis
1656 2261 1829 2323 Deus
1873 2260 2043 2325 sicut
2091 2270 2152 2323 et

600 2374 807 2452 nobi-§3
883 2375 996 2459 qui
1041 2374 1449 2438 credidimus
1506 2374 1580 2438 in
1635 2374 1991 2437 Dominum
2047 2375 2149 2438 Je-

597 2512 743 2557 sum
786 2491 1146 2571 Christum,
1201 2511 1316 2575 eqo
1346 2492 1492 2576 quis
1530 2511 1713 2556 eram
1745 2492 1859 2576 qui
1895 2512 2152 2577 possem

598 2614 950 2699 prohibere
1002 2615 1232 2691 Deum,
1272 2623 1401 2677 etc.
1454 2613 1789 2699 Oppositio
1838 2631 1936 2682 est
1979 2618 2153 2685 inter

606 2733 1007 2818 Baptismum
1060 2736 1126 2802 in
1174 2757 1342 2824 aqua
1400 2760 1515 2824 per
1544 2743 1879 2818 Ioannem,
1935 2749 1998 2802 et
2038 2740 2149 2803 Ba-

604 2851 917 2935 ptismum
986 2852 1053 2918 in
1103 2854 1349 2938 Spiritu
1381 2869 1626 2937 sanctO,
1672 2857 1783 2944 qui
1835 2858 2022 2924 datus
2055 2870 2153 2924 est

608 2967 936 3051 Apostolis
988 2988 1068 3034 ex
1145 2970 1390 3037 virtute
1447 2973 2007 3053 sanctificationis,
2080 2988 2153 3041 ut

605 3102 723 3147 suo
782 3081 922 3149 loco
990 3087 1438 3155 tractavimus,
1496 3092 1654 3155 ltem
1704 3093 1997 3178 Apostoli
2050 3114 2148 3160 re-

597 3209 916 3282 ceperunt
992 3201 1307 3286 Spiritum
1368 3217 1664 3270 sanctum
1754 3205 1941 3272 initio
2035 3230 2150 3296 per

600 3314 865 3382 modum
898 3316 1161 3383 virtutis
1200 3331 1262 3385 et
1321 3322 1881 3411 sanctificationiS,
1943 3328 2150 3394 donec

593 3430 980 3499 induamini
1019 3435 1262 3501 virtute
1301 3458 1386 3501 ex
1426 3440 1585 3518 altO,
1643 3441 1870 3507 eodem
1930 3444 2142 3524 modo,

595 3557 664 3611 ut
724 3547 880 3613 dicit
931 3564 1170 3630 textus,
1243 3555 1485 3640 recepit
1554 3560 1924 3646 Cornelius,
1993 3581 2151 3648 ergo

601 3684 716 3750 per
758 3667 1020 3734 modum
1052 3672 1517 3740 sanctificantis
1553 3698 1567 3753 ;
1615 3677 1708 3742 sic
1748 3679 2149 3745 etiamintel-

603 3780 903 3850 lexerunt
951 3787 1183 3874 reliqui
1234 3790 1596 3873 audientes,
1634 3794 1970 3861 dicentes:
2024 3798 2151 3862 Er-

606 3920 689 3984 90
765 3913 825 3966 et
897 3905 971 3968 in
1015 3905 1329 3972 Gentibus
1395 3910 1582 3976 dedit
1616 3913 1791 3977 Deus
1822 3915 2150 4000 poeniten·

604 4017 771 4080 tiam
832 4018 923 4082 ad
990 4021 1217 4101 vitam,
1296 4035 1420 4091 ete.
1461 4047 1610 4112 quae
1649 4026 2023 4114 referuntur
2074 4030 2152 4095 ad

601 4132 708 4198 illa
758 4134 948 4216 dona,
986 4159 1133 4224 quae
1181 4142 1425 4227 recepit
1472 4144 1832 4225 CorneliuS,
1879 4168 1993 4234 per
2040 4149 2153 4214 ad-

606 4260 872 4316 ventum
915 4253 1195 4338 Spiritus
1243 4258 1450 4324 sancti
1505 4259 1569 4323 in
1611 4259 1826 4346 ipsum
1866 4285 1880 4343 ;
1932 4267 2152 4349 poeni-

604 4369 810 4432 tentia
884 4369 975 4434 ad
1053 4374 1279 4452 vitam,
1319 4373 1581 4442 denotat
1635 4380 2149 4447 sanctificantem

604 4483 942 4569 Spiritum.
988 4487 1165 4553 Idem
1207 4489 1553 4577 designant
1584 4504 1715 4559 tam
1750 4496 1917 4562 visio
1951 4500 2143 4577 Petri,

604 4620 729 4686 qua
776 4601 1039 4669 videbat
1094 4624 1212 4671 vas
1270 4608 1673 4677 submissum
1705 4612 1785 4679 de
1849 4614 2039 4694 coelO,
2087 4630 2152 4682 et

602 4731 935 4804 receptum
986 4720 1052 4784 in
1084 4723 1346 4806 coelum,
1394 4747 1588 4813 quarn
1622 4730 1817 4796 etiam
1880 4753 2149 4818 respon-

600 4834 698 4898 sio
748 4834 825 4899 ad
878 4835 1091 4923 ipsum
1134 4840 1213 4907 de
1261 4845 1426 4909 coelo
1476 4845 1682 4912 facta:
1750 4849 1910 4923 Quoe
1975 4852 2150 4916 Deus

601 4949 972 5033 mundavit,
1013 4966 1081 5020 tu
1121 4978 1202 5021 ne
1240 4979 1579 5026 commune
1609 4962 1891 5029 dixeris.

375 5126 454 5177 10.
693 5070 867 5134 Hanc
917 5073 1210 5138 eamdem
1270 5077 1659 5142 sententiam
1694 5091 1868 5147 tenet
1924 5086 2145 5170 Augu·

279 5189 563 5253 Augustin.
603 5185 816 5251 stinus
878 5188 1076 5254 variis
1127 5191 1191 5255 in
1233 5191 1415 5271 locis,
1490 5206 1555 5259 ut
1600 5196 1712 5264 lib.
1750 5202 1813 5262 4.
1861 5200 1942 5264 de
2020 5204 2142 5267 Ba-

595 5305 838 5386 ptismo
898 5317 1129 5371 contra
1209 5310 1610 5392 Donatistas,
1686 5337 1830 5401 cap.
1894 5320 2002 5385 24.
2085 5331 2146 5386 et

601 5415 714 5484 lib.
756 5420 860 5482 15.
903 5417 984 5481 de
1026 5420 1370 5503 Trinitate,
1416 5446 1562 5512 cap.
1604 5431 1709 5495 19.
1765 5443 1990 5515 quoest.
2029 5437 2137 5499 84.

593 5551 793 5616 super
833 5532 1204 5602 Leviticum
1262 5539 1377 5605 lib.
1449 5537 1556 5608 50.
1619 5544 1852 5613 homil.
1915 5551 2023 5612 23.
2062 5550 2142 5616 de

1800 363 1943 423 LlB.
1979 361 2079 422 lV.
2113 359 2706 423 SENTENTlARUM

2257 518 2719 604 praedestinat.
2781 523 3200 602 Sanctorum,
3257 543 3404 607 cap.
3450 524 3520 585 Ἴ.
3568 517 3681 584 lib.
3726 515 3808 581 de
3863 530 4137 603 chrysost.

2265 635 2627 721 Baptismo,
2705 658 2851 723 cap.
2933 639 3040 701 21.
3114 647 3174 700 et
3252 636 3363 701 lib.
3440 639 3499 701 1.
3549 652 3697 718 cap.
3736 634 3800 697 8.
3835 595 4155 718 ξξὲἓὲζὲ

2261 750 2770 836 Chrysostomus
2799 763 2863 817 et
2899 751 3009 817 alii
3069 751 3458 837 interpretes
3527 751 3601 813 in
3655 750 3801 813 Act.
3863 723 4126 837 Ἣξζξζξ]

2260 887 2404 951 cap.
2477 870 2578 932 10.
2660 866 3099 933 Tertullianus
3200 866 3312 932 lib.
3383 866 3464 931 de
3519 864 3811 952 jejuniis
3890 849 4115 903 ‘3¹⁰⁶‘ae-

2260 991 2492 1047 contra
2598 982 2971 1067 Psychicos,
3053 1005 3109 1047 c.
3207 984 3272 1046 8.
3368 980 3809 1045 Nazianzenus

2261 1109 2433 1162 orat.
2515 1100 2632 1161 24.
2698 1098 2905 1182 paulo
2980 1107 3138 1161 ante
3207 1097 3432 1178 finem,
3483 1095 3794 1182 Cyprian.

2259 1213 2451 1298 epist.
2536 1215 2642 1278 72.
2725 1217 2956 1277 Arator
3031 1215 3247 1291 Poeta,
3309 1226 3374 1278 et
3434 1213 3706 1291 Glossae,
3744 1222 3809 1275 et

2258 1330 2631 1396 communis
2697 1334 3076 1398 Doctorum.
3127 1330 3191 1394 Si
3253 1349 3410 1415 ergo
3467 1327 3808 1394 Cornelius

2263 1445 2505 1532 recepit
2562 1445 2876 1532 Spiritum
2934 1444 3469 1511 sanctificationis
3518 1464 3601 1509 ex
3660 1464 3807 1508 sen-

2263 1562 2462 1626 tentia
2493 1560 2867 1640 Petri,sicut
2906 1574 2970 1625 et
3009 1560 3325 1647 Apostoli,
3352 1560 3580 1626 eodem
3615 1559 3807 1624 modo

2262 1690 2325 1742 et
2373 1676 2488 1756 illi,
2554 1675 2664 1763 qui
2732 1689 3116 1761 receperunt
3141 1675 3443 1741 eumdem
3491 1674 3804 1760 Spiritum

2264 1814 2378 1879 per
2413 1792 2894 1878 impositionem
2929 1812 3159 1858 manus
3189 1790 3657 1877 Apostolorum·
3710 1809 3805 1854 re-

2262 1909 2609 1994 cipiebant,
2646 1908 2815 1974 sicut
2862 1918 2925 1974 et
2964 1907 3299 1973 Cornelius
3365 1919 3428 1972 et
3465 1906 3589 1993 ipsi
3639 1911 3806 1992 Apo-

2265 2027 2415 2091 stoli
2466 2027 2533 2090 in
2595 2025 2805 2105 initio,
2869 2025 2981 2111 qui
3027 2046 3107 2090 ex
3154 2023 3294 2090 loco
3348 2022 3687 2110 praedicto,
3743 2035 3806 2087 et

2266 2142 2702 2231 promissione
2754 2141 2997 2207 Christi
3048 2154 3111 2208 et
3159 2141 3488 2208 communi
3543 2145 3805 2207 Patrum

2264 2261 2821 2347 interpretatione,
2883 2262 3025 2325 Act.
3071 2263 3109 2323 '2
3159 2271 3545 2345 receperunt
3603 2258 3806 2344 Spiri-

2262 2390 2401 2444 tum
2478 2398 2592 2463 per
2651 2377 2916 2444 modum
2967 2375 3433 2442 sanctificantis
3481 2387 3544 2439 et
3594 2375 3809 2440 dantis

2266 2499 2624 2565 ubertatem
2665 2495 2921 2582 gratiae,
2977 2509 3044 2562 ut
3095 2497 3238 2561 fuse
3267 2495 3802 2579 ChrysostomUS,

2263 2615 2492 2681 homil.
2558 2618 2666 2679 24.
2734 2615 2809 2679 in
2865 2615 3068 2693 Acta,·
3130 2625 3195 2678 et
3249 2614 3423 2676 hom.
3495 2615 3556 2676 1.
3617 2620 3678 2674 et
3737 2613 3801 2676 4.
3864 2650 4141 2715 chrysost.

2263 2742 2486 2828 Cyrill.
2522 2715 3112 2826 lerosolymitanus
3168 2740 3243 2803 in
3313 2709 3653 2805 Catechesi
3695 2744 3801 2810 17,
3865 2716 4124 2828 (gg-illus.

3970 2793 4140 2830 Zlanz,

2265 2859 2556 2926 Nazianz.
2659 2870 2830 2924 orat.
2938 2861 3047 2923 44.
3158 2859 3427 2942 Gregor.
3527 2860 3803 2943 Magnus
3879 2842 4118 2952 {³133}-

2261 2978 2435 3041 hom.
2518 2979 2626 3042 30.
2727 2978 2800 3039 in
2874 2975 3267 3059 Evanyelia‚
3364 2974 3803 3059 Hieronymus
3833 2965 4161 3090 {gfff-affig-

2262 3094 2453 3180 epist.
2517 3093 2606 3156 ad
2662 3092 3035 3170 Hedihiam,
3111 3091 3418 3156 Bernard.
3480 3113 3679 3159 serm.
3727 3094 3804 3156 in
3841 3091 4162 3143 :tamn-inus.

2262 3211 2440 3275 diem
2519 3211 2947 3290 Pentecostes,
3021 3208 3242 3294 Cyrill.
3323 3208 3804 3274 Alexandrinus

2264 3328 2378 3391 lib.
2433 3313 2497 3393 9'.
2560 3329 2627 3391 in
2675 3328 3020 3406 loannem,
3088 3338 3151 3392 et
3199 3326 3567 3392 communis
3599 3327 3802 3392 inter-

2264 3454 2544 3528 pretum.

2351 3559 2592 3624 Deinde
2654 3566 2714 3626 1.
2779 3561 2868 3625 ad
2926 3561 3231 3625 Corinth.
3294 3563 3398 3624 1²2.
3462 3558 3541 3624 ad
3589 3561 3799 3645 Ephe·
3969 3587 4053 3637 ιι.

2263 3676 2397 3740 sios
2437 3680 2499 3740 4.
2537 3675 2769 3761 gratiae
2799 3675 3006 3762 gratis
3047 3675 3213 3741 datae
3262 3696 3388 3742 non
3435 3688 3589 3742 sunt
3627 3697 3799 3742 com·
3826 3648 4157 3767 Cossffissdg·

2267 3816 2497 3862 munes
2552 3797 2879 3877 omnibus,
2953 3797 3063 3863 sed
3132 3819 3247 3884 per
3313 3798 3797 3883 impositionem
3848 3774 4139 3892 {3322}

2268 3934 2498 3981 manus
2598 3915 3052 4000 Apostolorum
3147 3916 3418 3983 dabatur
3521 3917 3802 4005 Spiritus

2265 4043 2530 4099 sanctus
2561 4032 2868 4099 omnibus
2899 4032 3200 4100 fidelibus
3234 4035 3599 4120 baptizatis,
3648 4055 3808 4121 ergo

2264 4148 2451 4214 aliter
2489 4170 2683 4235 quam
2725 4171 2840 4235 per
2886 4148 3077 4215 dona.
3115 4150 3210 4215 Ad
3261 4152 3570 4217 Hebraeos
3615 4151 3809 4217 etiam

2264 4270 2328 4331 6.
2376 4269 2710 4353 impositio
2760 4288 3018 4346 manus,
3083 4278 3464 4332 numeratur
3522 4289 3554 4332 a
3612 4269 3810 4334 Paulo

2265 4382 2432 4448 inter
2455 4381 2819 4448 rudimenta
2854 4383 2999 4449 fidei
3033 4381 3228 4448 simul
3260 4405 3407 4449 cum
3442 4384 3807 4470 Baptismo:

2270 4500 2707 4583 Quapropter,
2748 4498 2982 4584 inquit,
3020 4499 3532 4565 intermittentes
3581 4501 3808 4564 incho-

2262 4617 2510 4680 ationis
2545 4616 2798 4681 Christi
2835 4635 3221 4695 sermonem,
3260 4617 3351 4681 ad
3393 4619 3814 4702 perfectiora

2259 4735 2585 4818 feramur,
2645 4753 2777 4797 non
2843 4754 3110 4797 rursum
3165 4735 3492 4820 jacientes
3547 4735 3810 4818 funda-

2259 4859 2544 4912 ment-um
2581 4850 2989 4935 poenitentioe
3025 4849 3107 4915 ab
3154 4850 3464 4935 operibus
3496 4854 3798 4932 mortuis,

2260 4976 2318 5029 et
2346 4965 2511 5047 fidei
2540 4964 2631 5030 ad
2650 4968 2881 5044 Deum,
2921 4968 3410 5051 Baptismatum
3444 4968 3797 5050 doctrinae,

2259 5083 2706 5167 impositionis
2767 5104 3016 5169 quoque
3076 5105 3414 5165 manuum,
3460 5107 3539 5149 ac
3576 5107 3801 5151 resur-

2258 5199 2573 5263 rectionis
2633 5211 3039 5264 mortuorum
3122 5221 3201 5264 ac
3261 5201 3519 5287 judicii
3611 5214 3807 5268 ceter-

2257 5315 2350 5393 ni,
2398 5325 2519 5379 etc.
2574 5315 2894 5401 Supponit
2943 5292 3290 5402 Apostolus
3344 5317 3520 5402 ipsos
3559 5319 3694 5405 jam
3736 5319 3802 5385 in

2257 5429 2360 5494 his
2411 5429 2799 5495 rudimentis
2839 5429 2990 5495 fidei
3033 5429 3238 5496 fuisse
3287 5432 3667 5514 instructOS‚
3732 5445 3804 5501 ut

2255 5560 2428 5636 patet
2485 5568 2565 5614 ex
2616 5549 2834 5615 verbis
2887 5548 3315 5638 sequentibus
3358 5571 3374 5615 :
3428 5571 3567 5617 non
3620 5554 3804 5621 enim
