4287 6313
1551 437 1754 502 DIST.
1803 439 1910 502 111.
1956 439 2324 516 QUAES'rlo
2357 439 2429 503 ll.

474 584 601 685 que
691 597 924 665 horum
1020 601 1273 668 asserit.
1386 602 1509 670 Sed
1628 602 2021 688 ambiguitas

474 714 783 782 statuitur
821 714 886 782 in
917 737 1016 795 eo,
1054 738 1136 783 an
1194 719 1443 786 scilicet
1473 719 1765 806 Apostoli
1820 719 2020 805 bapti·

474 844 693 898 zantes
759 833 824 899 in
891 833 1030 901 solo
1090 836 1352 903 nomine
1387 840 1564 913 Jesu,
1610 835 2024 922 peccaverint

473 958 697 1013 contra
765 961 1160 1036 praeceptum
1226 950 1446 1017 datum
1485 950 1516 1016 ‘3
1571 950 1883 1039 alioquin,
1966 951 2021 1016 si

477 1062 870 1150 intelligeret
922 1086 1050 1131 non
1105 1067 1467 1153 baptizasse
1524 1078 1751 1133 contra
1784 1087 2022 1153 praece·

475 1189 685 1263 ptum,
721 1200 849 1246 non
883 1193 1059 1247 esset
1088 1181 1268 1248 locus
1296 1181 1662 1248 dubitandi.
1698 1184 1830 1247 Nec
1852 1182 2021 1248 Hila-

475 1296 614 1362 rius
676 1295 856 1377 dicit,
929 1298 1102 1384 quod
1179 1298 1482 1384 legantur
1539 1298 1900 1383 baptizasse
1949 1303 2021 1366 in

469 1413 610 1477 solo
656 1415 926 1479 nomine
988 1415 1160 1494 Iesu,
1201 1434 1612 1501 quacumque
1643 1415 1893 1480 ratione
1926 1416 2021 1479 in-

471 1529 808 1614 terpretari
841 1531 963 1595 hoc
994 1528 1244 1606 debeat,
1291 1530 1400 1595 sed
1432 1529 1757 1596 assertive
1785 1530 2021 1597 asserit

470 1664 583 1709 eos
622 1643 717 1710 sic
750 1645 1108 1730 baptizasse
1147 1648 1220 1711 in
1262 1648 1533 1712 nomine
1569 1646 1742 1724 lesu,
1817 1659 1879 1711 et
1935 1647 2020 1712 fa·

466 1771 641 1826 ctum
708 1773 1031 1847 praecepto
1083 1763 1377 1848 opponit,
1428 1782 1556 1827 non
1606 1774 1821 1828 autem
1885 1782 2018 1827 mo·

473 1877 628 1942 dum
660 1875 968 1965 loquendi
999 1877 1379 1963 Scripturae,
1406 1898 1535 1964 quo
1574 1878 1670 1943 sic
1703 1877 2019 1964 baptizas-

474 2013 545 2059 se
581 1991 912 2060 dicuntur.

236 2120 357 2190 59.¹
560 2112 804 2176 Proeter
859 2109 1001 2176 haec
1055 2110 1420 2176 concedunt
1466 2110 1591 2195 ipsi
1631 2110 2013 2192 adversarii,

119 2183 440 2320 ffnffgci'a‘ffm‘
469 2219 915 2304 Ambrosium,
989 2226 1246 2306 Bedam,
1348 2226 1683 2293 Nicolaum
1750 2229 1798 2292 1.
1864 2231 2018 2293 Ber-

120 2307 438 2420 }sscr‘ssffssffiulg,
471 2342 775 2423 nardum,
849 2345 1218 2426 Hugonem,
1263 2342 1674 2428 Magistrum,
1748 2357 1812 2409 et
1870 2343 2018 2410 reli-

144 2433 411 2558 fflss{2}‚
470 2479 636 2545 quos
681 2458 987 2544 antiquos
1028 2457 1467 2524 Scholasticos
1501 2478 1649 2524 esse
1681 2458 1748 2524 in
1789 2459 2016 2528 eadem

120 2557 437 2685 ῗῖξξιέζζίξῑ·
469 2575 816 2652 sententia,
870 2572 1040 2659 quod
1098 2555 1710 2662 verissimumdesm
1778 2574 2017 2659 quibus

466 2689 738 2776 adjungi
772 2700 1015 2775 posset,
1053 2703 1118 2755 et
1145 2689 1671 2775 Theophylactus
1711 2689 1778 2756 in
1823 2703 2019 2777 caput

468 2807 769 2873 ultimum
809 2811 998 2873 Lucae
1030 2806 1219 2873 tertia
1250 2806 1701 2893 responsione,
1734 2807 1811 2873 ad
1837 2828 2016 2894 quae-

462 2922 739 2989 stionem
770 2923 1192 3010 propositam,
1238 2944 1388 3010 quae
1414 2922 1562 2988 talis
1627 2935 1724 2989 est
1775 2948 1790 2991 2
1844 2925 2015 3000 Quo-

465 3039 657 3105 modo
696 3050 915 3105 autem
971 3042 1320 3126 Baptisma
1383 3043 1456 3107 in
1488 3043 1753 3107 nomine
1807 3042 2015 3107 solius

468 3158 724 3225 Christi
752 3159 909 3241 sieri
937 3159 1403 3245 intelliqemzts,
1465 3162 1838 3244 praesertim
1866 3180 2013 3224 cam

465 3276 642 3342 alias
678 3275 1033 3341 doceamur
1062 3276 1408 3362 baptizare
1435 3277 1512 3341 in
1557 3278 1826 3342 nomine
1875 3278 2011 3342 Pa-

469 3394 594 3459 tris
632 3403 693 3457 et
725 3391 890 3458 Filii
917 3392 1008 3478 et}
1036 3393 1337 3477 Spiritus
1364 3394 1604 3458 sancti.
1642 3393 2012 3478 Respondet

470 3508 707 3593 prim0,
778 3507 929 3595 quia
999 3507 1363 3598 Baptisma,
1382 3507 1626 3575 Christi
1671 3509 2011 3595 spirituale

468 3633 590 3702 est,
637 3642 765 3687 non
803 3620 1166 3701 Iudaicum,
1202 3622 1289 3688 ita
1330 3622 1480 3703 dici,
1543 3642 1672 3689 non
1730 3623 1901 3710 quod
1942 3625 2008 3690 in

468 3757 540 3804 ea
589 3737 795 3805 forma
843 3739 987 3806 sine
1044 3738 1455 3805 invocatione
1494 3739 1831 3806 Trinitatis
1874 3738 2008 3807 sue-

465 3854 552 3921 rit
633 3875 1044 3922 concessum.
1140 3859 1292 3921 Haec
1382 3855 1639 3944 autem}
1668 3857 2007 3943 responsio

463 3971 858 4051 excluditur,
931 3973 1081 4057 quia
1163 3971 1488 4057 Baptisma
1564 3972 1801 4038 Christi
1863 3992 2009 4041 esse

463 4086 805 4174 spirituale
830 4085 991 4152 satis
1021 4085 1386 4153 declaratur
1415 4106 1497 4153 ex
1528 4086 1747 4153 verbis
1778 4088 2007 4154 subse·

463 4203 813 4292 quentibus
845 4203 1059 4269 Petri:
1125 4204 1196 4270 In
1252 4204 1728 4284 remissionem,
1768 4204 2003 4290 inquit,

462 4332 876 4407 peccatorum
895 4330 1282 4399 vestrorum,
1311 4330 1372 4384 et
1403 4321 1740 4405 recipietis
1760 4319 2010 4385 donum

463 4440 761 4523 Spiritus
787 4439 1044 4517 saneti,·
1084 4437 1298 4523 priora
1328 4457 1486 4523 ergo
1526 4437 1723 4504 verba
1758 4457 1888 4502 non
1927 4438 2004 4502 ad

465 4556 527 4621 id
568 4567 884 4641 spectant,
938 4553 1050 4619 sed
1106 4552 1185 4619 ad
1245 4553 1518 4618 formam
1584 4564 1648 4619 et
1687 4553 2005 4620 invocati-

463 4688 654 4735 onem
701 4670 987 4748 Christi3
1041 4667 1097 4736 si
1136 4680 1353 4735 autem
1395 4666 1760 4734 referantur
1809 4670 2007 4735 verba

463 4789 542 4855 ad
575 4790 1003 4878 Baptismum,
1041 4807 1170 4875 quo
1209 4786 1350 4874 ipse
1387 4785 1685 4854 Christus
1716 4788 2007 4875 baptiza-

463 4917 567 4972 tus
607 4918 728 4984 est,
766 4926 892 4970 non
919 4903 1070 4971 facit
1092 4903 1170 4969 ad
1203 4902 1829 4989 interpretationem,
1856 4904 2007 4991 quia

464 5023 531 5088 in
580 5024 756 5089 Actis
799 5022 1015 5108 agitur
1063 5020 1143 5086 de
1194 5019 1523 5104 Baptismo
1586 5018 1817 5086 collato
1864 5019 2009 5087 aliis

466 5140 1028 5205 inremissionem
1055 5148 1493 5223 peccatorum.
1825 5204 1830 5209 ,

555 5256 851 5322 Secundo
917 5254 1264 5339 respondet
1304 5257 1379 5319 in
1425 5258 1691 5323 *nomine
1752 5259 2009 5324 Christi

467 5372 959 5460 intelligendum
1011 5392 1157 5439 esse
1209 5393 1327 5459 pro
1384 5394 1483 5452 eo,
1555 5374 1726 5461 quod
1786 5388 1884 5443 est
1933 5378 2009 5444 in

468 5500 740 5555 mortem
773 5490 1052 5555 Christi.
1100 5488 1225 5554 Sed
1268 5509 1481 5576 neque
1538 5492 1681 5557 haec
1719 5491 2003 5557 declara-

468 5607 558 5674 tio
605 5619 779 5676 recte
834 5606 1131 5695 quadrat,
1185 5606 1337 5694 quia
1377 5608 1453 5672 in
1498 5609 1764 5675 nomine
1803 5609 2004 5675 deno-

193 3324 371 3375 Prima

111 3389 404 3453 responsio,

109 3765 412 3820 Refellitnr.

162 5265 400 5313 Secunda

114 5340 382 5387 responsio
393 5368 406 5380 .

113 5391 394 5441 Retellitur
405 5431 416 5442 .

3547 437 3698 507 311«

2138 613 2233 669 tat
2327 603 2805 670 invocationem
2895 623 3012 671 seu
3098 602 3545 673 auctoritatem
3625 619 3691 674 et

2136 710 2535 789 efficaciam;
2575 716 2647 779 in
2702 725 2978 780 mortem
3033 714 3247 780 autem
3289 713 3558 793 Christi,
3596 714 3689 780 si-

2146 827 2581 895 militudinem
2630 829 2973 917 quamdam
3016 830 3420 915 analogicam
3475 829 3685 897 imita-

2136 943 2356 1012 tionis.
2446 945 2662 1011 Tertio
2748 944 3094 1032 respondet
3170 945 3379 1026 aliter,
3451 958 3514 1013 et
3612 956 3682 1012 ut
3924 1025 3933 1033 ,

2134 1061 2375 1127 Christi
2422 1080 2657 1126 nomen
2689 1061 2754 1125 in
2802 1062 3021 1147 seipso
3060 1063 3370 1140 continet,
3428 1073 3489 1128 et
3545 1064 3682 1128 Pa-
3711 1025 3995 1153 ηεῖἒζὲῗ,

2137 1188 2305 1242 trem
2351 1189 2723 1264 unqentem,
2781 1189 2839 1244 et
2899 1181 3279 1244 unctionem
3320 1180 3674 1265 Spiritum,

2133 1308 2194 1361 et
2227 1294 2477 1360 Filiam
2516 1306 2805 1374 unctam,
2843 1309 2966 1361 etc.
3005 1296 3325 1382 Supponit
3355 1317 3513 1382 ergo
3533 1316 3681 1362 cum
3757 1314 3822 1364 Se
3859 1312 3995 1363 uitur

2130 1412 2478 1478 Ambrosio
2546 1413 2714 1479 hanc
2797 1412 3275 1479 invocationem
3347 1413 3685 1483 Trinitatis
3740 1376 3840 1425 Am
3878 1389 3988 1427 ros.

2132 1527 2555 1614 aequivalere,
2606 1528 2708 1594 vel
2750 1528 3159 1615 simpliciter,
3195 1530 3299 1595 vel
3339 1551 3453 1618 pro
3499 1542 3681 1614 tunc,

2133 1657 2195 1709 et
2229 1643 2631 1729 Baptismum
2702 1645 2781 1711 ab
2833 1646 3160 1731 Apostolis
3204 1646 3424 1713 datum
3457 1649 3533 1713 in
3572 1669 3685 1714 no·

2134 1759 2307 1824 mine
2344 1758 2495 1822 ,lesit
2553 1758 3127 1842 comprehendisse
3162 1758 3284 1826 hoc
3350 1759 3540 1826 modo
3592 1761 3689 1825 in-

2134 1873 2541 1940 vocationem
2628 1873 2965 1940 Trinitatis
3033 1875 3099 1939 in
3197 1875 3336 1960 ipso
3426 1877 3691 1942 nomine

2132 1993 2478 2072 inclusam,
2515 1993 2805 2079 alioquin
2867 1993 3011 2060 haec
3041 1995 3384 2080 responsio
3419 2015 3547 2061 non
3587 2016 3687 2062 es,

2134 2123 2233 2178 set
2316 2110 2394 2175 ad
2477 2110 2879 2197 propositum
2960 2104 3385 2197 quaestionis;
3448 2111 3689 2192 fminus

2130 2242 2347 2295 autem
2379 2228 2826 2315 interpretatio
2858 2227 3287 2315 quorumdam
3312 2228 3483 2294 circa
3510 2228 3685 2293 hunc

2131 2344 2370 2422 locum,
2416 2346 2601 2431 quasi
2645 2347 2706 2413 id
2767 2365 2896 2410 non
2941 2343 3295 2410 intenderit
3334 2344 3684 2431 Theophy-

2130 2458 2358 2535 lactuS,
2396 2460 2506 2546 qui
2540 2473 2670 2526 tres
2718 2461 3017 2527 diversas
3072 2461 3536 2545 responsiones
3571 2460 3674 2525 de·
3706 2505 3711 2509 -

2128 2581 2224 2647 dit
2261 2580 2338 2645 ad
2374 2578 2799 2664 propositum,
2836 2592 2900 2644 et
2933 2580 3075 2644 haec
3104 2589 3203 2645 est
3234 2580 3464 2657 tertia;
3501 2600 3679 2666 quae-

2132 2698 2286 2764 libet
2325 2718 2484 2784 ergo
2524 2696 2952 2763 satisfacitex
2995 2709 3211 2763 mente
3258 2697 3491 2783 ipsius.

2218 2815 2434 2880 Tertio
2493 2812 2776 2890 tandem,
2822 2813 3250 2898 congruentia
3309 2813 3504 2879 dandi
3554 2816 3676 2880 Ba-
3820 2808 3900 2858 ⁶⁰·

3749 2884 3777 2917 e
3807 2868 3844 2917 t·

2131 2932 2445 3017 ptismum
2480 2930 2545 2996 in
2595 2930 2860 2995 nomine
2916 2929 3155 2997 Christi
3199 2950 3314 3016 pro
3356 2929 3465 2996 illo
3506 2942 3672 2995 tem-
3704 2871 4024 3045 Ίὲέυοὲἒέὶξω

2129 3068 2308 3136 pore,
2346 3069 2541 3136 quam
2582 3048 2914 3115 adducunt
2955 3054 3285 3128 Doctores,
3324 3068 3453 3114 non
3495 3049 3672 3115 vide·
3704 3076 3763 3109 ex
3787 3073 4017 3172 :fflffru-

2125 3178 2232 3234 tur
2297 3168 2793 3247 contemnenda,
2876 3187 3025 3232 nam
3102 3178 3167 3232 et
3226 3186 3442 3234 sermo
3501 3168 3674 3235 Petri

2124 3287 2436 3352 Actorum
2472 3285 2539 3353 2.
2584 3284 2662 3350 ad
2713 3285 2835 3350 hoc
2872 3283 3204 3371 dirigitur,
3251 3298 3321 3350 ut
3358 3284 3676 3351 exaltaret

2129 3421 2363 3467 nomen
2421 3404 2608 3489 ejus;
2674 3410 2738 3464 et
2777 3403 2926 3467 Act.
2976 3404 3063 3486 53.
3109 3411 3172 3464 et
3228 3404 3299 3464 4.
3371 3400 3523 3465 Non
3579 3412 3672 3466 est

2122 3515 2315 3581 aliud
2358 3536 2595 3582 nomen
2647 3515 2763 3581 sub
2818 3516 2985 3580 coetov
3025 3512 3257 3579 datum
3294 3514 3673 3580 hominibus

2121 3633 2198 3698 in
2235 3653 2361 3718 qao
2399 3642 2652 3717 oportet
2720 3651 2841 3696 nos
2893 3630 3113 3697 salvos
3150 3631 3326 3713 sieri,
3373 3641 3497 3696 etc.
3545 3633 3671 3695 Ac-

2123 3761 2336 3814 torum
2369 3752 2432 3814 8.
2469 3749 2791 3833 Aperiens
2827 3747 3188 3833 Philippus
3234 3767 3306 3811 os
3341 3768 3555 3824 suam,
3610 3757 3670 3810 et

2120 3865 2452 3949 incipiens
2481 3885 2523 3928 a
2571 3864 2925 3949 Scriptura
2982 3864 3133 3941 ista,
3179 3864 3668 3948 evanyelizavit

2122 3981 2233 4046 itti
2278 3981 2517 4059 Iesum,
2557 3992 2686 4046 etc.
2745 3981 2906 4045 Eece
2953 4000 3148 4065 aqua,
3203 3980 3350 4065 quis
3390 4000 3491 4044 me
3516 4001 3666 4066 pro-

2120 4097 2295 4163 hibet
2344 4097 2689 4182 baptizari
2716 4096 2746 4162 ?
2804 4097 2985 4161 dixit
3024 4107 3245 4161 autem
3279 4094 3656 4181 Philippus,

2118 4216 2181 4279 si
2211 4214 2427 4279 credis
2456 4235 2539 4278 ea·
2582 4224 2713 4279 toto
2777 4214 2993 4305 corde,
3043 4215 3239 4294 licet,·
3287 4224 3352 4290 ⁴et
3392 4234 3666 4299 respon-

2119 4330 2283 4396 dens
2332 4334 2452 4410 ait,
2510 4332 2705 4397 credo
2763 4331 3015 4396 Filium
3059 4334 3183 4397 Dei
3247 4353 3381 4396 esse
3445 4332 3667 4396 ,lesum

2123 4447 2484 4526 Christum,
2531 4457 2654 4512 etc.
2700 4457 2759 4512 et
2799 4447 3164 4534 baptizavit
3194 4467 3363 4511 eum.
3404 4449 3481 4511 Et
3518 4457 3668 4511 ante

2121 4565 2358 4630 dicitur
2396 4561 2477 4629 de
2515 4562 2838 4649 Philippo,
2883 4563 3054 4652 quod
3114 4562 3507 4651 praedicabat
3547 4563 3664 4627 Sa-

2121 4679 2459 4744 maritanis
2518 4677 2878 4759 Christum,
2961 4692 3024 4744 et
3072 4679 3141 4742 in
3202 4678 3469 4743 nomine
3513 4677 3667 4742 ,lesa

2122 4795 2378 4860 Christi
2424 4794 2933 4880 baptizabantur
2964 4794 3098 4859 viri
3127 4814 3205 4857 ac
3236 4793 3569 4857 mulieres.
3736 4880 3741 4887 ι

2210 4913 2346 4977 Huc
2421 4911 2615 4977 etiam
2646 4922 2907 4997 ‘spectat
2946 4908 3290 4975 instructio
3322 4888 3412 4974 ¹et
3451 4927 3670 4974 sermo

2119 5028 2291 5096 Petri
2330 5028 2408 5096 ad
2459 5027 2829 5094 Cornelium
2869 5040 2933 5092 et
2961 5026 3226 5092 domum
3271 5028 3415 5114 ejus
3471 5027 3669 5091 Acto-

2116 5166 2269 5209 rum
2312 5148 2417 5211 10.
2480 5142 2592 5229 qui
2655 5143 2751 5209 sic
2807 5142 3171 5208 clauditur:
3248 5143 3411 5207 Huic
3449 5163 3672 5208 omnes

2118 5263 2468 5347 Prophetae
2501 5263 2947 5326 testimonium
2992 5259 3336 5345 perhibent
3378 5261 3672 5325 remissi·

2116 5399 2306 5443 onem
2331 5390 2753 5463 peccatorum
2780 5379 3082 5462 accipere
3111 5399 3230 5461 per
3262 5398 3499 5442 nomen
3528 5381 3672 5462 ejas

2116 5517 2340 5561 omnes
2380 5498 2495 5582 qui
2550 5495 2828 5559 credunt
2891 5497 2965 5559 in
3007 5517 3176 5573 eam,
3224 5512 3347 5560 etc.
3395 5499 3471 5561 Et
3517 5516 3664 5562 cuin
3764 5548 3769 5551 ,

2115 5618 2197 5683 ad
2232 5618 2374 5682 haec
2411 5615 2757 5682 cecidisset
2797 5615 3079 5701 Spiritus
3115 5631 3378 5681 sanctus
3419 5617 3483 5681 111
3526 5638 3662 5697 eos,
