4287 6313
556 358 629 436 ia
1669 365 1814 442 ΜΒ.
1863 379 1961 441 w.
2008 366 2608 443 SENTENTIARUM

520 536 978 633 Dupliciter
1091 538 1305 612 enim
1388 544 1658 632 potest
1752 535 2102 627 intelligi

549 672 797 724 causa
837 653 1412 737 universalior,
1470 656 1781 728 scilicet
1834 673 2105 726 secun-

548 766 732 839 dum
801 769 1193 842 virtutem
1275 791 1412 842 seu
1487 768 2100 861 perfectionem,

546 883 672 955 vel
736 887 1166 959 secundum
1232 887 1940 980 praedicationem3
2024 888 2104 958 et

548 998 935 1073 similiter
986 1000 1322 1075 effectus
1386 1007 1655 1094 potest
1722 1000 1874 1073 dici
1934 999 2105 1072 uni-

546 1117 954 1188 versalior
1013 1117 1468 1210 dupliciter,
1544 1118 1857 1190 scilicet
1910 1137 2104 1208 prae·

547 1232 972 1315 dicatione,
1027 1237 1103 1305 et
1167 1234 1472 1307 virtute
1537 1256 1671 1306 seu
1730 1233 2103 1327 perfecti-

203 1414 331 1475 ΟΜ
402 1414 521 1464 uui·
554 1369 725 1420 one.
770 1350 1336 1422 Universalius
1383 1350 1956 1442 praedicatione
1997 1349 2102 1421 di-

251 1477 495 1549 verspliuq
552 1465 770 1539 citur
812 1466 1029 1549 illud,
1085 1466 1314 1559 cujus
1374 1466 1586 1539 ratio
1648 1465 1947 1539 dicitur
2009 1464 2101 1536 de

219 1540 521 1674 prffissfffm'
555 1583 959 1674 pluribus;
1011 1582 1555 1655 universalius
1610 1585 1879 1654 autem
1926 1602 2100 1674 per-

227 1664 494 1799 ussiq‘ssssss-
552 1699 922 1781 fectione,
962 1699 1189 1791 cujus
1235 1699 1623 1791 perfectio
1667 1706 1791 1771 est
1835 1699 2100 1790 major

244 1790 475 1912 pessfflfgfi-
553 1816 626 1887 in
710 1837 818 1897 se,
909 1820 988 1888 et
1069 1814 1658 1907 perfectionum
1740 1814 2095 1907 plurium

290 1915 423 1963 ΟΜ*
548 1933 1131 2005 contentivum.
1223 1933 1303 2005 Si
1372 1952 1570 2023 ergo
1641 1931 1720 2003 in
1798 1929 2093 2021 majori

548 2052 923 2121 sumatur
968 2044 1491 2120 uniformiter
1550 2046 2093 2119 universalius

544 2185 642 2235 ex
682 2167 911 2255 parte
943 2182 1206 2235 causae
1239 2166 1317 2234 et
1350 2162 1709 2241 effectus,
1746 2163 2093 2234 concedo

544 2279 968 2371 majorem,
1052 2279 1238 2370 quia
1322 2278 1848 2367 communior
1914 2278 2092 2351 effe·

542 2399 721 2467 ctus
761 2396 1022 2486 potest
1066 2395 1337 2467 reduci
1392 2397 1468 2466 in
1513 2413 1844 2465 causam
1880 2413 2093 2466 com-

545 2512 1027 2593 muniorem,
1101 2515 1178 2582 et
1240 2510 1683 2603 perfectior
1758 2510 2089 2583 effectus

544 2627 889 2720 requirit
948 2646 1281 2699 causam
1342 2625 1939 2719 perfectiorem,
1992 2627 2088 2713 (si

543 2750 811 2837 potest
851 2767 1030 2818 esse
1083 2766 1330 2819 causa
1390 2744 1890 2837 perfectior.)
1946 2745 2088 2816 Sed

220 2884 481 2956 Peqhanc
544 2859 612 2932 si
662 2860 1116 2952 accipiatur
1175 2861 1255 2933 in
1316 2860 1612 2953 major-i
1663 2859 2089 2950 utrobique

191 2948 510 3071 pssfugfflssff‘
545 2980 991 3045 universalius
1052 2974 1572 3068 perfectione,
1644 2975 2087 3067 aequivoca-

192 3076 503 3184 ⁰ssglii1nfssss'
543 3089 661 3163 tio
696 3096 842 3170 est,
874 3092 995 3163 vel
1045 3091 1313 3164 minor
1342 3094 1464 3163 est
1514 3090 1765 3170 falsa.;
1822 3091 2090 3162 minor

193 3203 508 3321 gggssomgfflg
541 3209 752 3281 enim
805 3230 964 3281 non
1016 3215 1141 3283 est
1182 3230 1377 3282 vera
1432 3209 1585 3280 nisi
1635 3211 1724 3281 de
1765 3210 2087 3281 univer-

191 3319 510 3433 ‘lffigguffi
542 3326 1161 3397 salisecundum
1220 3324 1897 3417 praedicationem,
1954 3345 2087 3415 pa-

192 3443 505 3568 gffeffgghg}
536 3445 678 3514 tet.
725 3443 906 3512 Non
956 3440 1170 3513 enim
1217 3465 1352 3508 esse
1401 3444 1520 3512 est
1597 3440 2086 3531 perfectissi-

214 3581 305 3630 ,ευρ
342 3571 472 3619 omo
538 3578 713 3628 mus
747 3556 1105 3638 effectus,
1155 3556 1343 3648 quia
1387 3557 1591 3647 quod
1641 3556 2086 3629 includitur

188 3633 610 3748 qcurfflat.⁰‘1³1¹ss⁸in
675 3672 978 3752 multis,
1052 3691 1214 3744 non
1259 3676 1526 3763 potest
1585 3693 1762 3744 esse
1834 3671 2087 3763 perfe-

188 3759 492 3870 1532t.”ffi¹}2⁵,
531 3786 742 3861 otius
796 3809 1301 3880 quocumque
1346 3787 1702 3869 illorum,
1776 3788 1851 3860 in
1926 3809 2083 3879 quo

306 3881 379 3930 ¹8·
530 3905 1023 3985 includitur;
1071 3905 1440 3997 sequitur
1498 3925 1697 3996 ergo
1760 3906 2084 3977 conclu-

529 4021 677 4101 sio,
716 4023 922 4112 quod
957 4021 1370 4093 reducitur
1422 4021 1498 4092 in
1542 4041 1872 4093 causam
1917 4022 2085 4092 uni-

528 4133 1175 4205 versalissimam
1259 4134 1860 4225 praedicatione.
1938 4138 2083 4209 Sed

527 4255 715 4323 tunc
788 4250 1009 4322 ultra
1072 4275 1085 4317 t
1152 4251 1365 4322 Deus
1425 4255 1549 4323 est
1591 4249 2075 4343 hujusmodi,

524 4366 735 4438 falsa
767 4370 915 4446 est,
966 4366 1128 4438 imo
1186 4371 1311 4440 est
1361 4388 1607 4440 causa
1668 4368 2077 4440 universa-

526 4482 842 4554 lissima
892 4480 1428 4574 perfectione;
1468 4503 1607 4554 ens
1650 4486 1922 4553 autem
1954 4486 2079 4555 est

523 4617 772 4670 causa
844 4597 1548 4669 universalissima
1631 4597 2079 4689 praedicati-

524 4734 695 4792 one,
760 4718 840 4785 et
892 4717 1082 4786 tunc
1134 4734 1292 4784 non
1355 4718 1623 4806 potest
1681 4713 2071 4796 concludi,

526 4828 685 4900 nisi
763 4829 965 4921 quod
1051 4850 1228 4900 esse
1300 4849 1457 4900 non
1543 4833 1810 4921 potest
1896 4849 2074 4900 esse

517 4943 883 5026 effectus,
924 4944 1082 5016 nisi
1116 4947 1352 5026 entis,
1390 4951 1468 5018 et
1502 4946 1651 5018 hoc
1695 4945 2069 5019 concedo.

522 5061 601 5134 Si
642 5079 844 5151 ergo
902 5067 1277 5134 sumatur
1320 5062 1750 5154 utrobique
1800 5065 2073 5130 univer-

520 5181 731 5247 salius
788 5177 865 5249 in
928 5177 1224 5269 majori
1279 5197 1425 5269 pro
1489 5175 2073 5249 universaliori

523 5294 955 5366 secundum
998 5291 1607 5386 perfectionem,
1648 5293 1914 5384 major
1946 5297 2072 5365 est

528 5431 742 5490 vera,
803 5415 883 5484 et
942 5409 1210 5481 minor
1279 5410 1513 5490 falsa,
1565 5414 1651 5482 ut
1710 5414 1929 5501 patet
1972 5429 2070 5481 ex

516 5526 776 5608 dictis,
823 5526 984 5599 imo
1026 5524 1360 5598 effectus
1395 5524 1510 5598 sic
1549 5523 2071 5596 universalis-

2231 539 2490 610 simus
2550 539 2675 611 est
2733 537 3331 611 nobilissimum
3398 541 3773 614 creabile.

2224 655 2304 726 Si
2347 674 2544 726 vero
2580 654 2658 725 in
2693 654 2992 746 majori
3027 656 3482 748 accipiatur
3519 657 3777 730 diffor-

2224 768 2469 843 miter
2522 770 2736 842 ratio
2808 770 3299 843 universalis
3368 794 3468 845 ex
3539 778 3772 866 parte

2221 905 2486 957 causae
2554 890 2635 959 et
2693 884 3055 967 effectus,
3120 890 3315 979 puta
3373 909 3472 959 ex
3542 892 3777 980 parte

2220 1000 2559 1073 effectus
2624 1021 2768 1093 pro
2843 1003 3421 1076 universaliori
3490 1006 3778 1096 praedi-

2220 1116 2563 1199 catione,
2617 1120 2696 1190 et
2736 1137 2835 1191 ex
2887 1122 3126 1210 parte
3179 1139 3444 1191 causae
3494 1125 3776 1189 «univer-

2216 1236 2429 1300 salius
2471 1235 2902 1306 secundum
2951 1233 3556 1325 perfectionem,
3606 1256 3771 1308 ma-

2210 1348 2348 1440 j0r
2380 1355 2504 1423 est
2537 1350 2766 1433 falsa,
2816 1371 3001 1423 nam
3066 1350 3406 1425 effectus
3458 1353 3774 1425 univer·

2219 1463 2678 1536 salissimus
2811 1468 3383 1558 praedicatione
3501 1471 3767 1560 potest

2213 1602 2392 1652 esse
2434 1601 2480 1652 a
2522 1601 2769 1653 causa
2823 1583 3327 1675 imperfecta,
3380 1584 3568 1676 quia
3623 1585 3772 1657 sal-

2213 1702 2461 1769 vatur
2546 1698 2626 1769 in
2697 1699 3066 1791 pluribus
3136 1699 3559 1773 effectibus
3630 1703 3770 1774 im·

2217 1812 2624 1902 perfectis

2300 1928 2483 2000 Alia
2539 1930 2912 2021 probatio
2957 1932 3077 2020 (d),
3139 1952 3312 2023 quae
3346 1931 3770 2006 adducitur
3926 1968 3979 2019 g,

2215 2064 2357 2134 per
2408 2053 2826 2119 auctorem
2888 2051 2970 2116 de
3029 2052 3287 2128 Causis,
3360 2050 3767 2123 concludit

2215 2164 2703 2253 oppositum,
2774 2184 2961 2236 nam
3023 2145 3182 2236 non
3239 2172 3484 2256 negat
3542 2167 3766 2237 abso-

2212 2274 2374 2347 lute
2417 2278 2513 2367 ab
2568 2279 3116 2370 intelligentia
3164 2281 3340 2353 dari
3389 2301 3567 2353 esse
3629 2281 3767 2352 ali-

2208 2390 2363 2473 cui,
2430 2392 2592 2465 imo
2657 2395 2915 2486 magis
2970 2394 3355 2476 affirmat,
3421 2396 3607 2487 quia
3659 2396 3761 2468 di·

2208 2508 2343 2589 cit,
2414 2510 2616 2600 quod
2667 2530 2825 2581 non
2885 2510 3277 2607 competit
3338 2511 3489 2583 sibi
3563 2512 3757 2583 dare

2206 2646 2360 2705 esse,
2406 2624 2562 2696 nisi
2612 2625 3086 2716 inquantum
3142 2633 3537 2719 operatur
3583 2648 3760 2720 ope-

2208 2736 2427 2808 tione
2475 2739 2765 2810 divina.
2816 2740 2895 2812 Si
2937 2739 3182 2812 etiam
3226 2742 3762 2816 adduceretur

2206 2852 2299 2924 ad
2346 2855 2856 2944 propositum
2908 2855 3100 2929 illud
3160 2861 3243 2925 cle
3287 2862 3522 2926 δαμείς
3577 2879 3757 2952 pro-

2209 2968 2610 3058 positione
2647 2976 2963 3061 qual‘ta,
2994 2976 3287 3060 primum
3322 2998 3546 3042 rerum
3580 3001 3759 3045 crea·
3869 3002 4046 3036 rerum

2205 3099 2426 3153 tarum
2478 3101 2570 3153 est
2624 3111 2782 3168 esse,
2847 3108 3005 3160 non
3065 3090 3494 3172 concludit,
3551 3093 3754 3185 quod
3809 3055 4082 3184 giessssssz,

2204 3223 2380 3274 esse
2441 3205 2546 3277 sit
2613 3205 2949 3296 praecise
3006 3208 3405 3280 terminus
3462 3210 3760 3284 creati·
3787 3174 4106 3240 ⁹¹p¹¹⁰⁸²¹³⁶

2207 3319 2408 3399 onia
2494 3320 2680 3412 quia
2760 3324 3191 3394 secundum
3265 3324 3580 3414 aliquos
3654 3324 3757 3396 ibi

2204 3437 2557 3509 sumitur
2597 3459 2773 3510 esse
2810 3458 2957 3530 pro
2998 3440 3259 3530 prima
3297 3440 3756 3530 Intelligen-

2201 3552 2319 3624 tia
2364 3553 2741 3644 proxima
2772 3557 2982 3634 Deo;
3021 3555 3143 3625 vel
3197 3554 3300 3627 ibi
3346 3557 3756 3647 accipitur

2200 3669 2512 3740 creatio
2611 3671 3102 3742 extendendo
3211 3672 3305 3742 ad
3405 3671 3757 3763 primam

2204 3785 2815 3875 productionem
2965 3787 3397 3858 secundum
3551 3793 3751 3864 rati-

2202 3920 2459 3980 onem,
2525 3904 2604 3973 et
2668 3900 3043 3992 primitas
3108 3901 3324 3976 entis
3399 3905 3754 3980 sumitur

2201 4017 2633 4087 secundum
2676 4014 3282 4089 distinctionem
3339 4018 3750 4092 rationum

2197 4127 2669 4201 formalium
2715 4131 2791 4202 in
2835 4130 3156 4213 effectu,
3192 4138 3271 4206 et
3315 4135 3750 4206 secundum

2199 4245 2625 4335 originem,
2673 4267 2832 4318 non
2891 4248 3321 4320 secundum
3381 4250 3748 4342 perfecti·

2200 4380 2457 4438 onem,
2506 4366 2591 4434 ut
2629 4362 2733 4435 sit
2769 4383 3079 4445 sensus,
3117 4366 3320 4455 quod
3375 4387 3467 4437 eo
3518 4367 3751 4439 modo

2197 4497 2352 4568 quo
2405 4499 2583 4549 esse
2642 4478 2717 4547 in
2770 4478 3064 4552 effectu
3118 4481 3657 4574 distinguitur
3706 4503 3753 4555 a

2199 4593 2826 4685 perfectionibus
2851 4597 3445 4680 essentialibuS,
3486 4598 3748 4691 ipsum

2192 4714 2316 4782 est
2378 4710 2777 4782 terminus
2841 4710 3126 4803 primae
3191 4714 3747 4805 productionis

2194 4829 2625 4900 secundum
2693 4828 3123 4900 rationem.

2285 4942 2436 5016 Hic
2520 4943 2822 5016 dicitur
2887 4944 3437 5016 confirmando
3516 4946 3740 5017 illam
3769 4981 3836 5030 ι),
3894 4980 4108 5034 Thom.

2194 5059 2596 5131 rationem
2660 5059 2752 5131 de
2812 5079 3058 5131 causa
3109 5065 3189 5132 et
3231 5058 3522 5132 effectu
3581 5042 4103 5156 uni-ufflsutffuqff·

2185 5175 2653 5257 versaliori,
2721 5175 2923 5268 quod
2971 5174 3199 5247 debet
3256 5173 3602 5264 intelligi
3654 5177 3744 5247 de
3797 5173 4052 5295 50⁸3&ssss

2187 5291 2482 5365 effectu
2536 5290 3115 5364 universaliori
3171 5311 3315 5382 per
3369 5291 3745 5383 praedica-
3813 5269 4075 5404 3233·

2186 5407 2518 5490 tionem,
2576 5410 2653 5480 et
2701 5407 2875 5487 hoc,
2935 5406 3415 5497 inquantum
3472 5406 3746 5500 hujus-
4038 5393 4055 5406 ⁶

2189 5525 2442 5606 modi;
2489 5541 2898 5613 nunquam
2932 5521 3143 5593 enim
3189 5520 3531 5595 effectus
3570 5524 3742 5596 uni-

3847 2923 4082 2975 Primum
