4287 6313
571 376 690 442 314

503 564 530 610 z
570 537 980 620 limitatione,
1045 540 1410 628 intelligere
1450 543 1750 620 formam,
1818 542 1923 608 vel
1962 562 2112 630 quae

568 654 956 743 regulariter
1003 658 1237 726 tradita
1305 671 1426 737 est,
1489 670 1555 725 et
1606 659 1965 726 secundum
2015 658 2113 724 le-

568 793 717 858 gem
776 774 1195 856 ordinariam,
1250 795 1379 842 non
1441 789 1658 843 autem
1700 796 1925 844 casum
1976 776 2107 843 dis·

568 890 991 973 pausationis,
1040 890 1140 957 vel
1172 890 1347 978 loqui
1396 892 1592 959 etiam
1637 904 1945 960 evacuata
1971 893 2108 980 jam

567 1004 1078 1091 dispensatione,
1114 1028 1264 1094 quae
1297 1029 1424 1075 non
1455 1008 1647 1076 debet
1664 1021 1847 1076 extra
1870 1020 2111 1075 statum

570 1131 633 1187 et
674 1135 931 1209 tempus
980 1125 1306 1191 currentis
1351 1126 1757 1192 necessitatis
1790 1126 2107 1212 protrahi,

574 1249 878 1303 manente
929 1239 993 1304 in
1053 1239 1322 1327 reliquis
1374 1241 1518 1327 lege
1588 1254 1651 1307 et
1699 1241 2112 1308 institutione

572 1352 922 1419 ordinaria.

333 1487 443 1561 67„
659 1471 899 1534 Verum
929 1481 1029 1536 est
1057 1469 1309 1558 aliquos
1351 1490 1478 1537 non
1514 1493 1704 1559 posse
1734 1472 1856 1538 hac
1911 1493 2109 1558 gene-

250 1551 489 1679 οὴῖἒᾷιῑῗ,
572 1584 688 1650 rali
750 1584 1292 1673 interpretatione
1345 1587 1840 1674 comprehendi,
1896 1599 1964 1653 ut
2011 1600 2112 1654 est

573 1701 958 1788 Fulgentius
991 1703 1103 1768 lib.
1141 1703 1222 1770 de
1258 1703 1729 1770 [maritatione
1757 1718 1819 1770 et
1855 1706 2101 1792 qratia,

570 1828 636 1882 et
664 1819 1130 1899 DamascenuS,
1167 1819 1277 1905 qui
1327 1819 1655 1906 explicant
1700 1820 2010 1907 baptizari
2043 1821 2108 1885 in

570 1933 835 1998 nomine
882 1934 1124 2000 Christi
1184 1955 1311 2000 non
1360 1935 1598 2002 debere
1654 1935 1748 2003 sic
1802 1935 2106 2022 intelligi,

570 2061 641 2115 ut
678 2049 920 2116 omissa
974 2050 1170 2117 fuerit
1220 2071 1503 2139 unquam
1536 2051 1861 2118 invocatio
1900 2051 2109 2117 Trini-

570 2165 740 2231 tatis,
787 2167 910 2232 Sed
955 2166 1058 2233 his
1099 2167 1704 2254 opponimuS‚·quae
1753 2167 1921 2234 dicta
1956 2178 2107 2233 sunt

571 2302 688 2367 pro
726 2281 1050 2348 sententia
1093 2282 1445 2364 Ambrosii,
1497 2282 1747 2362 Hilarii,
1800 2281 2110 2371 Stephani

574 2402 790 2486 Papa-2,
843 2409 1037 2486 atque
1078 2397 1411 2485 Cypriani,
1479 2398 1725 2465 Nicolai
1774 2401 1823 2466 Ι.
1891 2397 2104 2477 Bedae,

573 2514 880 2581 Bernardi
905 2526 976 2582 >et
1017 2514 1594 2595 scholasticorum,
1630 2515 1741 2602 qui
1784 2515 1970 2582 aliter
2002 2515 2109 2582 illa

569 2630 707 2698 loca
746 2631 1168 2718 intelligenda
1215 2632 1598 2699 docuerunt.

658 2747 942 2835 Objicies
1017 2748 1228 2815 tertio*
1292 2747 1691 2818 contrarium
1768 2747 2108 2813 definitum

568 2882 716 2951 esse
752 2883 789 2928 a
827 2862 1089 2950 Pelagio
1139 2868 1329 2952 Papa,
1385 2866 1451 2930 in
1500 2864 1772 2951 epistola
1810 2864 1888 2930 ad
1946 2865 2108 2928 Gau-

567 2977 860 3046 dentium
891 2980 1312 3067 Episcopum,
1348 2980 1619 3049 docente
1658 3001 1794 3058 e08,
1858 2980 1969 3068 qui
2015 2980 2110 3045 di-

565 3106 720 3163 cunt
761 3095 826 3161 in
862 3095 1125 3163 nomine
1164 3096 1371 3164 solius
1419 3097 1686 3177 Christi,
1731 3108 1796 3164 et
1826 3117 1953 3164 una
1985 3097 2111 3163 im-

568 3215 896 3280 mersione
926 3235 999 3280 se
1037 3213 1239 3280 fuisse
1278 3214 1659 3300 baptizatos,
1694 3215 1908 3281 denuo
1965 3235 2110 3281 esse

569 3328 988 3416 baptizandos
1033 3330 1099 3395 in
1133 3330 1400 3396 nomine
1444 3330 1821 3408 Trinitatis;
1875 3341 1939 3396 et
1994 3334 2108 3395 Za-

567 3445 825 3512 charias
855 3444 1127 3531 epistola
1160 3448 1183 3511 1
1215 3448 1263 3511 1.
1314 3445 1391 3512 ad
1423 3446 1832 3513 Theodorum
1884 3446 2110 3512 Archi·

570 3561 973 3649 episcopum,
1035 3561 1433 3628 confirmans
1474 3584 1622 3649 quae
1662 3562 1928 3628 definita
1959 3573 2114 3627 sunt

570 3678 636 3742 in
686 3677 950 3765 Synodo
997 3678 1378 3765 Anglicana‚
1418 3677 1528 3744 ubi
1575 3689 1676 3744 est
1717 3677 2112 3743 determina-

570 3805 709 3860 tum
762 3794 1193 3881 Baptismum.
1256 3795 1401 3860 sine
1455 3793 1866 3860 invocatione
1913 3794 2109 3858 trium

572 3929 993 3996 personarum
1030 3930 1178 3977 esse
1216 3910 1493 3988 nullum,
1548 3920 1612 3975 et
1648 3909 1702 3975 si
1752 3907 1900 3995 quis
1944 3908 2115 3974 dicat

572 4026 907 4094 Nicolaum
938 4030 987 4094 l.
1043 4027 1231 4093 aliter
1276 4025 1646 4093 decrevisse
1690 4026 1756 4090 in
1801 4023 2011 4110 capite
2058 4025 2112 4087 A

575 4143 862 4230 quodam
885 4142 1115 4209 Judoeo
1154 4162 1375 4229 supra,
1413 4141 1584 4208 sicut
1612 4153 1677 4206 et
1707 4140 2111 4226 Stephanum

571 4260 743 4346 apud
775 4259 1198 4346 cyprianum.

659 4374 1076 4461 Respondent
1113 4374 1268 4439 hinc
1316 4372 1466 4439 inde
1505 4373 1769 4460 quidam
1820 4383 2115 4438 auctores

570 4512 743 4558 nunc
763 4490 1097 4558 Nicolaum
1123 4510 1402 4568 errasse,
1443 4510 1616 4557 nunc
1670 4488 1832 4557 alios
1870 4488 2116 4557 anteri-

565 4627 737 4686 ores,
766 4606 1099 4693 Pelagium
1131 4617 1196 4673 et
1225 4606 1626 4685 Zachariam,
1663 4619 1727 4671 et
1749 4609 2116 4692 respondis-

562 4744 634 4789 se
668 4734 737 4788 ut
777 4726 1083 4789 Doctores
1121 4724 1440 4809 privatos,
1497 4723 1597 4788 vel
1638 4735 1814 4789 certe
1860 4726 1958 4809 (ut
1991 4727 2112 4790 mi·

565 4839 699 4905 tius
722 4839 1451 4930 quidamgrespondent)
1489 4838 1652 4905 nihil
1702 4837 2111 4928 definivisse,

564 4954 678 5024 sed
731 4955 1148 5040 respondisse
1171 4957 1364 5043 juxta
1404 4954 1700 5022 diversas
1738 4956 2109 5040 opiniones

239 5107 529 5171 nospomm-
569 5071 951 5158 Respondeo
996 5071 1059 5137 in
1101 5073 1331 5157 primis
1372 5071 1670 5138 diversos
1710 5092 1858 5138 esse
1895 5094 2111 5139 casuS.

299 5174 466 5281 affin
569 5188 871 5276 Pelagius
913 5188 979 5253 in
1018 5186 1126 5254 illa
1167 5187 1442 5278 epistola
1492 5188 1715 5276 (quam
1765 5188 1922 5254 citat
1968 5189 2119 5254 Gra·

234 5291 531 5406 (infatuus.
567 5306 786 5373 tianus
844 5324 987 5371 can.
1037 5304 1251 5384 Multi,
1313 5317 1377 5371 et
1427 5308 1688 5371 Canone
1747 5306 1826 5370 Si
1853 5326 2111 5387 revera,

569 5424 649 5490 de
687 5436 1048 5499 consecrat,
1103 5421 1260 5487 dise.
1305 5426 1377 5486 4.
1440 5433 1504 5486 et
1551 5423 1663 5486 lvo
1703 5420 1768 5488 in
1829 5443 1950 5488 suo
2001 5427 2118 5489 De-

569 5554 747 5611 creto
822 5560 969 5627 cap.
1039 5541 1194 5607 261.
1265 5536 1439 5624 apud
1506 5537 1668 5604 alios
1723 5550 1940 5605 autem
1990 5559 2118 5605 non

239 4405 522 4472 Responsio

251 4469 468 4518 aliorum
481 4508 493 4522 .

1756 382 1899 446 Lm.
1937 380 2033 442 lv.
2071 380 2663 446 SENTENTIARUM

2227 540 2528 630 habetur)
2572 545 2921 633 respondet
2957 546 3038 613 de
3095 547 3447 625 haereticiS,
3502 547 3623 635 qui·
3656 545 3767 614 ba·
3879 598 3884 603 .
3956 571 3963 579 ·

2228 661 2635 746 ptizabantur
2712 663 2775 729 in
2870 665 3137 731 nomine
3220 665 3433 733 solum
3494 665 3764 744 Christi,

2228 789 2291 842 et
2386 778 2796 864 baptizabant
2880 801 3007 847 una
3093 782 3306 848 solum
3413 781 3763 847 mersione.

2227 895 2414 959 Forte
2453 904 2670 960 autem
2712 894 2958 982 aliquid
3000 897 3392 984 adjiciebant
3432 897 3662 963 formae
3702 896 3768 962 in

2224 1010 2696 1096 professionem
2745 1012 3012 1092 erroris,
3078 1034 3272 1100 quem
3336 1034 3448 1099 per
3508 1012 3766 1080 unicam

2227 1125 2619 1192 mersionem
2678 1127 3128 1215 designabant,
3184 1149 3334 1194 nam
3384 1140 3448 1194 et
3496 1128 3621 1195 hoc
3675 1127 3767 1195 fa-

2228 1241 2480 1307 miliare
2519 1253 2618 1308 est
2675 1243 3024 1323 haereticiS,
3090 1244 3350 1329 quando
3406 1243 3767 1310 deveniunt
3827 1255 4070 1307 Haeretici

2227 1355 2293 1421 in
2354 1356 2773 1442 profundum,
2834 1371 2905 1425 ut
2970 1370 3145 1444 patet
3200 1358 3280 1425 de
3349 1359 3608 1426 Arianis
3684 1380 3766 1426 ex
3822 1319 4080 1432 {3333ss

2226 1471 2511 1538 Concilio
2571 1473 2931 1540 Arelatensi
2990 1475 3225 1560 primo,
3282 1475 3397 1563 qui
3456 1475 3766 1563 jubentur
3788 1444 4090 1570 ζξῗξζῗῐζω

2224 1588 2497 1673 proinde
2546 1589 2879 1674 baptizari,
2936 1590 3089 1678 quia
3128 1590 3446 1658 vitiabant
3486 1592 3760 1659 formam
3831 1568 4071 1681 ssfflffl

2224 1703 2289 1769 in
2330 1704 2428 1770 sui
2464 1705 2703 1772 erroris
2735 1706 3045 1792 majorem
3084 1706 3601 1793 expressionem.
3637 1706 3762 1772 Sed

2224 1818 2423 1898 dices,
2496 1821 2670 1887 unde
2729 1819 2787 1886 id
2847 1820 3153 1907 colligis?
3213 1820 3619 1907 Respondeo,
3682 1842 3763 1887 ex

2221 1935 2443 2002 verbis
2498 1935 2712 2002 citatis
2769 1935 2945 2003 illius
2983 1937 3275 2023 epistolae
3326 1956 3455 2002 non
3514 1936 3759 2024 colligi,

2222 2064 2533 2118 caeterum
2603 2052 2811 2139 magis
2882 2052 2945 2118 id
3023 2053 3555 2139 praesumendum
3638 2066 3761 2131 est,

2223 2188 2416 2255 quam
2486 2167 2883 2234 admittenda
2949 2169 3267 2234 correctio
3320 2171 3761 2246 Decretoru'm,

2225 2296 2289 2350 et
2327 2283 2752 2350 contrarietas
2793 2283 2858 2349 in
2901 2283 3171 2349 materia
3222 2281 3398 2362 fidei,
3448 2293 3514 2349 et
3546 2302 3767 2348 essen·

2221 2399 2485 2465 tialibus
2564 2397 3024 2466 sacramentis,
3096 2401 3176 2464 Et
3238 2397 3410 2464 sicut
3464 2396 3768 2464 Nicolaus

2223 2537 2351 2582 non
2421 2528 2595 2582 recte
2662 2513 2901 2581 dicitur
2958 2525 3185 2581 contra
3261 2513 3595 2602 Pelagium
3657 2513 3769 2580 do-

2221 2633 2634 2718 gmatizasse,
2660 2633 2756 2699 sic
2774 2633 2969 2699 etiam
2994 2651 3203 2719 neque
3225 2630 3528 2717 Pelagius
3550 2629 3768 2696 dicen-

2221 2746 2344 2815 dus
2383 2760 2484 2815 est
2530 2759 2754 2815 contra
2810 2749 3211 2834 Stephanum
3253 2744 3499 2832 aliquid
3558 2745 3767 2812 deter-

2224 2865 2535 2946 minasse,
2599 2866 2735 2953 qui,
2794 2878 2864 2932 ut
2901 2865 3088 2932 docet
3145 2863 3539 2953 Cyprianus,
3593 2883 3767 2929 asse-

2223 2981 2354 3048 ruit
2403 2981 2802 3066 Baptismum
2852 2979 3156 3047 collatum
3200 2982 3273 3047 in
3311 2981 3580 3045 nomine
3617 2980 3770 3044 Iesu

2225 3115 2352 3163 non
2398 3118 2543 3164 esse
2593 3097 2985 3179 iterandum,
3028 3097 3180 3185 quia
3232 3117 3444 3185 neque
3493 3096 3771 3184 Cypria-

2224 3232 2346 3278 nus
2392 3212 2679 3300 maligne
2710 3213 3174 3299 interpretatus
3206 3223 3306 3278 est
3338 3212 3768 3297 Stephanum,

2224 3331 2409 3415 quasi
2487 3331 2851 3417 imponeret
2925 3329 3098 3416 quod
3165 3328 3324 3394 alias
3400 3329 3775 3414 Stephanus

2226 3466 2354 3511 non
2402 3446 2689 3532 scripsit,
2754 3467 2967 3533 neque
3015 3445 3209 3512 etiam
3269 3443 3616 3511 dicendum
3674 3456 3777 3510 est

2224 3584 2373 3630 eum
2417 3583 2544 3629 non
2593 3563 2993 3631 intellexisse
3029 3563 3363 3630 decretum
3424 3563 3765 3648 Stephani,

2225 3677 2398 3764 quod
2450 3677 2515 3743 in
2558 3679 2682 3746 hoc
2719 3700 2803 3745 ex
2860 3691 3040 3768 parte
3080 3680 3448 3767 impugnat.
3503 3678 3772 3765 Stepha-

2228 3813 2352 3860 nus
2383 3805 2599 3860 autem
2655 3794 3018 3861 inhaerebat
3057 3792 3515 3862 consuetudini
3547 3804 3612 3860 et
3643 3805 3772 3860 tra·

2225 3910 2480 3987 ditioni,
2516 3910 2875 3977 decernens
2916 3912 3093 3976 nihil
3130 3910 3591 3977 innovandum
3639 3929 3775 3974 esse

2223 4039 2470 4113 proeter
2534 4027 2630 4106 id,
2710 4027 2883 4113 quod
2945 4026 3271 4092 traditum
3327 4039 3444 4093 est.
3508 4030 3769 4105 Contra,

2225 4144 2594 4231 Cyprianus
2643 4163 2771 4208 non
2804 4142 3289 4221 consuetudini,
3324 4143 3439 4210 sed
3485 4143 3775 4229 Scriptu-

2230 4262 2344 4339 ris,
2383 4280 2545 4348 quas
2633 4280 2715 4345 pr
2755 4279 2828 4325 se
2875 4258 3053 4346 loqui
3096 4259 3389 4347 putabat,
3442 4258 3774 4325 inhaeren·

2225 4378 2380 4445 dum
2454 4376 2711 4454 docuit;
2779 4396 2939 4461 ergo
3011 4376 3382 4461 Stephanus
3426 4375 3778 4463 supposuit

2229 4514 2306 4559 ex
2373 4492 2719 4558 traditione
2781 4490 3197 4556 retinendum
3248 4508 3393 4555 esse
3453 4491 3777 4576 Bap'tisma

2226 4609 2448 4676 datum
2488 4611 2563 4674 in
2591 4610 2859 4675 nomine
2891 4607 3168 4673 Christi.

2315 4742 2644 4828 Stephano
2676 4743 2951 4809 accessit
3003 4740 3361 4808 Concilium
3428 4742 3769 4820 Nicenum,

2228 4858 2399 4945 quod
2475 4857 2768 4926 decrevit
2835 4880 2963 4925 non
3063 4879 3211 4927 esse
3278 4858 3772 4949 rebaptizandos
3850 4888 3859 4893 ·

2229 4974 2594 5051 hoereticoS,
2632 4987 2869 5062 praeter
2916 4975 3364 5063 cataphryges
3413 4987 3478 5043 et
3516 4975 3772 5042 Paulia-

2229 5090 2459 5171 nistaS,
2550 5101 2615 5157 et
2706 5104 2773 5159 ut
2847 5094 3154 5160 Doctores
3232 5093 3765 5180 interpretantur,

2228 5207 2379 5295 quia
2421 5206 2512 5273 illi
2558 5228 2686 5273 non
2756 5209 3104 5275 utebantur
3148 5209 3364 5296 aliqua
3407 5209 3638 5291 forma,
3705 5208 3771 5274 hi

2231 5344 2386 5389 vero
2436 5324 2709 5390 formam
2746 5324 3100 5404 falsabant3
3154 5324 3328 5413 quod
3377 5326 3647 5412 perinde
3694 5327 3775 5393 de

2232 5441 2397 5520 istis,
2443 5439 2524 5507 de
2570 5442 2811 5529 quibus
2871 5442 3168 5529 Pelagius
3214 5442 3278 5508 in
3330 5463 3449 5510 suo
3507 5446 3774 5511 Decreto

2229 5557 2388 5644 agit,
2427 5557 2957 5643 praesumendum
2999 5559 3210 5647 magis
3240 5560 3520 5642 videtur,
3577 5581 3771 5649 quam
