4287 6313
4 4902 432 4958 Md*

537 375 620 439 40
1712 394 1856 457 LIB.
1905 396 2002 457 IV.
2049 394 2645 488 SENTENTIARUM

546 545 768 607 turalis
823 564 943 625 per
983 553 1290 617 virtutem
1341 561 1652 633 creatam,
1717 576 1901 639 erge,
1968 563 2095 619 etc.

196 671 514 742 Quisqeneus
546 660 685 721 Haec
744 664 1006 736 Doctor,
1066 672 1485 750 subjungens
1550 674 1712 735 illud
1770 676 2092 754 vulgare:

231 735 485 863 prfflffssii.
545 778 715 839 Inter
744 788 1250 850 contradictoria
1310 807 1441 852 esse
1496 792 1817 866 infinitam
1860 795 2094 855 distan-

197 860 517 973 {ssffictgssssss
545 894 730 967 tiam,
764 897 1146 978 simpliciter
1173 902 1406 967 falsum
1460 922 1629 980 esse,
1664 907 1719 966 si
1773 908 2088 990 intelliga-

306 991 410 1036 etc.
549 1012 651 1072 tur
683 1011 764 1074 de
811 1014 1111 1080 distantia
1143 1021 1588 1098 perfectioniS,
1612 1040 1840 1085 verum
1873 1032 2090 1087 autem

546 1131 667 1199 est,
721 1129 771 1189 si
817 1129 900 1193 de
960 1132 1262 1198 distantia
1328 1139 1980 1216 indeterminationiS,
2029 1142 2095 1204 id

544 1248 664 1313 est,
730 1263 879 1324 quae
928 1252 1217 1315 excludit
1264 1258 1641 1329 terminum,
1704 1258 1849 1336 quia
1928 1262 2094 1321 sicut

542 1362 718 1423 nulla
752 1370 853 1425 est
898 1371 1407 1435 communicatio
1452 1374 1621 1436 inter
1665 1383 1976 1448 extrema,
2010 1377 2096 1440 ita

542 1476 846 1553 quaelibet
876 1480 1181 1548 distantia
1217 1487 1457 1553 sufficit
1485 1490 1568 1552 ad
1628 1508 1967 1555 recessum
2013 1496 2093 1556 ab

539 1608 671 1654 uno
705 1595 788 1657 ad
822 1599 1125 1675 alterum,
1158 1620 1378 1682 neque
1413 1605 1718 1669 distantia
1749 1616 2092 1688 quantum-

550 1725 834 1790 cumque
879 1732 1118 1796 magna
1172 1721 1435 1785 excedit
1497 1728 1786 1786 extrema
1833 1729 2094 1787 contra-

540 1821 864 1891 dictioniS.

335 1960 414 2011 34.
624 1942 897 2021 Subjicit
954 1944 1197 2010 deinde
1255 1953 1761 2029 responsionem
1806 1951 1888 2014 ad
1919 1954 2091 2016 illam

543 2056 888 2132 rationem,
965 2061 1247 2142 eJ'usque
1314 2068 1737 2143 probationes
1812 2086 1827 2130 ι
1896 2070 2092 2131 Nulla

531 2176 823 2247 potentia
892 2183 1096 2252 potest
1163 2198 1359 2258 super
1428 2186 1734 2246 distantia
1811 2187 2087 2262 infinita,

537 2285 668 2344 πίει·
680 2291 975 2359 potencia
1007 2291 1258 2366 infinita
1283 2315 1302 2366 ,·
1350 2297 1462 2357 sed
1490 2300 1655 2357 inter
1683 2314 1789 2358 ens
1817 2305 1870 2358 et
1900 2299 2087 2372 nillil,

541 2403 663 2460 eto.
698 2402 1080 2480 Respondet
1121 2408 1467 2470 Durandus
1511 2412 1577 2470 in
1617 2413 1680 2472 2.
1711 2414 1773 2473 d.
1829 2415 1880 2473 l.
1931 2428 1992 2489 q.
2023 2414 2085 2476 4.

214 2491 493 2558 R³⁸P0¹¹⁸³⁰
541 2520 607 2576 et
651 2515 911 2580 Gabriel
956 2521 1195 2584 ibidem
1254 2540 1313 2599 q.
1379 2527 1438 2583 4.
1504 2532 1629 2587 arc.
1696 2529 1752 2588 3.
1819 2529 1969 2590 dub.
2030 2534 2084 2592 1.

221 2554 479 2614 Durandi,

191 2618 510 2668 etoabrielis
537 2630 846 2709 negando
890 2649 1154 2695 omnem
1204 2636 1577 2700 distantiam
1647 2641 1819 2702 inter
1868 2660 1976 2703 ens
2023 2648 2089 2705 et

217 2685 473 2744 reficitur.
534 2743 722 2818 nihil,
782 2747 934 2824 quia
991 2752 1178 2824 putat
1252 2751 1601 2813 Durandus
1688 2759 2083 2819 creationem

533 2873 667 2919 non
696 2860 942 2922 habere
976 2865 1157 2937 m'ln’l,
1194 2882 1310 2944 pro
1349 2869 1622 2930 termino
1684 2888 1723 2931 α
1770 2888 1921 2947 que,
1964 2874 2086 2935 sed

536 2975 714 3034 exire
762 2972 997 3036 dicitur
1057 2975 1140 3038 de
1199 2980 1422 3053 nihile,
1482 2980 1552 3042 id
1610 2988 1731 3056 est,
1820 2986 1902 3046 de
1951 3004 2083 3049 non

535 3088 784 3166 alique.
831 3091 1073 3152 Verum
1103 3092 1421 3173 frequens
1481 3095 1775 3161 doctrina
1824 3102 2085 3164 Patrum

536 3209 661 3277 est,
731 3211 1096 3267 creaturam
1155 3212 1547 3286 productam
1606 3231 1753 3276 esse
1802 3218 2083 3294 primum

532 3335 613 3381 ex
642 3321 865 3396 nihile,
919 3339 1199 3402 eamque
1246 3343 1392 3388 esse
1425 3345 1506 3389 ex
1546 3332 1764 3403 nihilo,
1815 3339 1881 3394 et
1921 3351 2078 3411 sup-

530 3442 786 3512 ponunt
840 3439 1220 3503 scholastici
1253 3445 1603 3506 terminum
1673 3465 1711 3508 α
1768 3465 1893 3524 quo
1936 3467 2077 3512 cre-

532 3552 765 3614 ationis
824 3569 971 3616 esse
1040 3558 1225 3619 nillil.

614 3666 768 3729 Ideo
841 3673 1287 3749 respondetur
1346 3678 1578 3740 melius
1647 3680 2078 3759 intelligendo

532 3783 849 3861 majorem
910 3786 992 3847 de
1040 3786 1344 3852 distantia
1397 3797 1694 3869 positiva,
1756 3798 2079 3858 minorem

451 3961 457 3967 ,
533 3894 764 3961 falsam
796 3917 944 3964 esse
976 3918 1059 3964 ex
1091 3903 1300 3967 dictis,
1336 3907 1432 3968 Ad
1465 3910 1737 3985 primam
1785 3913 2073 3988 probati-

222 4007 477 4120 lffiffiffia
534 4031 730 4079 onem
760 4021 1026 4081 minoris
1055 4023 1482 4099 respondent,
1508 4028 1678 4088 inter
1699 4045 1808 4089 ens
1830 4036 1895 4090 et
1916 4032 2078 4092 m'lzic

186 4131 497 4263 Ξῗτέιέξίἰίζε
534 4132 672 4193 dari
717 4133 1083 4197 distantiam
1118 4139 1467 4200 maximam
1501 4145 1908 4220 permissive,
1944 4163 2076 4208 non

527 4253 824 4327 positive.
900 4252 997 4313 Ad
1073 4254 1265 4315 aliam
1340 4263 1528 4333 patet
1574 4261 2075 4327 contradictoria

531 4383 962 4450 quaecumque
1019 4387 1205 4450 aeque
1272 4373 1513 4437 distare
1557 4378 1776 4454 quoad
1821 4381 2070 4443 incom-

527 4487 1050 4565 possibilitatem,
1098 4506 1232 4552 non
1282 4499 1502 4555 autem
1561 4495 1781 4573 quoad
1841 4514 2069 4561 exces-

527 4621 671 4666 sum
724 4604 1143 4681 perfectionis
1208 4624 1329 4671 seu
1416 4609 1779 4675 distantiam
1852 4617 2070 4693 positi-

524 4737 703 4794 vam;
754 4739 837 4784 ex
883 4739 1011 4800 quo
1084 4730 1263 4802 patet
1318 4726 1401 4788 ad
1458 4730 1808 4807 reliquum.

209 3669 486 3743 Responsio

213 3738 448 3787 Doctoris
457 3772 469 3785 .

200 4837 495 4937 Responsio*
606 4858 704 4917 Ad
736 4854 1040 4918 eamdem
1096 4860 1445 4932 rationem,
1502 4868 1696 4939 prout
1754 4861 2071 4928 formatur

206 4968 497 5084 τῖῑῖθῡθῑξώ
526 4990 558 5036 a
593 4977 667 5035 D.
692 4975 932 5035 Thema
972 4974 1191 5053 quoad
1221 4976 1768 5053 improbationem
1800 4980 2060 5048 dictam.

181 5040 413 5146 ntssrss?
530 5089 854 5162 concedit,
889 5090 1065 5168 quod
1123 5091 1362 5153 nullius
1403 5096 1719 5171 potentia,
1781 5103 1908 5160 etc.
1981 5099 2063 5162 ad

204 5161 480 5292 P'Elggffiio
527 5211 886 5283 potentiam
933 5206 1110 5268 nulla
1169 5214 1270 5269 est
1300 5213 1662 5287 proportio,
1711 5216 1862 5291 quia
1919 5233 2065 5293 pro-

178 5291 253 5335 ‘³⁸²
278 5288 494 5338 entium.
524 5323 735 5401 portio
796 5327 898 5385 est
968 5325 1242 5397 entium,
1328 5342 1459 5387 non
1517 5332 1739 5389 autern
1809 5335 2065 5407 positivi

523 5439 605 5501 ad
651 5440 836 5512 nihil,
868 5439 1022 5517 quia
1066 5445 1395 5518 proportio
1438 5444 1799 5506 attenditur
1855 5465 2063 5525 penes

521 5564 977 5641 quantitatem,
1013 5582 1156 5646 quae
1187 5583 1318 5630 non
1351 5571 1663 5646 competit
1691 5575 2050 5654 negationi,

2211 560 2333 622 sed
2377 568 2660 642 negatur
2710 564 2866 628 inde
2917 568 3108 648 sequi
3155 569 3326 631 inter
3370 567 3758 645 potentiam,

2211 691 2353 751 quae
2396 684 2613 756 potest
2652 681 2714 741 in
2746 698 2953 744 unum
2986 689 3052 745 et
3084 684 3359 746 alterum
3389 701 3521 745 non
3558 700 3752 760 posse

2218 809 2363 855 esse
2396 796 2910 873 proportionem,
2946 801 3094 877 quia
3123 801 3221 861 hae
3263 807 3412 863 sunt
3439 800 3758 879 positivae3

2216 914 2385 974 inter
2413 911 2689 990 positiva
2718 920 2936 976 autem
2967 931 3099 978 non
3131 916 3371 979 tollitur
3399 916 3758 994 proportiO,

2213 1030 2339 1091 nisi
2383 1030 2647 1109 quando
2680 1032 2953 1094 alterum
2987 1038 3352 1096 extremum
3403 1037 3504 1094 est
3546 1031 3754 1096 infini-

2212 1151 2368 1219 tum,
2423 1147 2601 1225 quod
2656 1150 2745 1211 ita
2793 1151 2966 1230 exigi
3023 1150 3105 1213 ad
3168 1153 3566 1213 creationem
3624 1164 3756 1213 non

2208 1264 2523 1340 probatur
2549 1263 2672 1326 hac
2733 1267 3012 1328 ratione.
3065 1267 3377 1344 Exemplo
3439 1246 4082 1358 declarabssffiffiffigm

2210 1379 2391 1458 quod
2466 1382 2689 1459 puncti
2773 1389 3045 1460 propter
3144 1383 3754 1454 indivisibilitatem,
3868 1370 4009 1422 dum.

2207 1512 2340 1559 non
2413 1505 2511 1560 est
2563 1496 2694 1559 ulla
2754 1500 3088 1576 proportio
3136 1498 3219 1560 ad
3276 1500 3534 1573 lineam,
3612 1516 3757 1578 quae

2210 1618 2311 1674 est
2368 1617 2662 1687 extensa,
2725 1630 2859 1675 non
2891 1620 3068 1677 recte
3098 1615 3376 1679 infertur
3431 1615 3609 1695 quod
3640 1632 3752 1694 po-

2211 1730 2445 1801 tentiae,
2497 1746 2640 1809 quae
2692 1731 2757 1793 in
2830 1733 3176 1810 utramque
3236 1736 3533 1811 possunt,
3619 1748 3752 1794 non

2206 1849 2336 1908 sint
2377 1851 2914 1925 proportionatae,
2957 1849 3087 1912 imo
3120 1847 3349 1911 eadem
3389 1849 3455 1909 in
3494 1852 3752 1911 utrum-

2209 1978 2331 2041 que
2374 1967 2611 2039 potest.

2288 2076 2638 2157 Cajetanus
2671 2082 2898 2142 contra
2949 2079 3119 2141 hanc
3167 2079 3563 2141 solutionem
3614 2083 3748 2144 eni·
3886 2109 3967 2160 35.

2210 2197 2377 2265 tene,
2429 2196 2618 2256 etiam
2691 2194 3012 2257 rationem
3056 2198 3462 2272 praemissam
3512 2196 3742 2258 confir·
3772 2173 4085 2308 ἱῃᾝῧξῖἐ,

2203 2326 2385 2371 mare
2458 2311 2695 2389 pergit,
2742 2311 3094 2373 advertens
3141 2312 3320 2390 quod
3376 2314 3539 2374 ratio
3612 2331 3747 2376 non
3885 2304 3972 2348 ¹¹⁰·

2203 2425 2514 2488 fundatur
2567 2445 2770 2505 super
2832 2430 3345 2508 improportione
3419 2439 3743 2496 extremo-

2201 2559 2368 2614 rum,
2423 2547 2494 2603 ut
2539 2543 2769 2606 Scotus
2810 2545 3092 2618 simulat,
3140 2546 3260 2608 sed
3319 2551 3382 2609 in
3428 2548 3745 2626 principio

2200 2658 2647 2736 PeripateticO,
2694 2665 2764 2718 ut
2794 2658 3056 2736 quando
3089 2664 3243 2720 sunt
3274 2660 3403 2721 duo
3428 2671 3744 2735 extrema,
3795 2700 3800 2707 -

2202 2789 2482 2850 quorum
2511 2774 2779 2833 alterum
2831 2777 3065 2836 crescit
3100 2779 3374 2850 tantum,
3425 2781 3746 2859 quantum

2200 2889 2478 2950 alterum
2524 2890 2887 2959 decrescit;
2920 2891 2974 2951 si
3010 2891 3134 2951 hoc
3177 2890 3501 2953 decrescit
3531 2909 3745 2971 usque

2199 3004 2283 3065 ad
2373 3020 2507 3067 non
2594 3005 2896 3083 gradum,
2984 3006 3145 3067 illud
3230 3007 3461 3069 crescit
3543 3026 3745 3087 super

2199 3136 2465 3183 omnem
2521 3118 2825 3198 gradum.
2877 3121 3264 3197 Exemplum
3335 3127 3399 3183 et
3447 3123 3740 3200 probatio
3767 3166 4074 3231 Exemplum

2197 3238 2387 3314 hujus
2432 3238 2708 3297 sumitur
2753 3253 2830 3297 ex
2876 3237 2934 3295 4.
2977 3237 3395 3311 Physicorum
3436 3245 3591 3299 eecce.
3639 3243 3740 3303 72.
3796 3228 3858 3277 ‘¹⁹
3888 3235 4056 3284 motu.

2195 3353 2501 3416 videlicet
2557 3350 2870 3412 velocitas
2927 3356 3145 3412 motus
3203 3358 3268 3413 et
3339 3353 3742 3430 corpulentia

2194 3469 2381 3548 spatii
2426 3474 2579 3529 sunt
2633 3466 2760 3528 duo
2824 3473 3138 3540 extrema,
3197 3467 3283 3530 ita
3313 3474 3387 3531 ut
3434 3471 3746 3533 velocitas

2197 3597 2446 3652 crescat
2472 3590 2539 3650 in
2577 3593 2788 3661 motu,-
2820 3595 3131 3667 quantum
3198 3590 3602 3667 corpulentia
3636 3592 3745 3653 de-

2196 3710 2430 3771 crescit
2473 3711 2538 3771 in
2571 3708 2834 3784 spatio;
2898 3705 3077 3784 quod
3135 3706 3187 3767 si
3226 3708 3359 3769 haec
3406 3707 3751 3773 decrescat

2191 3845 2408 3906 usque
2441 3827 2525 3889 ad
2571 3843 2703 3888 non
2735 3825 3048 3906 gradum,
3078 3826 3392 3888 velocitas
3434 3835 3650 3891 motus
3680 3832 3744 3892 in

2192 3943 2300 4003 illo
2342 3940 2552 4018 spatio
2587 3944 2871 4018 augetur
2906 3937 2969 4000 in
3003 3938 3346 4002 infinitum.
3381 3943 3595 4020 Super
3621 3962 3749 4023 qua

2190 4062 2418 4140 regula
2468 4059 2778 4121 fundatur
2831 4073 3181 4137 processus
3227 4058 3624 4139 Philosophi,
3658 4064 3745 4127 ad

2189 4176 2606 4258 probandum
2631 4173 2810 4252 quod
2839 4180 3056 4235 motus
3086 4177 3150 4235 in
3186 4176 3378 4251 pleno
3434 4183 3501 4239 et
3527 4196 3736 4242 vacuo

2188 4298 2318 4356 sint
2372 4289 3023 4370 improportionales,·
3083 4292 3170 4352 ita
3243 4308 3402 4373 ergo
3450 4296 3515 4357 in
3577 4312 3729 4374 pro-

2187 4414 2425 4490 posue.

2265 4526 2363 4589 Ad
2392 4527 2559 4587 hanc
2618 4521 2978 4599 respondet
3028 4522 3317 4599 quidam,
3372 4539 3507 4586 non
3583 4544 3732 4591 esse

2183 4646 2498 4709 infinitam
2524 4642 2894 4703 distantiam
2914 4644 3084 4701 mter
3119 4646 3365 4701 motum
3402 4647 3467 4704 in
3495 4647 3733 4710 instan-
3774 4631 4067 4759 Rgggssffi

2184 4766 2251 4833 ti,
2287 4761 2622 4823 etmotum
2652 4755 2894 4816 factum
2927 4757 2991 4816 in
3027 4759 3344 4834 tempore,
3370 4758 3488 4819 sed
3516 4759 3731 4825 differ-
3848 4757 3988 4807 ‘’⁸¹1¹-

2180 4899 2251 4943 re
2290 4884 2458 4943 sicut
2513 4879 2787 4940 diversae
2851 4877 3112 4953 species
3163 4879 3468 4956 eJusdem
3509 4899 3724 4962 gene-

2181 4998 2305 5069 ris3
2345 5013 2425 5057 ex
2458 5012 2587 5074 quo
2622 5011 2754 5055 non
2791 4994 3093 5070 sequitur
3145 4993 3426 5059 infinitas
3475 5001 3725 5064 virtutis

2180 5111 2248 5174 in
2304 5129 2408 5186 ee,
2440 5113 2549 5190 qui
2582 5114 2802 5170 movet
2844 5110 2910 5169 in
2958 5123 3089 5172 non
3116 5113 3436 5189 tempore.

2259 5230 2398 5289 llzec
2433 5226 2724 5288 doctrina
2757 5239 2908 5286 vera
2969 5228 3093 5297 est,
3152 5227 3585 5306 intelligendo
3620 5250 3727 5295 an·
3755 5291 4080 5357 Exponitur,

2183 5346 2497 5408 tecedens
2561 5345 2674 5419 sic,
2749 5347 2823 5404 ut
2880 5346 3282 5421 comparatio
3354 5345 3461 5408 fiat
3513 5356 3727 5413 motus

2177 5461 2529 5522 successivi
2602 5462 2668 5519 et
2737 5458 3128 5519 instantanei
3234 5468 3552 5536 quantum
3639 5466 3725 5529 ad

2182 5577 2565 5645 realitatem,
2613 5587 2747 5632 non
2794 5585 2950 5633 vero
2997 5575 3316 5650 quantum
3347 5575 3432 5637 ad
3462 5593 3721 5641 succes-
