4287 6313
543 389 680 473 ‘342

246 586 399 637 aquae
429 575 850 641 perationem
893 577 1284 659 Sacerdotis,
1357 585 1705 662 antequam
1773 574 1839 640 in
1889 574 1967 640 iis
2009 572 2120 640 fiat

219 633 534 686 benedictio-

219 711 509 811 Saceffigtis
570 688 980 774 Baptismus;
1061 689 1140 756 de
1232 712 1358 778 qua
1424 691 1724 758 Clemens
1784 692 2115 755 Romanus

305 823 473 873 clem.
570 805 682 870 lib.
720 808 782 872 7.
825 807 1174 872 Constitut.
1212 810 1437 892 Apost.
1474 829 1620 894 cap.
1656 810 1766 873 44.
1803 818 1864 871 ec
1896 806 2008 871 lib.
2046 810 2110 872 8.

274 886 481 1019 lbzigffjs.
570 945 715 1009 cap.
754 925 817 989 9.
865 923 1215 1010 Dionysius
1256 923 1647 1009 Areopagita
1679 923 1934 989 EcclcS.
1980 922 2117 987 hie-

183 1091 188 1098 .
222 1009 531 1065 Tertuumn.
567 1041 877 1120 rarchiae,
924 1061 1068 1126 cap.
1107 1043 1169 1105 2.
1220 1039 1658 1106 Tertullianus
1699 1039 1812 1105 lib.
1886 1036 1964 1102 de
1997 1040 2117 1102 Ba-

571 1157 811 1244 ptismo
850 1177 992 1243 cap.
1029 1162 1094 1223 4.
1164 1157 1402 1223 Omnes
1458 1179 1648 1243 aquoe
1686 1156 1767 1222 de
1818 1157 2117 1243 pristina

571 1274 860 1360 oriyinis
903 1275 1357 1361 proeroqativa
1404 1276 1910 1340 Sacramentum
1965 1293 2119 1338 san·

574 1390 969 1471 tificalionis
1028 1401 1522 1476 consequuntur
1561 1392 1869 1456 invocato
1936 1392 2072 1455 Deo
2091 1412 2119 1469 ,·

569 1508 952 1590 supervenit
982 1508 1156 1571 enim
1195 1508 1419 1572 statim
1453 1508 1752 1593 Spiritus
1782 1507 1863 1572 de
1910 1507 2111 1584 ecclic,

571 1632 632 1686 et
687 1622 878 1707 aquis
914 1634 1228 1707 superest,
1290 1624 1718 1705 sanctificans
1758 1643 1865 1688 eas
1909 1623 1991 1688 dc
2026 1643 2119 1687 sc-

571 1740 976 1824 mctipso,.et
1032 1741 1130 1805 ita
1168 1741 1603 1822 sanctificata.»
1639 1741 1774 1805 vim
1822 1740 2121 1821 sanctisi-

571 1853 777 1919 candi
835 1855 1221 1934 combibunt,
1283 1866 1406 1920 etc.
1479 1855 1843 1940 Cyprianus
1881 1852 2119 1940 episto·

573 1970 631 2036 la
671 1974 778 2037 70.
820 1970 1090 2057 Oportet
1147 1991 1302 2058 erqo
1358 1970 1680 2035 mundari
1725 1981 1784 2034 et
1821 1971 2119 2052 sanctisi-

576 2088 724 2152 cari
781 2108 1018 2173 aquam
1061 2088 1253 2172 prius
1290 2108 1330 2151 a
1379 2085 1758 2166 Sacerdote,
1806 2096 1877 2151 ul
1914 2087 2120 2170 possit

578 2203 919 2290 Baptismo
974 2224 1090 2269 suo
1155 2213 1423 2291 peccata
1461 2204 1772 2281 hominiS,
1838 2204 1953 2288 qni
2003 2203 2120 2267 ba-

575 2321 894 2407 ptizatur,
958 2321 1244 2402 abluere,
1309 2319 1695 2386 Ambrosius
1746 2319 1859 2383 lib.
1925 2323 1986 2384 1.
2038 2318 2121 2384 de

579 2439 881 2505 Sacram.
919 2459 1067 2525 cap.
1114 2442 1177 2503 ὃ.
1232 2437 1642 2524 Augustinus
1674 2437 1795 2503 lib.
1858 2440 1965 2502 50.
2002 2437 2120 2501 ho-

577 2554 722 2619 mil.
804 2557 921 2620 27.
991 2563 1052 2618 et
1105 2535 1240 2621 lib.
1273 2555 1368 2641 6.⁴
1439 2564 1670 2618 contra
1759 2553 2103 2618 Donatist.

576 2690 724 2756 cap.
770 2672 875 2736 25.
930 2669 1231 2734 Rabanus
1262 2671 1526 2735 Maurus
1577 2668 1659 2733 de
1700 2668 2116 2734 institucione

579 2785 785 2866 Cleri,
828 2786 942 2852 lib.
977 2807 1125 2872 cap.
1161 2789 1270 2852 25.
1316 2784 1671 2851 videantur
1701 2782 1966 2849 rituales
1999 2786 2114 2849 Ec-

572 2900 919 2969 clesiarum
973 2902 1038 2966 in
1098 2897 1365 2990 quibus]
1395 2899 1760 2966 benedictio
1811 2899 2005 2966 fontis
2053 2912 2116 2965 et

569 3025 760 3106 aquae
799 3016 1205 3104 baptismalis
1245 3015 1602 3083 iuvenitur.

262 1875 488 1943 Cyprian
498 1911 512 1926 .

270 2316 506 2368 Ambros.

244 2457 518 2526 Angustia.

268 2688 523 2740 Rabanus.

660 3154 781 3220 Ex·
810 3153 914 3220 his
954 3172 1114 3241 ergo
1152 3150 1510 3239 colligitur„
1531 3150 2110 3218 sanctificationem

571 3281 637 3336 et
666 3266 1122 3356 purgationem
1155 3288 1366 3354 aquae,
1398 3279 1466 3334 ut
1497 3266 2112 3355 vimjsanctificandi

571 3386 925 3466 combibat,
970 3405 1099 3450 non
1160 3384 1437 3472 intelligi
1481 3385 1692 3451 solum
1743 3384 1822 3451 de
1875 3386 2113 3452 sancti·

573 3502 875 3569 ficatione
942 3522 1056 3588 per
1123 3501 1599 3568 institutionem
1685 3502 2108 3583 Sacramenti,

573 3617 687 3686 sed
735 3618 930 3684 etiam
981 3617 1061 3685 de
1100 3616 1504 3684 dedicatione
1549 3617 1754 3705 ipsius
1795 3638 2006 3705 aquae,
2054 3630 2117 3685 et

575 3732 1023 3799 benedictione
1055 3733 1323 3819 praevia,
1362 3745 1431 3798 ut
1473 3737 1694 3799 Patres
1734 3732 2109 3819 loquuntur.

576 3848 958 3936 Figuratum
999 3869 1156 3934 crgo
1215 3848 1342 3915 fuit
1403 3848 1680 3935 mystice
1737 3849 2116 3913 Sacramen-

573 3975 712 4031 tum
757 3960 1069 4051 Baptismi
1112 3966 1177 4030 in
1228 3965 1337 4030 illo
1384 3964 1715 4052 Baptismo
1758 3963 1999 4030 Christi
2050 3965 2117 4029 in

571 4081 871 4167 Iordane,
915 4094 1045 4147 tam
1086 4080 1297 4168 quoad
1341 4081 1613 4147 formam
1660 4085 1860 4167 quam
1905 4082 2115 4167 quoad

579 4197 938 4277 materiam,
974 4211 1039 4264 et
1086 4210 1361 4284 utraque
1408 4197 1748 4285 designata
1807 4199 1998 4276 facto,
2048 4211 2118 4265 ut

579 4315 736 4381 dicit
791 4316 857 4380 S.
910 4317 1361 4380 Bonaventura
1411 4335 1618 4400 supra
1677 4334 1757 4380 ex
1815 4326 2115 4381 contactu

242 4442 404 4515 Aqqoe
438 4457 551 4492 aaa·
580 4430 794 4497 carnis
840 4430 1075 4497 Christi
1129 4429 1528 4497 sanctificata
1549 4412 1750 4516 aqua,
1796 4452 1877 4496 ex
1917 4452 2117 4517 appa-

289 4506 544 4560 ⁰t¹fi⁰⁸⁸ae’
581 4548 788 4615 rentia
828 4567 1280 4634 personarum,
1319 4548 1656 4635 designata
1691 4548 1922 4614 forma.

280 4680 496 4732 Materia
533 4740 542 4751 ,
668 4669 817 4731 Haec
881 4677 1095 4731 autem
1173 4664 1600 4730 sanctificatio
1683 4684 1871 4750 aquae
1947 4676 2120 4732 recte

229 4743 547 4871 Scfecslzffffitff
577 4781 813 4847 dicitur
870 4778 1131 4847 dedisse
1163 4782 1275 4868 jus
1331 4778 1683 4846 mundandi
1734 4799 1769 4844 a
1811 4781 2113 4865 peccatis,

577 4917 707 4963 non
774 4896 948 4983 quod
1012 4909 1148 4962 tum
1230 4895 1424 4962 fuerit
1489 4894 1816 4962 institutio
1896 4899 2119 4963 Sacra-

579 5013 804 5091 menti,
843 5012 954 5079 sed
1004 5010 1295 5079 dedicata
1359 5011 1629 5080 materia
1670 5013 1814 5100 ejus
1854 5013 1919 5078 in
1967 5032 2121 5079 con·

574 5142 749 5197 tactu
825 5128 1042 5196 carnis
1079 5129 1344 5209 Christi,
1383 5149 1463 5195 ex
1533 5150 1663 5216 quo
1722 5129 1916 5195 etiam
1975 5130 2120 5196 aliae

579 5268 681 5313 res
750 5245 1322 5313 sanctificabantur
1363 5265 1442 5311 ex
1481 5257 1779 5312 contactu
1831 5246 2012 5332 ejus:
2059 5255 2122 5312 et

582 5365 719 5450 ipsa
751 5383 918 5451 aqua
951 5361 1291 5448 designata
1331 5373 1452 5442 est,
1500 5374 1569 5426 ut
1611 5359 1789 5426 fieret
1852 5363 2121 5428 materia

586 5479 985 5548 Sacramenti
1101 5499 1215 5564 pro
1308 5489 1599 5565 tempore
1690 5477 2121 5545 institutionis

581 5598 749 5684 ejuS.

1705 413 1869 475 ·LlB.
1915 414 2016 475 lv,
2065 411 2661 477 SENTENTIARUM

2318 574 2494 650 Quod
2564 574 2908 642 adducitur
2971 556 3164 641 etiar‘n
3245 593 3360 659 pro
3435 569 3766 658 Baptismo
3843 565 4092 681 Abffigus·

2228 691 2468 757 Christi
2519 704 2824 779 suscepto
2868 711 2903 757 a
2943 694 3211 769 Ioanne,
3287 711 3392 756 res
3457 703 3557 756 est
3620 709 3766 754 om-
3822 693 4083 807 {hjsstfssffi

2229 808 2384 875 nino
2425 808 2694 892 incerta,
2757 829 2971 895 neque
3029 807 3523 874 fundamentum
3572 807 3767 872 habet
3869 770 4118 890 Ἓοιιῖὃω

2228 944 2309 989 ex
2341 924 2684 990 Patribus?
2705 923 3054 990 Abulensis
3084 923 3368 1010 proinde
3391 933 3617 1010 quoest.
3654 925 3763 988 78.
3814 894 4096 1008 sfficffii'gffhsie

2229 1041 2304 1105 in
2345 1040 2595 1104 Maccaei
2641 1041 2705 1108 3.
2771 1040 3200 1106 verisimilius
3248 1040 3338 1104 ait
3387 1058 3517 1104 non
3566 1036 3771 1105 fuisse
3818 1007 4127 1122 &ssssffien‘

2231 1157 2663 1242 baptizatum·,
2774 1157 2870 1223 sic
2970 1158 3316 1244 Cajetanus
3393 1156 3465 1222 in
3543 1159 3606 1220 3.
3695 1177 3764 1242 p.
3846 1132 4095 1248 {2⁵38‘22„

2230 1274 2311 1340 D.
2367 1273 2590 1339 Thom.
2634 1285 2860 1359 quaest.
2915 1277 3024 1340 38.
3069 1282 3200 1337 art.
3236 1274 3300 1338 6.
3346 1271 3435 1337 ait
3492 1271 3772 1356 baptiza·
3802 1257 4118 1312 Nazianzen.

2230 1400 2369 1455 tum
2411 1387 2477 1454 iu
2519 1387 2788 1475 Spiritu,
2834 1388 3007 1475 quod
3055 1398 3120 1454 et
3167 1388 3403 1454 asserit
3456 1389 3774 1474 Hierony-

2232 1525 2379 1571 mus
2444 1506 2520 1571 in
2584 1508 2648 1570 3.
2734 1505 3055 1570 Macthaei.
3137 1508 3575 1570 Damasceuus
3651 1504 3764 1571 lib.

2230 1623 2431 1687 citato
2489 1620 2669 1701 dicit,
2715 1620 3018 1707 imposita
3067 1619 3293 1686 divino
3333 1619 3589 1686 Domini
3664 1640 3774 1686 ca-

2233 1738 2349 1826 piti
2410 1759 2528 1806 sua
2583 1758 2778 1805 manu
2829 1760 2950 1806 suo
3008 1738 3201 1804 etiam
3260 1756 3493 1803 cruore
3570 1736 3774 1804 fuisse

2233 1855 2650 1940 baptizatum.
2715 1854 3158 1921 Nazianzenus
3225 1865 3398 1921 orat.
3463 1856 3573 1921 39.
3615 1853 3772 1920 dicit

2232 1992 2352 2038 suo
2393 1991 2626 2038 cruore
2673 1970 3088 2057 baptizatum,
3143 1981 3338 2057 atque
3395 1969 3588 2036 etiam
3656 1973 3773 2036 Ba-

2236 2089 2472 2176 ptismo
2532 2087 2857 2164 flaminisz
2919 2089 3097 2154 hunc
3129 2087 3334 2154 fuisse
3364 2087 3769 2172 Baptismum

2231 2208 2374 2293 ejus
2440 2205 2627 2272 docet
2665 2205 2923 2272 Nicetas
2959 2206 3249 2292 proefato
3290 2205 3428 2270 loco
3477 2197 3772 2290 repetitis

2230 2321 2450 2388 verbis
2483 2322 2886 2388 Damasceni.
2945 2324 3021 2387 Et
3062 2321 3324 2387 videtur
3366 2319 3578 2408 magis
3620 2318 3771 2386 fun-

2231 2439 2368 2504 dari
2437 2437 2500 2502 in
2561 2438 2893 2522 Scriptura
2954 2439 3098 2504 haec
3155 2439 3553 2525 conjectura,
3618 2436 3768 2524 quia

2229 2553 2560 2620 Christum
2597 2554 3031 2640 praesentibus
3063 2550 3211 2621 aliis
3263 2552 3624 2622 verisimile
3671 2565 3772 2620 est

2231 2671 2435 2737 fuisse
2490 2669 2884 2756 baptizatum
2942 2691 2978 2736 a
3033 2672 3302 2751 Ioanne,
3355 2682 3551 2758 atque
3608 2669 3769 2736 adeo

2227 2784 2598 2871 discipuliS.
2653 2784 2716 2850 Si
2759 2796 2974 2851 autem
3035 2785 3328 2853 Christus
3390 2797 3546 2851 tunc
3603 2784 3767 2851 reci·
3799 2775 4117 2888 Οῡῦἆξξωω

2227 2921 2493 2987 procum
2525 2901 2922 2987 Baptismum
2971 2903 3199 2968 Joanni
3259 2902 3595 2981 tribueret,
3639 2921 3765 2966 non
3817 2900 4107 2967 Scriptura.

2229 3029 2404 3085 esset
2441 3016 2939 3084 fundamentum
2972 3018 3258 3105 querelae
3298 3018 3764 3106 discipulorum
3844 3048 3851 3055 ·

2231 3135 2496 3202 loannis
2526 3134 2607 3201 de
2646 3134 2973 3222 Baptismo
3014 3135 3384 3202 ministrato
3413 3156 3449 3203 a
3479 3135 3765 3219 Christ0,

2230 3271 2379 3317 cum
2404 3252 2539 3337 jam
2585 3250 2870 3318 viderint
2909 3251 3125 3338 ipsum
3182 3256 3492 3318 Ioannem
3557 3251 3770 3338 bapti-

2224 3367 2420 3432 zaria
2454 3367 2743 3447 Christ0,
2806 3367 2907 3434 vel
2964 3382 3139 3436 certe
3203 3368 3640 3435 intellexerint
3694 3369 3775 3434 ab

2229 3484 2373 3571 ipso
2412 3485 2658 3549 loanne
2688 3497 2751 3550 et
2789 3483 2960 3552 aliis,

2800 3670 3208 3730 SCHOLIUM.

2301 3844 2684 3915 Baptismum
2717 3855 2837 3898 non
2879 3841 3189 3912 obligasse
3236 3848 3379 3901 ante
3436 3826 3777 3903 solemnem

2230 3942 2370 4012 ejus
2399 3940 2969 4012 promulgationem
3008 3942 3075 3997 in
3125 3938 3230 3997 die
3279 3943 3685 4010 PentecosteS,
3718 3948 3779 4002 et

2227 4040 2399 4110 prius
2429 4039 2628 4096 fuisse
2658 4038 2772 4095 sub
2800 4040 3080 4105 consili0,
3113 4044 3321 4109 postea
3370 4040 3485 4097 sub
3540 4056 3780 4112 praece-

2228 4142 2349 4210 pto,
2370 4141 2429 4195 et
2493 4138 2768 4210 explicat
2847 4142 3206 4210 utrumque.
3286 4142 3365 4196 Ita
3422 4156 3563 4197 cum
3618 4142 3778 4199 Doct.

2228 4240 2467 4293 Aureol.
2492 4236 2617 4304 hic,
2651 4252 2710 4308 q.
2744 4238 2796 4294 4.
2826 4240 3073 4295 Rubion
3103 4253 3162 4309 q.
3210 4238 3266 4296 3.
3316 4242 3433 4296 art.
3465 4241 3519 4297 2.
3582 4242 3775 4297 Gabr.

2229 4335 2287 4393 d.
2318 4337 2371 4392 1.
2404 4351 2464 4407 q.
2496 4336 2547 4395 4.
2584 4339 2769 4393 Suar.
2800 4336 2851 4391 3.
2887 4351 2947 4407 p.
2981 4340 3127 4395 tom.
3176 4337 3228 4393 3.
3275 4337 3334 4394 d.
3388 4340 3477 4394 27.
3542 4343 3689 4398 sect.
3718 4342 3774 4399 4.

2229 4437 2291 4490 et
2327 4448 2542 4490 omnes
2570 4434 2844 4491 Scotistae
2876 4434 2997 4503 hic,
3026 4442 3236 4494 contra
3268 4437 3336 4493 D.
3384 4436 3588 4494 Thom.
3642 4452 3779 4510 sup.

2232 4536 2293 4587 et
2312 4533 2361 4587 1.
2389 4534 2444 4588 2.
2477 4547 2535 4603 q.
2568 4532 2689 4588 103.
2724 4537 2835 4590 art.
2863 4534 2915 4589 3.
2945 4540 3003 4592 et
3059 4550 3378 4607 sequaceS,
3427 4542 3778 4596 asserentes

2232 4631 2607 4700 Baptismum
2639 4633 2701 4687 et
2728 4634 2913 4689 totam
2948 4632 3153 4703 legem
3184 4647 3408 4691 novam
3438 4634 3633 4692 fuisse
3664 4636 3778 4693 sub

2230 4732 2556 4799 praecepte,
2583 4730 2790 4786 statim
2821 4745 2856 4786 a
2885 4736 3078 4788 morte
3107 4732 3362 4804 Christi,
3411 4733 3521 4791 sed
3551 4748 3622 4791 eo
3673 4749 3779 4789 us-

2232 4840 2352 4896 que
2384 4826 2501 4883 sub
2530 4827 2810 4884 consiliu.

2322 5006 2494 5082 Hoc
2529 5029 2726 5101 ergo
2762 5012 3185 5104 supposito
3226 5015 3324 5103 (c)
3360 5012 3774 5108 'tanquam
3944 5022 3993 5073 4-

2229 5145 2427 5197 vero
2478 5130 2558 5199 et
2611 5126 3106 5211 rationabili,
3177 5129 3600 5205 videndum
3651 5138 3774 5206 est

2236 5241 2527 5335 primo,
2577 5244 2774 5316 unde
2825 5250 3007 5319 erat
3057 5248 3465 5340 susceptio
3500 5250 3777 5343 Bapti-

2234 5358 2388 5432 smi
2475 5359 2968 5452 simpliciter
3056 5364 3547 5438 necessaria..
3639 5370 3774 5442 Se-

2233 5475 2511 5558 cundo,
2547 5494 2650 5547 an
2690 5496 2789 5548 ex
2821 5479 3098 5551 eodem
3132 5478 3380 5555 fuerit
3415 5480 3773 5556 Circum-

2244 5593 2449 5667 cisio
2489 5599 2944 5669 evacuata?
