<?xml version="1.0" encoding="UTF-8"?>
<!DOCTYPE html PUBLIC "-//W3C//DTD XHTML 1.0 Transitional//EN"
    "http://www.w3.org/TR/xhtml1/DTD/xhtml1-transitional.dtd">
<html xmlns="http://www.w3.org/1999/xhtml" xml:lang="en" lang="en">
 <head>
  <title>
</title>
<meta http-equiv="Content-Type" content="text/html;charset=utf-8" />
  <meta name='ocr-system' content='tesseract 3.04.00' />
  <meta name='ocr-capabilities' content='ocr_page ocr_carea ocr_par ocr_line ocrx_word'/>
</head>
<body>
  <div class='ocr_page' id='page_1' title='image "./joannisdunsscot01waddgoog_0550.png"; bbox 0 0 4287 6313; ppageno 0'>
   <div class='ocr_carea' id='block_1_1' title="bbox 457 405 2593 485">
    <p class='ocr_par' dir='ltr' id='par_1_1' title="bbox 457 405 2593 485">
     <span class='ocr_line' id='line_1_1' title="bbox 457 405 2593 485; baseline 0.004 -18"><span class='ocrx_word' id='word_1_1' title='bbox 457 405 600 485; x_wconf 49' lang='lat'>,534</span> <span class='ocrx_word' id='word_1_2' title='bbox 1670 412 1813 476; x_wconf 76' lang='lat' dir='ltr'>ma.</span> <span class='ocrx_word' id='word_1_3' title='bbox 1862 414 1965 479; x_wconf 81' lang='lat' dir='ltr'>lv,</span> <span class='ocrx_word' id='word_1_4' title='bbox 1996 411 2593 477; x_wconf 67' lang='lat' dir='ltr'>smmmnuu</span> 
     </span>
    </p>
   </div>
   <div class='ocr_carea' id='block_1_2' title="bbox 495 572 2041 1116">
    <p class='ocr_par' dir='ltr' id='par_1_2' title="bbox 495 572 2041 1116">
     <span class='ocr_line' id='line_1_2' title="bbox 495 572 2039 655; baseline 0.003 -22"><span class='ocrx_word' id='word_1_5' title='bbox 495 572 741 635; x_wconf 88' lang='lat' dir='ltr'>sanctis</span> <span class='ocrx_word' id='word_1_6' title='bbox 789 574 1190 637; x_wconf 76' lang='lat' dir='ltr'>sensibiliter</span> <span class='ocrx_word' id='word_1_7' title='bbox 1231 577 1607 655; x_wconf 88' lang='lat' dir='ltr'>loquentes,</span> <span class='ocrx_word' id='word_1_8' title='bbox 1667 592 1801 639; x_wconf 92' lang='lat' dir='ltr'>non</span> <span class='ocrx_word' id='word_1_9' title='bbox 1830 580 2039 638; x_wconf 88' lang='lat' dir='ltr'>atten-</span> 
     </span>
     <span class='ocr_line' id='line_1_3' title="bbox 498 690 2038 770; baseline 0.001 -18"><span class='ocrx_word' id='word_1_10' title='bbox 498 690 672 752; x_wconf 82' lang='lat' dir='ltr'>ditur</span> <span class='ocrx_word' id='word_1_11' title='bbox 731 691 938 767; x_wconf 89' lang='lat' dir='ltr'>aliter,</span> <span class='ocrx_word' id='word_1_12' title='bbox 987 707 1181 770; x_wconf 90' lang='lat' dir='ltr'>quam</span> <span class='ocrx_word' id='word_1_13' title='bbox 1238 693 1293 754; x_wconf 92' lang='lat' dir='ltr'>si</span> <span class='ocrx_word' id='word_1_14' title='bbox 1353 708 1431 753; x_wconf 91' lang='lat' dir='ltr'>ea</span> <span class='ocrx_word' id='word_1_15' title='bbox 1480 692 1782 766; x_wconf 75' lang='lat' dir='ltr'>vitaliter,</span> <span class='ocrx_word' id='word_1_16' title='bbox 1837 691 2038 755; x_wconf 91' lang='lat' dir='ltr'>modo</span> 
     </span>
     <span class='ocr_line' id='line_1_4' title="bbox 497 806 2040 888; baseline 0.001 -21"><span class='ocrx_word' id='word_1_17' title='bbox 497 822 691 886; x_wconf 90' lang='lat' dir='ltr'>quem</span> <span class='ocrx_word' id='word_1_18' title='bbox 739 806 1089 888; x_wconf 81' lang='lat' dir='ltr'>Cajetanus</span> <span class='ocrx_word' id='word_1_19' title='bbox 1133 807 1482 887; x_wconf 80' lang='lat' dir='ltr'>praetendit</span> <span class='ocrx_word' id='word_1_20' title='bbox 1511 807 1857 871; x_wconf 88' lang='lat' dir='ltr'>formando</span> <span class='ocrx_word' id='word_1_21' title='bbox 1896 826 2040 871; x_wconf 84' lang='lat' dir='ltr'>ver-</span> 
     </span>
     <span class='ocr_line' id='line_1_5' title="bbox 496 922 2041 1003; baseline 0.001 -20"><span class='ocrx_word' id='word_1_22' title='bbox 496 922 604 996; x_wconf 89' lang='lat' dir='ltr'>ba,</span> <span class='ocrx_word' id='word_1_23' title='bbox 662 929 1169 1000; x_wconf 87' lang='lat' dir='ltr'>proponeretur,</span> <span class='ocrx_word' id='word_1_24' title='bbox 1234 925 1388 1003; x_wconf 89' lang='lat' dir='ltr'>quia</span> <span class='ocrx_word' id='word_1_25' title='bbox 1444 940 1579 988; x_wconf 92' lang='lat' dir='ltr'>non</span> <span class='ocrx_word' id='word_1_26' title='bbox 1636 924 1719 987; x_wconf 86' lang='lat' dir='ltr'>ad</span> <span class='ocrx_word' id='word_1_27' title='bbox 1769 924 2041 986; x_wconf 88' lang='lat' dir='ltr'>modum</span> 
     </span>
     <span class='ocr_line' id='line_1_6' title="bbox 495 1036 2031 1116; baseline 0.004 -18"><span class='ocrx_word' id='word_1_28' title='bbox 495 1036 818 1099; x_wconf 84' lang='lat' dir='ltr'>formandi</span> <span class='ocrx_word' id='word_1_29' title='bbox 864 1045 976 1099; x_wconf 90' lang='lat' dir='ltr'>aut</span> <span class='ocrx_word' id='word_1_30' title='bbox 1020 1040 1334 1103; x_wconf 90' lang='lat' dir='ltr'>causandi</span> <span class='ocrx_word' id='word_1_31' title='bbox 1401 1042 1602 1104; x_wconf 90' lang='lat' dir='ltr'>verba</span> <span class='ocrx_word' id='word_1_32' title='bbox 1646 1040 2031 1116; x_wconf 90' lang='lat' dir='ltr'>attenditur,</span> 
     </span>
    </p>
   </div>
   <div class='ocr_carea' id='block_1_3' title="bbox 500 1150 2039 1349">
    <p class='ocr_par' dir='ltr' id='par_1_3' title="bbox 500 1150 2039 1349">
     <span class='ocr_line' id='line_1_7' title="bbox 500 1150 2039 1237; baseline 0.003 -23"><span class='ocrx_word' id='word_1_33' title='bbox 500 1150 621 1214; x_wconf 90' lang='lat' dir='ltr'>sed</span> <span class='ocrx_word' id='word_1_34' title='bbox 665 1153 747 1215; x_wconf 88' lang='lat' dir='ltr'>ad</span> <span class='ocrx_word' id='word_1_35' title='bbox 801 1170 1096 1229; x_wconf 90' lang='lat' dir='ltr'>sensum,</span> <span class='ocrx_word' id='word_1_36' title='bbox 1155 1171 1356 1234; x_wconf 90' lang='lat' dir='ltr'>quem</span> <span class='ocrx_word' id='word_1_37' title='bbox 1407 1156 1656 1220; x_wconf 89' lang='lat' dir='ltr'>babent</span> <span class='ocrx_word' id='word_1_38' title='bbox 1715 1158 2039 1237; x_wconf 90' lang='lat' dir='ltr'>indepen-</span> 
     </span>
     <span class='ocr_line' id='line_1_8' title="bbox 503 1269 1270 1349; baseline 0.004 -18"><span class='ocrx_word' id='word_1_39' title='bbox 503 1269 738 1332; x_wconf 87' lang='lat' dir='ltr'>denter</span> <span class='ocrx_word' id='word_1_40' title='bbox 786 1287 823 1331; x_wconf 92' lang='lat' dir='ltr'>a</span> <span class='ocrx_word' id='word_1_41' title='bbox 869 1269 1270 1349; x_wconf 85' lang='lat' dir='ltr'>proferente.</span> 
     </span>
    </p>
   </div>
   <div class='ocr_carea' id='block_1_4' title="bbox 2149 571 3698 1001">
    <p class='ocr_par' dir='ltr' id='par_1_4' title="bbox 2151 571 3696 754">
     <span class='ocr_line' id='line_1_9' title="bbox 2151 571 3696 654; baseline -0.002 -17"><span class='ocrx_word' id='word_1_42' title='bbox 2151 572 2546 654; x_wconf 84' lang='lat' dir='ltr'>proferendo</span> <span class='ocrx_word' id='word_1_43' title='bbox 2621 572 2922 649; x_wconf 84' lang='lat' dir='ltr'>formam,</span> <span class='ocrx_word' id='word_1_44' title='bbox 2995 571 3433 651; x_wconf 82' lang='lat' dir='ltr'>proculdubio</span> <span class='ocrx_word' id='word_1_45' title='bbox 3533 571 3696 634; x_wconf 81' lang='lat' dir='ltr'>illud</span> 
     </span>
     <span class='ocr_line' id='line_1_10' title="bbox 2151 688 3179 754; baseline -0.002 0"><span class='ocrx_word' id='word_1_46' title='bbox 2151 693 2649 754; x_wconf 85' lang='lat' dir='ltr'>Sacramentum</span> <span class='ocrx_word' id='word_1_47' title='bbox 2705 693 2828 753; x_wconf 91' lang='lat' dir='ltr'>erit</span> <span class='ocrx_word' id='word_1_48' title='bbox 2869 688 3179 752; x_wconf 90' lang='lat' dir='ltr'>validum.</span> 
     </span>
    </p>

    <p class='ocr_par' dir='ltr' id='par_1_5' title="bbox 2149 805 3698 1001">
     <span class='ocr_line' id='line_1_11' title="bbox 2231 805 3696 889; baseline -0.003 -19"><span class='ocrx_word' id='word_1_49' title='bbox 2231 809 2584 889; x_wconf 86' lang='lat' dir='ltr'>Cajetanus</span> <span class='ocrx_word' id='word_1_50' title='bbox 2631 824 2788 889; x_wconf 88' lang='lat' dir='ltr'>ergo</span> <span class='ocrx_word' id='word_1_51' title='bbox 2838 807 3176 869; x_wconf 85' lang='lat' dir='ltr'>committit</span> <span class='ocrx_word' id='word_1_52' title='bbox 3215 805 3539 869; x_wconf 87' lang='lat' dir='ltr'>fallaciam</span> <span class='ocrx_word' id='word_1_53' title='bbox 3568 823 3696 868; x_wconf 82' lang='lat' dir='ltr'>non</span> 
     </span>
     <span class='ocr_line' id='line_1_12' title="bbox 2149 920 3698 1001; baseline -0.001 -16"><span class='ocrx_word' id='word_1_54' title='bbox 2149 941 2359 987; x_wconf 63' lang='lat' dir='ltr'>causas</span> <span class='ocrx_word' id='word_1_55' title='bbox 2402 931 2467 987; x_wconf 73' lang='grc' dir='ltr'>αι</span> <span class='ocrx_word' id='word_1_56' title='bbox 2517 942 2747 997; x_wconf 78' lang='lat' dir='ltr'>causae,</span> <span class='ocrx_word' id='word_1_57' title='bbox 2797 929 3033 1001; x_wconf 89' lang='lat' dir='ltr'>putans</span> <span class='ocrx_word' id='word_1_58' title='bbox 3080 920 3233 985; x_wconf 90' lang='lat' dir='ltr'>ideo</span> <span class='ocrx_word' id='word_1_59' title='bbox 3296 923 3698 1001; x_wconf 89' lang='lat' dir='ltr'>Baptismum</span> 
     </span>
    </p>
   </div>
   <div class='ocr_carea' id='block_1_5' title="bbox 506 1151 3713 1585">
    <p class='ocr_par' dir='ltr' id='par_1_6' title="bbox 2151 1151 3697 1351">
     <span class='ocr_line' id='line_1_13' title="bbox 2151 1151 3678 1234; baseline -0.002 -17"><span class='ocrx_word' id='word_1_60' title='bbox 2151 1155 2338 1217; x_wconf 91' lang='lat' dir='ltr'>aliter</span> <span class='ocrx_word' id='word_1_61' title='bbox 2391 1155 2622 1234; x_wconf 90' lang='lat' dir='ltr'>nequit</span> <span class='ocrx_word' id='word_1_62' title='bbox 2678 1153 2971 1232; x_wconf 83' lang='lat' dir='ltr'>proferre</span> <span class='ocrx_word' id='word_1_63' title='bbox 3026 1151 3329 1226; x_wconf 85' lang='lat' dir='ltr'>formam,</span> <span class='ocrx_word' id='word_1_64' title='bbox 3374 1158 3488 1214; x_wconf 92' lang='lat' dir='ltr'>aut</span> <span class='ocrx_word' id='word_1_65' title='bbox 3549 1151 3678 1214; x_wconf 84' lang='lat' dir='ltr'>tin-</span> 
     </span>
     <span class='ocr_line' id='line_1_14' title="bbox 2155 1272 3697 1351; baseline -0.003 -17"><span class='ocrx_word' id='word_1_66' title='bbox 2155 1286 2340 1349; x_wconf 87' lang='lat' dir='ltr'>gere,</span> <span class='ocrx_word' id='word_1_67' title='bbox 2395 1287 2594 1351; x_wconf 82' lang='lat' dir='ltr'>quain</span> <span class='ocrx_word' id='word_1_68' title='bbox 2649 1273 2945 1348; x_wconf 84' lang='lat' dir='ltr'>vitaliter,</span> <span class='ocrx_word' id='word_1_69' title='bbox 3005 1275 3071 1332; x_wconf 88' lang='lat' dir='ltr'>et</span> <span class='ocrx_word' id='word_1_70' title='bbox 3118 1286 3238 1349; x_wconf 91' lang='lat' dir='ltr'>per</span> <span class='ocrx_word' id='word_1_71' title='bbox 3297 1272 3697 1333; x_wconf 88' lang='lat' dir='ltr'>instrumen-</span> 
     </span>
    </p>

    <p class='ocr_par' dir='ltr' id='par_1_7' title="bbox 506 1384 3713 1585">
     <span class='ocr_line' id='line_1_15' title="bbox 587 1384 3706 1470; baseline -0.001 -22"><span class='ocrx_word' id='word_1_72' title='bbox 587 1385 771 1448; x_wconf 90' lang='lat' dir='ltr'>Unde</span> <span class='ocrx_word' id='word_1_73' title='bbox 842 1387 1250 1468; x_wconf 87' lang='lat' dir='ltr'>interrogare</span> <span class='ocrx_word' id='word_1_74' title='bbox 1309 1390 1482 1465; x_wconf 90' lang='lat' dir='ltr'>licet,</span> <span class='ocrx_word' id='word_1_75' title='bbox 1531 1392 1583 1452; x_wconf 93' lang='lat' dir='ltr'>si</span> <span class='ocrx_word' id='word_1_76' title='bbox 1643 1392 1752 1465; x_wconf 92' lang='lat' dir='ltr'>illi,</span> <span class='ocrx_word' id='word_1_77' title='bbox 1807 1392 2045 1470; x_wconf 91' lang='lat' dir='ltr'>quibus</span> <span class='ocrx_word' id='word_1_78' title='bbox 2158 1393 2300 1450; x_wconf 91' lang='lat' dir='ltr'>tum</span> <span class='ocrx_word' id='word_1_79' title='bbox 2387 1389 2839 1468; x_wconf 76' lang='lat' dir='ltr'>conjunctum,</span> <span class='ocrx_word' id='word_1_80' title='bbox 2917 1386 3209 1469; x_wconf 82' lang='lat' dir='ltr'>ideoque</span> <span class='ocrx_word' id='word_1_81' title='bbox 3282 1387 3404 1448; x_wconf 90' lang='lat' dir='ltr'>rite</span> <span class='ocrx_word' id='word_1_82' title='bbox 3469 1384 3706 1448; x_wconf 89' lang='lat' dir='ltr'>confici</span> 
     </span>
     <span class='ocr_line' id='line_1_16' title="bbox 506 1501 3713 1585; baseline 0.001 -25"><span class='ocrx_word' id='word_1_83' title='bbox 506 1501 741 1563; x_wconf 75' lang='lat' dir='ltr'>excisae</span> <span class='ocrx_word' id='word_1_84' title='bbox 788 1510 939 1563; x_wconf 89' lang='lat' dir='ltr'>sunt</span> <span class='ocrx_word' id='word_1_85' title='bbox 995 1504 1236 1583; x_wconf 81' lang='lat' dir='ltr'>linguae</span> <span class='ocrx_word' id='word_1_86' title='bbox 1290 1522 1327 1567; x_wconf 91' lang='lat' dir='ltr'>a</span> <span class='ocrx_word' id='word_1_87' title='bbox 1369 1507 1693 1585; x_wconf 83' lang='lat' dir='ltr'>Tyrannts</span> <span class='ocrx_word' id='word_1_88' title='bbox 1743 1505 1826 1567; x_wconf 91' lang='lat' dir='ltr'>ob</span> <span class='ocrx_word' id='word_1_89' title='bbox 1887 1522 2045 1567; x_wconf 90' lang='lat' dir='ltr'>con·</span> <span class='ocrx_word' id='word_1_90' title='bbox 2161 1505 2672 1578; x_wconf 82' lang='lat' dir='ltr'>Sacramentum,</span> <span class='ocrx_word' id='word_1_91' title='bbox 2740 1519 2816 1565; x_wconf 89' lang='lat' dir='ltr'>ac</span> <span class='ocrx_word' id='word_1_92' title='bbox 2872 1501 3154 1581; x_wconf 90' lang='lat' dir='ltr'>proinde</span> <span class='ocrx_word' id='word_1_93' title='bbox 3213 1501 3280 1564; x_wconf 90' lang='lat' dir='ltr'>id</span> <span class='ocrx_word' id='word_1_94' title='bbox 3335 1517 3471 1566; x_wconf 91' lang='lat' dir='ltr'>non</span> <span class='ocrx_word' id='word_1_95' title='bbox 3530 1517 3713 1563; x_wconf 88' lang='lat' dir='ltr'>com·</span> 
     </span>
    </p>
   </div>
   <div class='ocr_carea' id='block_1_6' title="bbox 3734 900 4053 1014">
    <p class='ocr_par' dir='ltr' id='par_1_8' title="bbox 3734 900 4053 1014">
     <span class='ocr_line' id='line_1_17' title="bbox 3774 900 3996 951; baseline -0.009 0"><span class='ocrx_word' id='word_1_96' title='bbox 3774 900 3996 951; x_wconf 81' lang='lat' dir='ltr'>Fallacia</span> 
     </span>
     <span class='ocr_line' id='line_1_18' title="bbox 3734 977 4053 1014; baseline -0.006 0"><span class='ocrx_word' id='word_1_97' title='bbox 3734 979 3836 1014; x_wconf 87' lang='lat' dir='ltr'>nou</span> <span class='ocrx_word' id='word_1_98' title='bbox 3885 977 4053 1013; x_wconf 80' lang='lat' dir='ltr'>causae</span> 
     </span>
    </p>
   </div>
   <div class='ocr_carea' id='block_1_7' title="bbox 2149 1031 4033 1117">
    <p class='ocr_par' dir='ltr' id='par_1_9' title="bbox 2149 1031 4033 1117">
     <span class='ocr_line' id='line_1_19' title="bbox 2149 1031 4033 1117; baseline -0.003 -17"><span class='ocrx_word' id='word_1_99' title='bbox 2149 1041 2451 1103; x_wconf 90' lang='lat' dir='ltr'>collatum</span> <span class='ocrx_word' id='word_1_100' title='bbox 2502 1041 2583 1102; x_wconf 94' lang='lat' dir='ltr'>ab</span> <span class='ocrx_word' id='word_1_101' title='bbox 2642 1039 2906 1102; x_wconf 88' lang='lat' dir='ltr'>homine</span> <span class='ocrx_word' id='word_1_102' title='bbox 2955 1038 3247 1101; x_wconf 88' lang='lat' dir='ltr'>validum</span> <span class='ocrx_word' id='word_1_103' title='bbox 3303 1054 3474 1112; x_wconf 88' lang='lat' dir='ltr'>esse,</span> <span class='ocrx_word' id='word_1_104' title='bbox 3539 1041 3690 1117; x_wconf 84' lang='lat' dir='ltr'>quia</span> <span class='ocrx_word' id='word_1_105' title='bbox 3761 1031 4033 1077; x_wconf 43' lang='lat' dir='ltr'>⁰20⁸&amp;ae-</span> 
     </span>
    </p>
   </div>
   <div class='ocr_carea' id='block_1_8' title="bbox 504 1604 2081 4509">
    <p class='ocr_par' dir='ltr' id='par_1_10' title="bbox 504 1604 2081 4509">
     <span class='ocr_line' id='line_1_20' title="bbox 504 1604 2051 1700; baseline 0.004 -23"><span class='ocrx_word' id='word_1_106' title='bbox 504 1615 862 1678; x_wconf 83' lang='lat' dir='ltr'>sessionem</span> <span class='ocrx_word' id='word_1_107' title='bbox 931 1617 1109 1695; x_wconf 86' lang='lat' dir='ltr'>fidei,</span> <span class='ocrx_word' id='word_1_108' title='bbox 1172 1604 1426 1697; x_wconf 86' lang='lat' dir='ltr'>possint</span> <span class='ocrx_word' id='word_1_109' title='bbox 1490 1620 1671 1700; x_wconf 84' lang='lat' dir='ltr'>loqui</span> <span class='ocrx_word' id='word_1_110' title='bbox 1746 1621 2051 1696; x_wconf 82' lang='lat' dir='ltr'>vitaliter,</span> 
     </span>
     <span class='ocr_line' id='line_1_21' title="bbox 507 1734 2047 1816; baseline 0.004 -22"><span class='ocrx_word' id='word_1_111' title='bbox 507 1738 619 1794; x_wconf 92' lang='lat' dir='ltr'>aut</span> <span class='ocrx_word' id='word_1_112' title='bbox 676 1734 1045 1797; x_wconf 90' lang='lat' dir='ltr'>ministrare</span> <span class='ocrx_word' id='word_1_113' title='bbox 1123 1736 1642 1811; x_wconf 88' lang='lat' dir='ltr'>Sacramentum,</span> <span class='ocrx_word' id='word_1_114' title='bbox 1703 1739 1842 1800; x_wconf 90' lang='lat' dir='ltr'>Deo</span> <span class='ocrx_word' id='word_1_115' title='bbox 1891 1754 2047 1816; x_wconf 92' lang='lat' dir='ltr'>sup-</span> 
     </span>
     <span class='ocr_line' id='line_1_22' title="bbox 506 1852 2053 1930; baseline 0.004 -19"><span class='ocrx_word' id='word_1_116' title='bbox 506 1852 738 1928; x_wconf 84' lang='lat' dir='ltr'>plente</span> <span class='ocrx_word' id='word_1_117' title='bbox 791 1852 860 1914; x_wconf 90' lang='lat' dir='ltr'>id</span> <span class='ocrx_word' id='word_1_118' title='bbox 904 1853 1062 1930; x_wconf 88' lang='lat' dir='ltr'>ipsis</span> <span class='ocrx_word' id='word_1_119' title='bbox 1121 1870 1238 1930; x_wconf 91' lang='lat' dir='ltr'>per</span> <span class='ocrx_word' id='word_1_120' title='bbox 1292 1855 1682 1918; x_wconf 90' lang='lat' dir='ltr'>miraculum</span> <span class='ocrx_word' id='word_1_121' title='bbox 1715 1852 2053 1917; x_wconf 86' lang='lat' dir='ltr'>defectum</span> 
     </span>
     <span class='ocr_line' id='line_1_23' title="bbox 508 1969 2054 2043; baseline 0.004 -15"><span class='ocrx_word' id='word_1_122' title='bbox 508 1969 1119 2043; x_wconf 84' lang='lat' dir='ltr'>instrumentorum,</span> <span class='ocrx_word' id='word_1_123' title='bbox 1169 1973 1238 2031; x_wconf 89' lang='lat' dir='ltr'>et</span> <span class='ocrx_word' id='word_1_124' title='bbox 1282 1969 1501 2032; x_wconf 90' lang='lat' dir='ltr'>dando</span> <span class='ocrx_word' id='word_1_125' title='bbox 1558 1988 1792 2033; x_wconf 88' lang='lat' dir='ltr'>vocem</span> <span class='ocrx_word' id='word_1_126' title='bbox 1851 1978 1915 2034; x_wconf 92' lang='lat' dir='ltr'>et</span> <span class='ocrx_word' id='word_1_127' title='bbox 1960 1973 2054 2034; x_wconf 91' lang='lat' dir='ltr'>lo-</span> 
     </span>
     <span class='ocr_line' id='line_1_24' title="bbox 513 2085 2055 2165; baseline 0.004 -21"><span class='ocrx_word' id='word_1_128' title='bbox 513 2085 778 2162; x_wconf 90' lang='lat' dir='ltr'>quelam</span> <span class='ocrx_word' id='word_1_129' title='bbox 852 2085 1104 2164; x_wconf 85' lang='lat' dir='ltr'>absque</span> <span class='ocrx_word' id='word_1_130' title='bbox 1176 2086 1425 2165; x_wconf 87' lang='lat' dir='ltr'>lingua,</span> <span class='ocrx_word' id='word_1_131' title='bbox 1472 2092 1546 2147; x_wconf 91' lang='lat' dir='ltr'>ut</span> <span class='ocrx_word' id='word_1_132' title='bbox 1587 2086 1796 2149; x_wconf 86' lang='lat' dir='ltr'>fertur</span> <span class='ocrx_word' id='word_1_133' title='bbox 1855 2087 1937 2150; x_wconf 94' lang='lat' dir='ltr'>de</span> <span class='ocrx_word' id='word_1_134' title='bbox 1989 2089 2055 2150; x_wconf 89' lang='lat' dir='ltr'>S.</span> 
     </span>
     <span class='ocr_line' id='line_1_25' title="bbox 512 2201 2059 2283; baseline 0.003 -22"><span class='ocrx_word' id='word_1_135' title='bbox 512 2209 734 2263; x_wconf 91' lang='lat' dir='ltr'>nostro</span> <span class='ocrx_word' id='word_1_136' title='bbox 786 2201 1026 2263; x_wconf 87' lang='lat' dir='ltr'>Levino</span> <span class='ocrx_word' id='word_1_137' title='bbox 1057 2204 1085 2262; x_wconf 75' lang='lat' dir='ltr'>i·</span> <span class='ocrx_word' id='word_1_138' title='bbox 1125 2201 1231 2264; x_wconf 92' lang='lat' dir='ltr'>vel</span> <span class='ocrx_word' id='word_1_139' title='bbox 1287 2205 1478 2265; x_wconf 88' lang='lat' dir='ltr'>etiam</span> <span class='ocrx_word' id='word_1_140' title='bbox 1510 2205 1563 2265; x_wconf 92' lang='lat' dir='ltr'>si</span> <span class='ocrx_word' id='word_1_141' title='bbox 1597 2203 1916 2280; x_wconf 88' lang='lat' dir='ltr'>edentuli,</span> <span class='ocrx_word' id='word_1_142' title='bbox 1944 2205 2059 2283; x_wconf 90' lang='lat' dir='ltr'>qui</span> 
     </span>
     <span class='ocr_line' id='line_1_26' title="bbox 521 2316 2055 2399; baseline 0.002 -21"><span class='ocrx_word' id='word_1_143' title='bbox 521 2316 830 2379; x_wconf 90' lang='lat' dir='ltr'>dentibus</span> <span class='ocrx_word' id='word_1_144' title='bbox 885 2318 1200 2396; x_wconf 91' lang='lat' dir='ltr'>appositis</span> <span class='ocrx_word' id='word_1_145' title='bbox 1244 2316 1663 2381; x_wconf 88' lang='lat' dir='ltr'>artificialiter</span> <span class='ocrx_word' id='word_1_146' title='bbox 1690 2320 2055 2399; x_wconf 89' lang='lat' dir='ltr'>loquuntur</span> 
     </span>
     <span class='ocr_line' id='line_1_27' title="bbox 512 2431 2060 2513; baseline 0.003 -19"><span class='ocrx_word' id='word_1_147' title='bbox 512 2431 815 2507; x_wconf 85' lang='lat' dir='ltr'>formate,</span> <span class='ocrx_word' id='word_1_148' title='bbox 869 2434 1012 2496; x_wconf 92' lang='lat' dir='ltr'>sine</span> <span class='ocrx_word' id='word_1_149' title='bbox 1045 2437 1285 2513; x_wconf 90' lang='lat' dir='ltr'>quibus</span> <span class='ocrx_word' id='word_1_150' title='bbox 1316 2440 1536 2498; x_wconf 90' lang='lat' dir='ltr'>tamen</span> <span class='ocrx_word' id='word_1_151' title='bbox 1583 2435 1870 2499; x_wconf 88' lang='lat' dir='ltr'>formare</span> <span class='ocrx_word' id='word_1_152' title='bbox 1916 2455 2060 2499; x_wconf 91' lang='lat' dir='ltr'>ver·</span> 
     </span>
     <span class='ocr_line' id='line_1_28' title="bbox 518 2551 2057 2633; baseline 0.001 -20"><span class='ocrx_word' id='word_1_153' title='bbox 518 2552 602 2613; x_wconf 90' lang='lat' dir='ltr'>ba</span> <span class='ocrx_word' id='word_1_154' title='bbox 660 2551 1159 2633; x_wconf 86' lang='lat' dir='ltr'>intelligibiliter</span> <span class='ocrx_word' id='word_1_155' title='bbox 1186 2568 1320 2614; x_wconf 91' lang='lat' dir='ltr'>non</span> <span class='ocrx_word' id='word_1_156' title='bbox 1350 2555 1640 2631; x_wconf 88' lang='lat' dir='ltr'>possint;</span> <span class='ocrx_word' id='word_1_157' title='bbox 1690 2568 1773 2615; x_wconf 92' lang='lat' dir='ltr'>an</span> <span class='ocrx_word' id='word_1_158' title='bbox 1805 2554 1870 2615; x_wconf 87' lang='lat' dir='ltr'>hi</span> <span class='ocrx_word' id='word_1_159' title='bbox 1915 2570 2057 2633; x_wconf 90' lang='lat' dir='ltr'>pos-</span> 
     </span>
     <span class='ocr_line' id='line_1_29' title="bbox 521 2670 2060 2750; baseline 0.002 -21"><span class='ocrx_word' id='word_1_160' title='bbox 521 2670 654 2731; x_wconf 89' lang='lat' dir='ltr'>sint</span> <span class='ocrx_word' id='word_1_161' title='bbox 708 2671 1041 2747; x_wconf 88' lang='lat' dir='ltr'>baptizare</span> <span class='ocrx_word' id='word_1_162' title='bbox 1097 2673 1124 2730; x_wconf 80' lang='lat'>,⁹</span> <span class='ocrx_word' id='word_1_163' title='bbox 1181 2672 1478 2749; x_wconf 88' lang='lat' dir='ltr'>quamvis</span> <span class='ocrx_word' id='word_1_164' title='bbox 1522 2687 1656 2733; x_wconf 92' lang='lat' dir='ltr'>non</span> <span class='ocrx_word' id='word_1_165' title='bbox 1697 2672 2060 2750; x_wconf 92' lang='lat' dir='ltr'>loquuntur</span> 
     </span>
     <span class='ocr_line' id='line_1_30' title="bbox 517 2786 2061 2866; baseline 0.002 -19"><span class='ocrx_word' id='word_1_166' title='bbox 517 2802 639 2864; x_wconf 92' lang='lat' dir='ltr'>per</span> <span class='ocrx_word' id='word_1_167' title='bbox 700 2786 1207 2849; x_wconf 89' lang='lat' dir='ltr'>instrumentum</span> <span class='ocrx_word' id='word_1_168' title='bbox 1270 2787 1716 2866; x_wconf 88' lang='lat' dir='ltr'>conjunctum,</span> <span class='ocrx_word' id='word_1_169' title='bbox 1779 2786 2061 2865; x_wconf 89' lang='lat' dir='ltr'>perinde</span> 
     </span>
     <span class='ocr_line' id='line_1_31' title="bbox 520 2900 2063 2982; baseline 0 -18"><span class='ocrx_word' id='word_1_170' title='bbox 520 2905 717 2964; x_wconf 89' lang='lat' dir='ltr'>etiam</span> <span class='ocrx_word' id='word_1_171' title='bbox 805 2900 1136 2966; x_wconf 90' lang='lat' dir='ltr'>disserere</span> <span class='ocrx_word' id='word_1_172' title='bbox 1210 2903 1365 2966; x_wconf 91' lang='lat' dir='ltr'>licet</span> <span class='ocrx_word' id='word_1_173' title='bbox 1439 2903 1522 2965; x_wconf 91' lang='lat' dir='ltr'>de</span> <span class='ocrx_word' id='word_1_174' title='bbox 1594 2904 1737 2982; x_wconf 89' lang='lat' dir='ltr'>ipsa</span> <span class='ocrx_word' id='word_1_175' title='bbox 1820 2904 2063 2966; x_wconf 90' lang='lat' dir='ltr'>lotione</span> 
     </span>
     <span class='ocr_line' id='line_1_32' title="bbox 525 3018 2064 3098; baseline 0.001 -19"><span class='ocrx_word' id='word_1_176' title='bbox 525 3018 918 3095; x_wconf 89' lang='lat' dir='ltr'>baptismali,</span> <span class='ocrx_word' id='word_1_177' title='bbox 967 3019 1053 3080; x_wconf 91' lang='lat' dir='ltr'>ad</span> <span class='ocrx_word' id='word_1_178' title='bbox 1097 3034 1297 3098; x_wconf 90' lang='lat' dir='ltr'>quam</span> <span class='ocrx_word' id='word_1_179' title='bbox 1348 3020 1705 3098; x_wconf 88' lang='lat' dir='ltr'>requiritur</span> <span class='ocrx_word' id='word_1_180' title='bbox 1749 3024 1824 3082; x_wconf 92' lang='lat' dir='ltr'>ut</span> <span class='ocrx_word' id='word_1_181' title='bbox 1852 3020 2064 3081; x_wconf 91' lang='lat' dir='ltr'>solum</span> 
     </span>
     <span class='ocr_line' id='line_1_33' title="bbox 522 3133 2059 3214; baseline 0.001 -18"><span class='ocrx_word' id='word_1_182' title='bbox 522 3133 633 3197; x_wconf 90' lang='lat' dir='ltr'>fiat</span> <span class='ocrx_word' id='word_1_183' title='bbox 722 3151 844 3214; x_wconf 91' lang='lat' dir='ltr'>per</span> <span class='ocrx_word' id='word_1_184' title='bbox 931 3134 1322 3211; x_wconf 90' lang='lat' dir='ltr'>ministrum,</span> <span class='ocrx_word' id='word_1_185' title='bbox 1399 3139 1536 3200; x_wconf 88' lang='lat' dir='ltr'>sive</span> <span class='ocrx_word' id='word_1_186' title='bbox 1624 3151 1745 3214; x_wconf 90' lang='lat' dir='ltr'>per</span> <span class='ocrx_word' id='word_1_187' title='bbox 1822 3138 2059 3199; x_wconf 86' lang='lat' dir='ltr'>instru-</span> 
     </span>
     <span class='ocr_line' id='line_1_34' title="bbox 521 3254 2062 3334; baseline 0.001 -21"><span class='ocrx_word' id='word_1_188' title='bbox 521 3257 821 3314; x_wconf 89' lang='lat' dir='ltr'>mentum</span> <span class='ocrx_word' id='word_1_189' title='bbox 905 3254 1357 3334; x_wconf 85' lang='lat' dir='ltr'>conjunctum,</span> <span class='ocrx_word' id='word_1_190' title='bbox 1450 3255 1584 3316; x_wconf 91' lang='lat' dir='ltr'>sive</span> <span class='ocrx_word' id='word_1_191' title='bbox 1658 3258 2062 3333; x_wconf 91' lang='lat' dir='ltr'>separatum,</span> 
     </span>
     <span class='ocr_line' id='line_1_35' title="bbox 527 3369 2069 3448; baseline -0.001 -16"><span class='ocrx_word' id='word_1_192' title='bbox 527 3374 850 3448; x_wconf 88' lang='lat' dir='ltr'>quantum</span> <span class='ocrx_word' id='word_1_193' title='bbox 961 3369 1045 3431; x_wconf 92' lang='lat' dir='ltr'>ad</span> <span class='ocrx_word' id='word_1_194' title='bbox 1156 3369 1562 3433; x_wconf 86' lang='lat' dir='ltr'>functionem</span> <span class='ocrx_word' id='word_1_195' title='bbox 1652 3370 1844 3445; x_wconf 85' lang='lat' dir='ltr'>vitae;</span> <span class='ocrx_word' id='word_1_196' title='bbox 1945 3372 2069 3433; x_wconf 91' lang='lat' dir='ltr'>hoc</span> 
     </span>
     <span class='ocr_line' id='line_1_36' title="bbox 525 3489 1517 3567; baseline 0 -18"><span class='ocrx_word' id='word_1_197' title='bbox 525 3489 702 3549; x_wconf 88' lang='lat' dir='ltr'>enim</span> <span class='ocrx_word' id='word_1_198' title='bbox 793 3503 927 3549; x_wconf 91' lang='lat' dir='ltr'>non</span> <span class='ocrx_word' id='word_1_199' title='bbox 999 3489 1374 3567; x_wconf 86' lang='lat' dir='ltr'>requiritur,</span> <span class='ocrx_word' id='word_1_200' title='bbox 1441 3495 1517 3550; x_wconf 90' lang='lat' dir='ltr'>ut</span> 
     </span>
     <span class='ocr_line' id='line_1_37' title="bbox 531 3604 2068 3686; baseline 0.001 -20"><span class='ocrx_word' id='word_1_201' title='bbox 531 3609 633 3667; x_wconf 91' lang='lat' dir='ltr'>tur</span> <span class='ocrx_word' id='word_1_202' title='bbox 724 3604 1021 3667; x_wconf 88' lang='lat' dir='ltr'>ministro</span> <span class='ocrx_word' id='word_1_203' title='bbox 1119 3607 1186 3666; x_wconf 90' lang='lat' dir='ltr'>in</span> <span class='ocrx_word' id='word_1_204' title='bbox 1280 3608 1526 3686; x_wconf 87' lang='lat' dir='ltr'>rigore,</span> <span class='ocrx_word' id='word_1_205' title='bbox 1614 3606 1904 3685; x_wconf 88' lang='lat' dir='ltr'>alioquin</span> <span class='ocrx_word' id='word_1_206' title='bbox 2004 3606 2068 3667; x_wconf 88' lang='lat' dir='ltr'>in</span> 
     </span>
     <span class='ocr_line' id='line_1_38' title="bbox 523 3719 2069 3797; baseline 0.003 -14"><span class='ocrx_word' id='word_1_207' title='bbox 523 3719 971 3785; x_wconf 88' lang='lat' dir='ltr'>artificialibus</span> <span class='ocrx_word' id='word_1_208' title='bbox 1046 3729 1112 3786; x_wconf 89' lang='lat' dir='ltr'>et</span> <span class='ocrx_word' id='word_1_209' title='bbox 1178 3723 1537 3786; x_wconf 88' lang='lat' dir='ltr'>moralibus</span> <span class='ocrx_word' id='word_1_210' title='bbox 1601 3723 1798 3786; x_wconf 90' lang='lat' dir='ltr'>multa</span> <span class='ocrx_word' id='word_1_211' title='bbox 1877 3722 2069 3797; x_wconf 89' lang='lat' dir='ltr'>fiunt,</span> 
     </span>
     <span class='ocr_line' id='line_1_39' title="bbox 527 3840 2073 3920; baseline 0 -18"><span class='ocrx_word' id='word_1_212' title='bbox 527 3857 668 3920; x_wconf 85' lang='lat' dir='ltr'>quae</span> <span class='ocrx_word' id='word_1_213' title='bbox 712 3854 845 3901; x_wconf 91' lang='lat' dir='ltr'>non</span> <span class='ocrx_word' id='word_1_214' title='bbox 896 3855 1019 3918; x_wconf 89' lang='lat' dir='ltr'>per</span> <span class='ocrx_word' id='word_1_215' title='bbox 1070 3840 1583 3902; x_wconf 90' lang='lat' dir='ltr'>instrumentum</span> <span class='ocrx_word' id='word_1_216' title='bbox 1641 3841 2073 3920; x_wconf 87' lang='lat' dir='ltr'>conjunctum</span> 
     </span>
     <span class='ocr_line' id='line_1_40' title="bbox 527 3956 2071 4037; baseline -0.002 -15"><span class='ocrx_word' id='word_1_217' title='bbox 527 3960 712 4034; x_wconf 88' lang='lat' dir='ltr'>fiunt,</span> <span class='ocrx_word' id='word_1_218' title='bbox 766 3959 1063 4037; x_wconf 88' lang='lat' dir='ltr'>quamvis</span> <span class='ocrx_word' id='word_1_219' title='bbox 1126 3956 1354 4019; x_wconf 87' lang='lat' dir='ltr'>artifici</span> <span class='ocrx_word' id='word_1_220' title='bbox 1410 3966 1522 4021; x_wconf 87' lang='lat' dir='ltr'>aut</span> <span class='ocrx_word' id='word_1_221' title='bbox 1592 3958 1780 4020; x_wconf 90' lang='lat' dir='ltr'>alteri</span> <span class='ocrx_word' id='word_1_222' title='bbox 1853 3974 2071 4022; x_wconf 84' lang='lat' dir='ltr'>causae</span> 
     </span>
     <span class='ocr_line' id='line_1_41' title="bbox 533 4074 2069 4154; baseline -0.002 -15"><span class='ocrx_word' id='word_1_223' title='bbox 533 4077 763 4139; x_wconf 90' lang='lat' dir='ltr'>morali</span> <span class='ocrx_word' id='word_1_224' title='bbox 810 4076 1199 4149; x_wconf 90' lang='lat' dir='ltr'>tribuantur,</span> <span class='ocrx_word' id='word_1_225' title='bbox 1251 4074 1399 4154; x_wconf 89' lang='lat' dir='ltr'>quia</span> <span class='ocrx_word' id='word_1_226' title='bbox 1458 4075 1619 4136; x_wconf 90' lang='lat' dir='ltr'>alias</span> <span class='ocrx_word' id='word_1_227' title='bbox 1665 4075 1863 4136; x_wconf 91' lang='lat' dir='ltr'>etiam</span> <span class='ocrx_word' id='word_1_228' title='bbox 1915 4076 2069 4136; x_wconf 91' lang='lat' dir='ltr'>lice-</span> 
     </span>
     <span class='ocr_line' id='line_1_42' title="bbox 530 4191 2075 4269; baseline -0.003 -12"><span class='ocrx_word' id='word_1_229' title='bbox 530 4202 633 4257; x_wconf 90' lang='lat' dir='ltr'>ret</span> <span class='ocrx_word' id='word_1_230' title='bbox 675 4193 915 4257; x_wconf 91' lang='lat' dir='ltr'>eodem</span> <span class='ocrx_word' id='word_1_231' title='bbox 970 4191 1169 4254; x_wconf 90' lang='lat' dir='ltr'>modo</span> <span class='ocrx_word' id='word_1_232' title='bbox 1222 4193 1637 4269; x_wconf 88' lang='lat' dir='ltr'>interpretari</span> <span class='ocrx_word' id='word_1_233' title='bbox 1681 4209 1814 4253; x_wconf 93' lang='lat' dir='ltr'>non</span> <span class='ocrx_word' id='word_1_234' title='bbox 1863 4192 2075 4255; x_wconf 85' lang='lat' dir='ltr'>valide</span> 
     </span>
     <span class='ocr_line' id='line_1_43' title="bbox 534 4310 2081 4392; baseline -0.003 -16"><span class='ocrx_word' id='word_1_235' title='bbox 534 4313 864 4392; x_wconf 90' lang='lat' dir='ltr'>baptizare</span> <span class='ocrx_word' id='word_1_236' title='bbox 917 4327 1094 4385; x_wconf 90' lang='lat' dir='ltr'>eum,</span> <span class='ocrx_word' id='word_1_237' title='bbox 1126 4313 1236 4389; x_wconf 92' lang='lat' dir='ltr'>qui</span> <span class='ocrx_word' id='word_1_238' title='bbox 1282 4327 1415 4373; x_wconf 91' lang='lat' dir='ltr'>non</span> <span class='ocrx_word' id='word_1_239' title='bbox 1457 4311 1663 4372; x_wconf 90' lang='lat' dir='ltr'>utitur</span> <span class='ocrx_word' id='word_1_240' title='bbox 1686 4310 2081 4372; x_wconf 91' lang='lat' dir='ltr'>instrumen-</span> 
     </span>
     <span class='ocr_line' id='line_1_44' title="bbox 541 4427 2080 4509; baseline -0.001 -18"><span class='ocrx_word' id='word_1_241' title='bbox 541 4437 602 4492; x_wconf 89' lang='lat' dir='ltr'>to</span> <span class='ocrx_word' id='word_1_242' title='bbox 689 4430 1045 4509; x_wconf 88' lang='lat' dir='ltr'>conjuncto</span> <span class='ocrx_word' id='word_1_243' title='bbox 1122 4433 1187 4490; x_wconf 88' lang='lat' dir='ltr'>et</span> <span class='ocrx_word' id='word_1_244' title='bbox 1251 4429 1679 4501; x_wconf 90' lang='lat' dir='ltr'>connaturali,</span> <span class='ocrx_word' id='word_1_245' title='bbox 1744 4429 1924 4508; x_wconf 91' lang='lat' dir='ltr'>quod</span> <span class='ocrx_word' id='word_1_246' title='bbox 1996 4427 2080 4490; x_wconf 93' lang='lat' dir='ltr'>ad</span> 
     </span>
    </p>
   </div>
   <div class='ocr_carea' id='block_1_9' title="bbox 194 4544 2083 4690">
    <p class='ocr_par' dir='ltr' id='par_1_11' title="bbox 194 4544 2083 4690">
     <span class='ocr_line' id='line_1_45' title="bbox 194 4544 2083 4630; baseline -0.004 -16"><span class='ocrx_word' id='word_1_247' title='bbox 194 4577 345 4630; x_wconf 76' lang='lat' dir='ltr'>Varii</span> <span class='ocrx_word' id='word_1_248' title='bbox 372 4576 514 4626; x_wconf 84' lang='lat' dir='ltr'>modi</span> <span class='ocrx_word' id='word_1_249' title='bbox 541 4546 873 4627; x_wconf 87' lang='lat' dir='ltr'>ejusmodi</span> <span class='ocrx_word' id='word_1_250' title='bbox 919 4545 1250 4609; x_wconf 87' lang='lat' dir='ltr'>actionem</span> <span class='ocrx_word' id='word_1_251' title='bbox 1295 4545 1731 4607; x_wconf 91' lang='lat' dir='ltr'>communiter</span> <span class='ocrx_word' id='word_1_252' title='bbox 1774 4544 2083 4621; x_wconf 89' lang='lat' dir='ltr'>deservit,</span> 
     </span>
     <span class='ocr_line' id='line_1_46' title="bbox 211 4638 466 4690; baseline 0 0"><span class='ocrx_word' id='word_1_253' title='bbox 211 4638 466 4690; x_wconf 85' lang='lat' dir='ltr'>abluendi.</span> 
     </span>
    </p>
   </div>
   <div class='ocr_carea' id='block_1_10' title="bbox 537 4660 2089 5686">
    <p class='ocr_par' dir='ltr' id='par_1_12' title="bbox 537 4660 2089 5686">
     <span class='ocr_line' id='line_1_47' title="bbox 537 4660 2085 4742; baseline -0.001 -17"><span class='ocrx_word' id='word_1_254' title='bbox 537 4662 722 4725; x_wconf 90' lang='lat' dir='ltr'>verbi</span> <span class='ocrx_word' id='word_1_255' title='bbox 770 4663 1000 4742; x_wconf 87' lang='lat' dir='ltr'>gratia,</span> <span class='ocrx_word' id='word_1_256' title='bbox 1047 4661 1353 4725; x_wconf 90' lang='lat' dir='ltr'>manibus</span> <span class='ocrx_word' id='word_1_257' title='bbox 1384 4660 1469 4723; x_wconf 91' lang='lat' dir='ltr'>ad</span> <span class='ocrx_word' id='word_1_258' title='bbox 1499 4661 1811 4724; x_wconf 90' lang='lat' dir='ltr'>lotionem</span> <span class='ocrx_word' id='word_1_259' title='bbox 1842 4662 2085 4738; x_wconf 87' lang='lat' dir='ltr'>baptis·</span> 
     </span>
     <span class='ocr_line' id='line_1_48' title="bbox 545 4776 2080 4861; baseline -0.003 -17"><span class='ocrx_word' id='word_1_260' title='bbox 545 4782 826 4851; x_wconf 91' lang='lat' dir='ltr'>malem;</span> <span class='ocrx_word' id='word_1_261' title='bbox 877 4779 1037 4860; x_wconf 90' lang='lat' dir='ltr'>quid</span> <span class='ocrx_word' id='word_1_262' title='bbox 1097 4796 1255 4861; x_wconf 92' lang='lat' dir='ltr'>ergo</span> <span class='ocrx_word' id='word_1_263' title='bbox 1311 4779 1421 4842; x_wconf 91' lang='lat' dir='ltr'>ille</span> <span class='ocrx_word' id='word_1_264' title='bbox 1467 4781 1579 4857; x_wconf 91' lang='lat' dir='ltr'>qui</span> <span class='ocrx_word' id='word_1_265' title='bbox 1622 4776 1906 4855; x_wconf 87' lang='lat' dir='ltr'>pedibus</span> <span class='ocrx_word' id='word_1_266' title='bbox 1960 4779 2080 4840; x_wconf 84' lang='lat' dir='ltr'>tin-</span> 
     </span>
     <span class='ocr_line' id='line_1_49' title="bbox 540 4894 2086 4983; baseline -0.003 -20"><span class='ocrx_word' id='word_1_267' title='bbox 540 4917 701 4983; x_wconf 87' lang='lat' dir='ltr'>gere</span> <span class='ocrx_word' id='word_1_268' title='bbox 745 4905 964 4979; x_wconf 89' lang='lat' dir='ltr'>potest</span> <span class='ocrx_word' id='word_1_269' title='bbox 1004 4895 1495 4976; x_wconf 88' lang='lat' dir='ltr'>baptizandum,</span> <span class='ocrx_word' id='word_1_270' title='bbox 1541 4894 1646 4958; x_wconf 92' lang='lat' dir='ltr'>vel</span> <span class='ocrx_word' id='word_1_271' title='bbox 1679 4909 1910 4958; x_wconf 91' lang='lat' dir='ltr'>carens</span> <span class='ocrx_word' id='word_1_272' title='bbox 1953 4913 2086 4958; x_wconf 91' lang='lat' dir='ltr'>ma·</span> 
     </span>
     <span class='ocr_line' id='line_1_50' title="bbox 540 5014 2084 5096; baseline -0.005 -13"><span class='ocrx_word' id='word_1_273' title='bbox 540 5021 762 5094; x_wconf 85' lang='lat' dir='ltr'>nibuS,</span> <span class='ocrx_word' id='word_1_274' title='bbox 824 5023 891 5081; x_wconf 93' lang='lat' dir='ltr'>et</span> <span class='ocrx_word' id='word_1_275' title='bbox 936 5014 1289 5096; x_wconf 86' lang='lat' dir='ltr'>jaculando</span> <span class='ocrx_word' id='word_1_276' title='bbox 1360 5014 1701 5077; x_wconf 89' lang='lat' dir='ltr'>sorbillum</span> <span class='ocrx_word' id='word_1_277' title='bbox 1758 5028 1945 5091; x_wconf 79' lang='lat' dir='ltr'>aquae</span> <span class='ocrx_word' id='word_1_278' title='bbox 2018 5016 2084 5075; x_wconf 92' lang='lat' dir='ltr'>in</span> 
     </span>
     <span class='ocr_line' id='line_1_51' title="bbox 542 5128 2086 5215; baseline -0.004 -20"><span class='ocrx_word' id='word_1_279' title='bbox 542 5133 919 5215; x_wconf 88' lang='lat' dir='ltr'>subjectum</span> <span class='ocrx_word' id='word_1_280' title='bbox 990 5130 1333 5204; x_wconf 89' lang='lat' dir='ltr'>infantem,</span> <span class='ocrx_word' id='word_1_281' title='bbox 1402 5128 1670 5209; x_wconf 91' lang='lat' dir='ltr'>quando</span> <span class='ocrx_word' id='word_1_282' title='bbox 1715 5128 1910 5189; x_wconf 88' lang='lat' dir='ltr'>aliter</span> <span class='ocrx_word' id='word_1_283' title='bbox 1949 5143 2086 5190; x_wconf 89' lang='lat' dir='ltr'>non</span> 
     </span>
     <span class='ocr_line' id='line_1_52' title="bbox 540 5245 2088 5333; baseline -0.007 -18"><span class='ocrx_word' id='word_1_284' title='bbox 540 5256 784 5333; x_wconf 88' lang='lat' dir='ltr'>potest,</span> <span class='ocrx_word' id='word_1_285' title='bbox 831 5253 903 5312; x_wconf 90' lang='lat' dir='ltr'>ut</span> <span class='ocrx_word' id='word_1_286' title='bbox 948 5250 1058 5328; x_wconf 91' lang='lat' dir='ltr'>qui</span> <span class='ocrx_word' id='word_1_287' title='bbox 1102 5247 1412 5310; x_wconf 85' lang='lat' dir='ltr'>membris</span> <span class='ocrx_word' id='word_1_288' title='bbox 1482 5245 1921 5309; x_wconf 85' lang='lat' dir='ltr'>exterioribus</span> <span class='ocrx_word' id='word_1_289' title='bbox 1969 5260 2088 5305; x_wconf 89' lang='lat' dir='ltr'>ca·-</span> 
     </span>
     <span class='ocr_line' id='line_1_53' title="bbox 540 5363 2083 5447; baseline -0.008 -13"><span class='ocrx_word' id='word_1_290' title='bbox 540 5376 664 5447; x_wconf 89' lang='lat' dir='ltr'>ret,</span> <span class='ocrx_word' id='word_1_291' title='bbox 695 5368 803 5431; x_wconf 90' lang='lat' dir='ltr'>vel</span> <span class='ocrx_word' id='word_1_292' title='bbox 858 5368 925 5430; x_wconf 90' lang='lat' dir='ltr'>in</span> <span class='ocrx_word' id='word_1_293' title='bbox 966 5383 1064 5439; x_wconf 92' lang='lat' dir='ltr'>re,</span> <span class='ocrx_word' id='word_1_294' title='bbox 1109 5366 1213 5427; x_wconf 88' lang='lat' dir='ltr'>vel</span> <span class='ocrx_word' id='word_1_295' title='bbox 1243 5363 1329 5427; x_wconf 91' lang='lat' dir='ltr'>ad</span> <span class='ocrx_word' id='word_1_296' title='bbox 1370 5363 1805 5438; x_wconf 88' lang='lat' dir='ltr'>functionem,</span> <span class='ocrx_word' id='word_1_297' title='bbox 1850 5367 2083 5437; x_wconf 90' lang='lat' dir='ltr'>utpote</span> 
     </span>
     <span class='ocr_line' id='line_1_54' title="bbox 542 5482 2089 5560; baseline -0.008 -9"><span class='ocrx_word' id='word_1_298' title='bbox 542 5488 764 5560; x_wconf 90' lang='lat' dir='ltr'>aridis,</span> <span class='ocrx_word' id='word_1_299' title='bbox 809 5483 915 5550; x_wconf 91' lang='lat' dir='ltr'>vel</span> <span class='ocrx_word' id='word_1_300' title='bbox 971 5487 1169 5547; x_wconf 87' lang='lat' dir='ltr'>etiam</span> <span class='ocrx_word' id='word_1_301' title='bbox 1211 5486 1266 5544; x_wconf 93' lang='lat' dir='ltr'>si</span> <span class='ocrx_word' id='word_1_302' title='bbox 1324 5486 1460 5544; x_wconf 90' lang='lat' dir='ltr'>toto</span> <span class='ocrx_word' id='word_1_303' title='bbox 1520 5495 1796 5559; x_wconf 88' lang='lat' dir='ltr'>corpore</span> <span class='ocrx_word' id='word_1_304' title='bbox 1864 5482 2089 5540; x_wconf 88' lang='lat' dir='ltr'>utatur</span> 
     </span>
     <span class='ocr_line' id='line_1_55' title="bbox 542 5599 2083 5686; baseline -0.008 -17"><span class='ocrx_word' id='word_1_305' title='bbox 542 5602 976 5686; x_wconf 89' lang='lat' dir='ltr'>propellendo</span> <span class='ocrx_word' id='word_1_306' title='bbox 1048 5601 1513 5680; x_wconf 87' lang='lat' dir='ltr'>baptizandum</span> <span class='ocrx_word' id='word_1_307' title='bbox 1569 5600 1637 5661; x_wconf 89' lang='lat' dir='ltr'>in</span> <span class='ocrx_word' id='word_1_308' title='bbox 1707 5610 1949 5675; x_wconf 90' lang='lat' dir='ltr'>aquam</span> <span class='ocrx_word' id='word_1_309' title='bbox 2019 5599 2083 5656; x_wconf 88' lang='lat' dir='ltr'>et</span> 
     </span>
    </p>
   </div>
   <div class='ocr_carea' id='block_1_11' title="bbox 1600 3487 2105 3582">
    <p class='ocr_par' dir='ltr' id='par_1_13' title="bbox 1600 3487 2105 3582">
     <span class='ocr_line' id='line_1_56' title="bbox 1600 3487 2105 3582; baseline -0.004 -33"><span class='ocrx_word' id='word_1_310' title='bbox 1600 3488 1767 3550; x_wconf 77' lang='lat' dir='ltr'>actio</span> <span class='ocrx_word' id='word_1_311' title='bbox 1831 3487 2069 3551; x_wconf 87' lang='lat' dir='ltr'>tribua·</span> <span class='ocrx_word' id='word_1_312' title='bbox 2100 3577 2105 3582; x_wconf 21' lang='grc'>1</span> 
     </span>
    </p>
   </div>
   <div class='ocr_carea' id='block_1_12' title="bbox 2164 1612 3740 5660">
    <p class='ocr_par' dir='ltr' id='par_1_14' title="bbox 2164 1612 3731 3924">
     <span class='ocr_line' id='line_1_57' title="bbox 2164 1612 3713 1702; baseline -0.005 -16"><span class='ocrx_word' id='word_1_313' title='bbox 2164 1629 2398 1702; x_wconf 92' lang='lat' dir='ltr'>petere</span> <span class='ocrx_word' id='word_1_314' title='bbox 2452 1622 2705 1702; x_wconf 80' lang='lat' dir='ltr'>Angelo</span> <span class='ocrx_word' id='word_1_315' title='bbox 2750 1624 2814 1683; x_wconf 88' lang='lat' dir='ltr'>tn</span> <span class='ocrx_word' id='word_1_316' title='bbox 2862 1636 3130 1698; x_wconf 88' lang='lat' dir='ltr'>corpore</span> <span class='ocrx_word' id='word_1_317' title='bbox 3175 1612 3540 1698; x_wconf 89' lang='lat' dir='ltr'>assumpt0,</span> <span class='ocrx_word' id='word_1_318' title='bbox 3573 1619 3713 1680; x_wconf 91' lang='lat' dir='ltr'>sive</span> 
     </span>
     <span class='ocr_line' id='line_1_58' title="bbox 2167 1734 3711 1818; baseline -0.004 -18"><span class='ocrx_word' id='word_1_319' title='bbox 2167 1738 2252 1800; x_wconf 91' lang='lat' dir='ltr'>de</span> <span class='ocrx_word' id='word_1_320' title='bbox 2312 1737 2464 1818; x_wconf 89' lang='lat' dir='ltr'>lege</span> <span class='ocrx_word' id='word_1_321' title='bbox 2522 1736 2874 1811; x_wconf 89' lang='lat' dir='ltr'>ordinaria,</span> <span class='ocrx_word' id='word_1_322' title='bbox 2952 1737 3088 1799; x_wconf 86' lang='lat' dir='ltr'>sive</span> <span class='ocrx_word' id='word_1_323' title='bbox 3161 1734 3711 1806; x_wconf 77' lang='lat' dir='ltr'>extraordinaria3</span> 
     </span>
     <span class='ocr_line' id='line_1_59' title="bbox 2164 1852 3714 1932; baseline -0.004 -15"><span class='ocrx_word' id='word_1_324' title='bbox 2164 1854 2535 1917; x_wconf 91' lang='lat' dir='ltr'>secundum</span> <span class='ocrx_word' id='word_1_325' title='bbox 2620 1858 2721 1916; x_wconf 90' lang='lat' dir='ltr'>est</span> <span class='ocrx_word' id='word_1_326' title='bbox 2805 1853 3069 1926; x_wconf 87' lang='lat' dir='ltr'>falsum,</span> <span class='ocrx_word' id='word_1_327' title='bbox 3146 1855 3432 1932; x_wconf 91' lang='lat' dir='ltr'>primum</span> <span class='ocrx_word' id='word_1_328' title='bbox 3515 1852 3714 1914; x_wconf 89' lang='lat' dir='ltr'>etiam</span> 
     </span>
     <span class='ocr_line' id='line_1_60' title="bbox 2166 1966 3705 2048; baseline -0.005 -15"><span class='ocrx_word' id='word_1_329' title='bbox 2166 1985 2298 2036; x_wconf 91' lang='lat' dir='ltr'>non</span> <span class='ocrx_word' id='word_1_330' title='bbox 2340 1970 2559 2033; x_wconf 92' lang='lat' dir='ltr'>reddit</span> <span class='ocrx_word' id='word_1_331' title='bbox 2588 1986 2813 2032; x_wconf 87' lang='lat' dir='ltr'>veram</span> <span class='ocrx_word' id='word_1_332' title='bbox 2858 1986 3154 2043; x_wconf 91' lang='lat' dir='ltr'>causam,</span> <span class='ocrx_word' id='word_1_333' title='bbox 3198 1983 3349 2048; x_wconf 87' lang='lat' dir='ltr'>quae</span> <span class='ocrx_word' id='word_1_334' title='bbox 3422 1973 3525 2030; x_wconf 87' lang='lat' dir='ltr'>est</span> <span class='ocrx_word' id='word_1_335' title='bbox 3566 1966 3705 2029; x_wconf 87' lang='lat' dir='ltr'>sola</span> 
     </span>
     <span class='ocr_line' id='line_1_61' title="bbox 2167 2083 3715 2161; baseline -0.003 -15"><span class='ocrx_word' id='word_1_336' title='bbox 2167 2087 2274 2148; x_wconf 86' lang='lat' dir='ltr'>lex</span> <span class='ocrx_word' id='word_1_337' title='bbox 2335 2084 2548 2148; x_wconf 85' lang='lat' dir='ltr'>divina</span> <span class='ocrx_word' id='word_1_338' title='bbox 2603 2089 2966 2149; x_wconf 86' lang='lat' dir='ltr'>communis</span> <span class='ocrx_word' id='word_1_339' title='bbox 3026 2090 3093 2147; x_wconf 92' lang='lat' dir='ltr'>et</span> <span class='ocrx_word' id='word_1_340' title='bbox 3147 2084 3504 2157; x_wconf 89' lang='lat' dir='ltr'>ordinaria,</span> <span class='ocrx_word' id='word_1_341' title='bbox 3565 2083 3715 2161; x_wconf 91' lang='lat' dir='ltr'>quia</span> 
     </span>
     <span class='ocr_line' id='line_1_62' title="bbox 2168 2203 3719 2283; baseline 0.001 -19"><span class='ocrx_word' id='word_1_342' title='bbox 2168 2205 2294 2266; x_wconf 91' lang='lat' dir='ltr'>hoc</span> <span class='ocrx_word' id='word_1_343' title='bbox 2354 2203 2742 2283; x_wconf 85' lang='lat' dir='ltr'>mysterium</span> <span class='ocrx_word' id='word_1_344' title='bbox 2806 2204 2961 2264; x_wconf 90' lang='lat' dir='ltr'>solis</span> <span class='ocrx_word' id='word_1_345' title='bbox 3017 2203 3395 2265; x_wconf 87' lang='lat' dir='ltr'>hominibus</span> <span class='ocrx_word' id='word_1_346' title='bbox 3459 2204 3719 2265; x_wconf 90' lang='lat' dir='ltr'>viatori-</span> 
     </span>
     <span class='ocr_line' id='line_1_63' title="bbox 2169 2321 3717 2399; baseline -0.001 -15"><span class='ocrx_word' id='word_1_347' title='bbox 2169 2324 2295 2384; x_wconf 91' lang='lat' dir='ltr'>bus</span> <span class='ocrx_word' id='word_1_348' title='bbox 2354 2323 2732 2395; x_wconf 89' lang='lat' dir='ltr'>reservavit,</span> <span class='ocrx_word' id='word_1_349' title='bbox 2787 2322 2898 2399; x_wconf 91' lang='lat' dir='ltr'>qui</span> <span class='ocrx_word' id='word_1_350' title='bbox 2958 2321 3149 2384; x_wconf 88' lang='lat' dir='ltr'>aliter</span> <span class='ocrx_word' id='word_1_351' title='bbox 3192 2326 3538 2399; x_wconf 91' lang='lat' dir='ltr'>nequeunt</span> <span class='ocrx_word' id='word_1_352' title='bbox 3595 2322 3717 2382; x_wconf 89' lang='lat' dir='ltr'>mi-</span> 
     </span>
     <span class='ocr_line' id='line_1_64' title="bbox 2171 2435 3710 2515; baseline 0 -16"><span class='ocrx_word' id='word_1_353' title='bbox 2171 2440 2447 2501; x_wconf 88' lang='lat' dir='ltr'>nistrare</span> <span class='ocrx_word' id='word_1_354' title='bbox 2503 2439 3036 2511; x_wconf 88' lang='lat' dir='ltr'>Sacramentum;</span> <span class='ocrx_word' id='word_1_355' title='bbox 3086 2435 3266 2515; x_wconf 92' lang='lat' dir='ltr'>quod</span> <span class='ocrx_word' id='word_1_356' title='bbox 3309 2438 3364 2498; x_wconf 91' lang='lat' dir='ltr'>si</span> <span class='ocrx_word' id='word_1_357' title='bbox 3435 2439 3710 2515; x_wconf 90' lang='lat' dir='ltr'>possint,</span> 
     </span>
     <span class='ocr_line' id='line_1_65' title="bbox 2169 2551 3713 2634; baseline -0.001 -17"><span class='ocrx_word' id='word_1_358' title='bbox 2169 2553 2600 2634; x_wconf 90' lang='lat' dir='ltr'>proculdubio</span> <span class='ocrx_word' id='word_1_359' title='bbox 2630 2554 3126 2615; x_wconf 87' lang='lat' dir='ltr'>Sacramentum</span> <span class='ocrx_word' id='word_1_360' title='bbox 3180 2551 3351 2614; x_wconf 85' lang='lat' dir='ltr'>foret</span> <span class='ocrx_word' id='word_1_361' title='bbox 3388 2552 3713 2629; x_wconf 90' lang='lat' dir='ltr'>validum,</span> 
     </span>
     <span class='ocr_line' id='line_1_66' title="bbox 2174 2671 3712 2751; baseline -0.003 -15"><span class='ocrx_word' id='word_1_362' title='bbox 2174 2673 2422 2737; x_wconf 88' lang='lat' dir='ltr'>salvata</span> <span class='ocrx_word' id='word_1_363' title='bbox 2487 2672 2878 2751; x_wconf 76' lang='lat' dir='ltr'>intelligibili</span> <span class='ocrx_word' id='word_1_364' title='bbox 2936 2676 3000 2733; x_wconf 91' lang='lat' dir='ltr'>et</span> <span class='ocrx_word' id='word_1_365' title='bbox 3052 2671 3342 2733; x_wconf 91' lang='lat' dir='ltr'>sensibili</span> <span class='ocrx_word' id='word_1_366' title='bbox 3396 2672 3712 2750; x_wconf 90' lang='lat' dir='ltr'>prolatio-</span> 
     </span>
     <span class='ocr_line' id='line_1_67' title="bbox 2171 2787 3723 2867; baseline -0.003 -13"><span class='ocrx_word' id='word_1_367' title='bbox 2171 2807 2257 2854; x_wconf 91' lang='lat' dir='ltr'>ne</span> <span class='ocrx_word' id='word_1_368' title='bbox 2313 2788 2559 2863; x_wconf 82' lang='lat' dir='ltr'>formae,</span> <span class='ocrx_word' id='word_1_369' title='bbox 2623 2794 2690 2850; x_wconf 91' lang='lat' dir='ltr'>et</span> <span class='ocrx_word' id='word_1_370' title='bbox 2741 2790 3011 2862; x_wconf 90' lang='lat' dir='ltr'>lotione,</span> <span class='ocrx_word' id='word_1_371' title='bbox 3068 2803 3213 2866; x_wconf 81' lang='lat' dir='ltr'>quae</span> <span class='ocrx_word' id='word_1_372' title='bbox 3260 2787 3340 2849; x_wconf 91' lang='lat' dir='ltr'>ab</span> <span class='ocrx_word' id='word_1_373' title='bbox 3375 2787 3533 2865; x_wconf 91' lang='lat' dir='ltr'>ipsis</span> <span class='ocrx_word' id='word_1_374' title='bbox 3576 2805 3723 2867; x_wconf 89' lang='lat' dir='ltr'>pro·</span> 
     </span>
     <span class='ocr_line' id='line_1_68' title="bbox 2177 2902 3721 2986; baseline -0.003 -16"><span class='ocrx_word' id='word_1_375' title='bbox 2177 2907 2465 2980; x_wconf 89' lang='lat' dir='ltr'>cederet,</span> <span class='ocrx_word' id='word_1_376' title='bbox 2532 2908 2682 2986; x_wconf 89' lang='lat' dir='ltr'>quia</span> <span class='ocrx_word' id='word_1_377' title='bbox 2730 2907 2854 2967; x_wconf 87' lang='lat' dir='ltr'>hoc</span> <span class='ocrx_word' id='word_1_378' title='bbox 2918 2905 3073 2967; x_wconf 88' lang='lat' dir='ltr'>satis</span> <span class='ocrx_word' id='word_1_379' title='bbox 3138 2907 3339 2979; x_wconf 91' lang='lat' dir='ltr'>esset,</span> <span class='ocrx_word' id='word_1_380' title='bbox 3390 2906 3472 2965; x_wconf 85' lang='lat' dir='ltr'>ut&#39;</span> <span class='ocrx_word' id='word_1_381' title='bbox 3517 2902 3721 2966; x_wconf 80' lang='lat' dir='ltr'>forma</span> 
     </span>
     <span class='ocr_line' id='line_1_69' title="bbox 2179 3019 3714 3097; baseline -0.003 -8"><span class='ocrx_word' id='word_1_382' title='bbox 2179 3026 2525 3089; x_wconf 88' lang='lat' dir='ltr'>denotaret</span> <span class='ocrx_word' id='word_1_383' title='bbox 2598 3025 2941 3097; x_wconf 90' lang='lat' dir='ltr'>lotionem,</span> <span class='ocrx_word' id='word_1_384' title='bbox 3001 3028 3074 3084; x_wconf 87' lang='lat' dir='ltr'>ut</span> <span class='ocrx_word' id='word_1_385' title='bbox 3130 3038 3169 3083; x_wconf 91' lang='lat' dir='ltr'>a</span> <span class='ocrx_word' id='word_1_386' title='bbox 3237 3022 3527 3083; x_wconf 84' lang='lat' dir='ltr'>ministro</span> <span class='ocrx_word' id='word_1_387' title='bbox 3586 3019 3714 3084; x_wconf 84' lang='lat' dir='ltr'>fac-</span> 
     </span>
     <span class='ocr_line' id='line_1_70' title="bbox 2175 3138 3717 3221; baseline -0.006 -17"><span class='ocrx_word' id='word_1_388' title='bbox 2175 3146 2330 3216; x_wconf 89' lang='lat' dir='ltr'>tam,</span> <span class='ocrx_word' id='word_1_389' title='bbox 2379 3139 2558 3221; x_wconf 89' lang='lat' dir='ltr'>quod</span> <span class='ocrx_word' id='word_1_390' title='bbox 2604 3140 2818 3204; x_wconf 88' lang='lat' dir='ltr'>solum</span> <span class='ocrx_word' id='word_1_391' title='bbox 2873 3138 3247 3217; x_wconf 87' lang='lat' dir='ltr'>requiritur.</span> <span class='ocrx_word' id='word_1_392' title='bbox 3295 3138 3457 3199; x_wconf 90' lang='lat' dir='ltr'>Dato</span> <span class='ocrx_word' id='word_1_393' title='bbox 3520 3138 3717 3200; x_wconf 86' lang='lat' dir='ltr'>etiam</span> 
     </span>
     <span class='ocr_line' id='line_1_71' title="bbox 2179 3253 3731 3338; baseline -0.006 -16"><span class='ocrx_word' id='word_1_394' title='bbox 2179 3258 2359 3338; x_wconf 91' lang='lat' dir='ltr'>quod</span> <span class='ocrx_word' id='word_1_395' title='bbox 2428 3260 2595 3322; x_wconf 91' lang='lat' dir='ltr'>actio</span> <span class='ocrx_word' id='word_1_396' title='bbox 2652 3259 2863 3322; x_wconf 85' lang='lat' dir='ltr'>vitalis</span> <span class='ocrx_word' id='word_1_397' title='bbox 2931 3254 3215 3318; x_wconf 88' lang='lat' dir='ltr'>ministri</span> <span class='ocrx_word' id='word_1_398' title='bbox 3277 3253 3731 3334; x_wconf 90' lang='lat' dir='ltr'>requireretur</span> 
     </span>
     <span class='ocr_line' id='line_1_72' title="bbox 2178 3369 3712 3447; baseline -0.004 -10"><span class='ocrx_word' id='word_1_399' title='bbox 2178 3374 2264 3437; x_wconf 92' lang='lat' dir='ltr'>ad</span> <span class='ocrx_word' id='word_1_400' title='bbox 2343 3377 2778 3437; x_wconf 90' lang='lat' dir='ltr'>ministerium</span> <span class='ocrx_word' id='word_1_401' title='bbox 2853 3373 3280 3447; x_wconf 80' lang='lat' dir='ltr'>sacramenti,</span> <span class='ocrx_word' id='word_1_402' title='bbox 3336 3369 3404 3432; x_wconf 92' lang='lat' dir='ltr'>id</span> <span class='ocrx_word' id='word_1_403' title='bbox 3472 3370 3712 3432; x_wconf 87' lang='lat' dir='ltr'>intelli·</span> 
     </span>
     <span class='ocr_line' id='line_1_73' title="bbox 2178 3485 3727 3574; baseline -0.007 -18"><span class='ocrx_word' id='word_1_404' title='bbox 2178 3493 2477 3574; x_wconf 89' lang='lat' dir='ltr'>gendum</span> <span class='ocrx_word' id='word_1_405' title='bbox 2535 3496 2636 3554; x_wconf 92' lang='lat' dir='ltr'>est</span> <span class='ocrx_word' id='word_1_406' title='bbox 2680 3492 2763 3553; x_wconf 91' lang='lat' dir='ltr'>de</span> <span class='ocrx_word' id='word_1_407' title='bbox 2835 3491 3014 3569; x_wconf 86' lang='lat' dir='ltr'>lege,</span> <span class='ocrx_word' id='word_1_408' title='bbox 3087 3505 3221 3551; x_wconf 90' lang='lat' dir='ltr'>non</span> <span class='ocrx_word' id='word_1_409' title='bbox 3278 3502 3433 3551; x_wconf 89' lang='lat' dir='ltr'>vero</span> <span class='ocrx_word' id='word_1_410' title='bbox 3480 3501 3563 3549; x_wconf 85' lang='lat' dir='ltr'>ex</span> <span class='ocrx_word' id='word_1_411' title='bbox 3605 3485 3727 3547; x_wconf 93' lang='lat' dir='ltr'>Dei</span> 
     </span>
     <span class='ocr_line' id='line_1_74' title="bbox 2183 3605 3728 3684; baseline -0.007 -13"><span class='ocrx_word' id='word_1_412' title='bbox 2183 3607 2643 3671; x_wconf 91' lang='lat' dir='ltr'>commissione</span> <span class='ocrx_word' id='word_1_413' title='bbox 2699 3605 2972 3684; x_wconf 90' lang='lat' dir='ltr'>speciali</span> <span class='ocrx_word' id='word_1_414' title='bbox 3013 3605 3487 3676; x_wconf 90' lang='lat' dir='ltr'>necessarium,</span> <span class='ocrx_word' id='word_1_415' title='bbox 3520 3616 3728 3680; x_wconf 91' lang='lat' dir='ltr'>quan-</span> 
     </span>
     <span class='ocr_line' id='line_1_75' title="bbox 2184 3720 3716 3806; baseline -0.007 -17"><span class='ocrx_word' id='word_1_416' title='bbox 2184 3727 2268 3790; x_wconf 92' lang='lat' dir='ltr'>do</span> <span class='ocrx_word' id='word_1_417' title='bbox 2297 3724 2565 3806; x_wconf 83' lang='lat' dir='ltr'>Angelis</span> <span class='ocrx_word' id='word_1_418' title='bbox 2609 3722 2676 3785; x_wconf 89' lang='lat' dir='ltr'>id</span> <span class='ocrx_word' id='word_1_419' title='bbox 2721 3724 3157 3786; x_wconf 85' lang='lat' dir='ltr'>committeret</span> <span class='ocrx_word' id='word_1_420' title='bbox 3199 3720 3267 3782; x_wconf 93' lang='lat' dir='ltr'>in</span> <span class='ocrx_word' id='word_1_421' title='bbox 3297 3736 3573 3800; x_wconf 90' lang='lat' dir='ltr'>corpore</span> <span class='ocrx_word' id='word_1_422' title='bbox 3613 3734 3716 3780; x_wconf 89' lang='lat' dir='ltr'>as-</span> 
     </span>
     <span class='ocr_line' id='line_1_76' title="bbox 2184 3849 2473 3924; baseline -0.01 -16"><span class='ocrx_word' id='word_1_423' title='bbox 2184 3849 2473 3924; x_wconf 79' lang='lat' dir='ltr'>sumpto,</span> 
     </span>
    </p>

    <p class='ocr_par' dir='ltr' id='par_1_15' title="bbox 2188 3952 3740 5660">
     <span class='ocr_line' id='line_1_77' title="bbox 2265 3952 3725 4037; baseline -0.008 -16"><span class='ocrx_word' id='word_1_424' title='bbox 2265 3956 2456 4037; x_wconf 85' lang='lat' dir='ltr'>Quod</span> <span class='ocrx_word' id='word_1_425' title='bbox 2486 3960 2538 4020; x_wconf 93' lang='lat' dir='ltr'>si</span> <span class='ocrx_word' id='word_1_426' title='bbox 2571 3956 2718 4036; x_wconf 90' lang='lat' dir='ltr'>quis</span> <span class='ocrx_word' id='word_1_427' title='bbox 2769 3954 3090 4018; x_wconf 85' lang='lat' dir='ltr'>curiosius</span> <span class='ocrx_word' id='word_1_428' title='bbox 3146 3954 3416 4032; x_wconf 86' lang='lat' dir='ltr'>quaerat‚</span> <span class='ocrx_word' id='word_1_429' title='bbox 3462 3966 3550 4012; x_wconf 91' lang='lat' dir='ltr'>an</span> <span class='ocrx_word' id='word_1_430' title='bbox 3595 3952 3725 4010; x_wconf 89' lang='lat' dir='ltr'>An·</span> 
     </span>
     <span class='ocr_line' id='line_1_78' title="bbox 2188 4068 3728 4159; baseline -0.01 -17"><span class='ocrx_word' id='word_1_431' title='bbox 2188 4080 2381 4159; x_wconf 88' lang='lat' dir='ltr'>gelus</span> <span class='ocrx_word' id='word_1_432' title='bbox 2457 4077 2660 4139; x_wconf 92' lang='lat' dir='ltr'>etiam</span> <span class='ocrx_word' id='word_1_433' title='bbox 2746 4078 2930 4136; x_wconf 86' lang='lat' dir='ltr'>extra</span> <span class='ocrx_word' id='word_1_434' title='bbox 3005 4087 3243 4151; x_wconf 90' lang='lat' dir='ltr'>corpus</span> <span class='ocrx_word' id='word_1_435' title='bbox 3310 4074 3534 4150; x_wconf 88' lang='lat' dir='ltr'>posset</span> <span class='ocrx_word' id='word_1_436' title='bbox 3603 4068 3728 4129; x_wconf 90' lang='lat' dir='ltr'>mi·</span> 
     </span>
     <span class='ocr_line' id='line_1_79' title="bbox 2189 4183 3735 4266; baseline -0.009 -6"><span class='ocrx_word' id='word_1_437' title='bbox 2189 4199 2466 4260; x_wconf 89' lang='lat' dir='ltr'>nistrare</span> <span class='ocrx_word' id='word_1_438' title='bbox 2524 4197 3019 4256; x_wconf 88' lang='lat' dir='ltr'>Sacramentum</span> <span class='ocrx_word' id='word_1_439' title='bbox 3064 4193 3091 4251; x_wconf 78' lang='lat' dir='ltr'>‘t</span> <span class='ocrx_word' id='word_1_440' title='bbox 3145 4206 3280 4252; x_wconf 91' lang='lat' dir='ltr'>non</span> <span class='ocrx_word' id='word_1_441' title='bbox 3336 4188 3527 4252; x_wconf 92' lang='lat' dir='ltr'>video</span> <span class='ocrx_word' id='word_1_442' title='bbox 3573 4183 3735 4266; x_wconf 91' lang='lat' dir='ltr'>quid</span> 
     </span>
     <span class='ocr_line' id='line_1_80' title="bbox 2191 4302 3730 4399; baseline -0.008 -24"><span class='ocrx_word' id='word_1_443' title='bbox 2191 4317 2545 4393; x_wconf 89' lang='lat' dir='ltr'>repugnet,</span> <span class='ocrx_word' id='word_1_444' title='bbox 2621 4308 2820 4371; x_wconf 90' lang='lat' dir='ltr'>modo</span> <span class='ocrx_word' id='word_1_445' title='bbox 2904 4306 3189 4399; x_wconf 83' lang='lat' dir='ltr'>formare</span> <span class='ocrx_word' id='word_1_446' title='bbox 3267 4304 3471 4381; x_wconf 88' lang='lat' dir='ltr'>possit</span> <span class='ocrx_word' id='word_1_447' title='bbox 3524 4302 3730 4363; x_wconf 91' lang='lat' dir='ltr'>verba</span> 
     </span>
     <span class='ocr_line' id='line_1_81' title="bbox 2191 4422 3735 4502; baseline -0.008 -10"><span class='ocrx_word' id='word_1_448' title='bbox 2191 4430 2522 4494; x_wconf 90' lang='lat' dir='ltr'>sensibilia</span> <span class='ocrx_word' id='word_1_449' title='bbox 2580 4427 2908 4489; x_wconf 86' lang='lat' dir='ltr'>mediante</span> <span class='ocrx_word' id='word_1_450' title='bbox 2967 4441 3148 4497; x_wconf 87' lang='lat' dir='ltr'>aere,</span> <span class='ocrx_word' id='word_1_451' title='bbox 3209 4422 3360 4502; x_wconf 89' lang='lat' dir='ltr'>quia</span> <span class='ocrx_word' id='word_1_452' title='bbox 3416 4428 3735 4501; x_wconf 87' lang='lat' dir='ltr'>quantum</span> 
     </span>
     <span class='ocr_line' id='line_1_82' title="bbox 2196 4540 3735 4619; baseline -0.01 -5"><span class='ocrx_word' id='word_1_453' title='bbox 2196 4549 2279 4614; x_wconf 91' lang='lat' dir='ltr'>ad</span> <span class='ocrx_word' id='word_1_454' title='bbox 2338 4550 2657 4612; x_wconf 91' lang='lat' dir='ltr'>lotionem</span> <span class='ocrx_word' id='word_1_455' title='bbox 2724 4562 2858 4609; x_wconf 91' lang='lat' dir='ltr'>non</span> <span class='ocrx_word' id='word_1_456' title='bbox 2907 4552 3087 4607; x_wconf 92' lang='lat' dir='ltr'>esset</span> <span class='ocrx_word' id='word_1_457' title='bbox 3159 4543 3507 4606; x_wconf 85' lang='lat' dir='ltr'>difficultas</span> <span class='ocrx_word' id='word_1_458' title='bbox 3575 4540 3735 4619; x_wconf 90' lang='lat' dir='ltr'>quin</span> 
     </span>
     <span class='ocr_line' id='line_1_83' title="bbox 2194 4657 3732 4747; baseline -0.005 -17"><span class='ocrx_word' id='word_1_459' title='bbox 2194 4668 2487 4747; x_wconf 85' lang='lat' dir='ltr'>Angelus</span> <span class='ocrx_word' id='word_1_460' title='bbox 2548 4680 2693 4726; x_wconf 92' lang='lat' dir='ltr'>eam</span> <span class='ocrx_word' id='word_1_461' title='bbox 2749 4666 3055 4741; x_wconf 89' lang='lat' dir='ltr'>praestare</span> <span class='ocrx_word' id='word_1_462' title='bbox 3114 4665 3342 4740; x_wconf 90' lang='lat' dir='ltr'>posset</span> <span class='ocrx_word' id='word_1_463' title='bbox 3398 4657 3732 4722; x_wconf 89' lang='lat' dir='ltr'>mediante</span> 
     </span>
     <span class='ocr_line' id='line_1_84' title="bbox 2196 4779 3732 4864; baseline -0.008 -14"><span class='ocrx_word' id='word_1_464' title='bbox 2196 4803 2315 4850; x_wconf 92' lang='lat' dir='ltr'>sua</span> <span class='ocrx_word' id='word_1_465' title='bbox 2352 4784 2643 4864; x_wconf 91' lang='lat' dir='ltr'>potentia</span> <span class='ocrx_word' id='word_1_466' title='bbox 2687 4783 2953 4858; x_wconf 89' lang='lat' dir='ltr'>motiva,</span> <span class='ocrx_word' id='word_1_467' title='bbox 3014 4782 3184 4843; x_wconf 90' lang='lat' dir='ltr'>sicut</span> <span class='ocrx_word' id='word_1_468' title='bbox 3226 4781 3442 4841; x_wconf 87' lang='lat' dir='ltr'>anima</span> <span class='ocrx_word' id='word_1_469' title='bbox 3484 4779 3549 4839; x_wconf 91' lang='lat' dir='ltr'>in</span> <span class='ocrx_word' id='word_1_470' title='bbox 3589 4795 3732 4840; x_wconf 89' lang='lat' dir='ltr'>cor-</span> 
     </span>
     <span class='ocr_line' id='line_1_85' title="bbox 2195 4892 3733 4978; baseline -0.007 -17"><span class='ocrx_word' id='word_1_471' title='bbox 2195 4915 2355 4978; x_wconf 92' lang='lat' dir='ltr'>pore</span> <span class='ocrx_word' id='word_1_472' title='bbox 2399 4898 2684 4977; x_wconf 85' lang='lat' dir='ltr'>glorioso</span> <span class='ocrx_word' id='word_1_473' title='bbox 2738 4898 2953 4972; x_wconf 88' lang='lat' dir='ltr'>potest</span> <span class='ocrx_word' id='word_1_474' title='bbox 3003 4907 3271 4955; x_wconf 87' lang='lat' dir='ltr'>movere</span> <span class='ocrx_word' id='word_1_475' title='bbox 3319 4892 3534 4969; x_wconf 87' lang='lat' dir='ltr'>ipsum</span> <span class='ocrx_word' id='word_1_476' title='bbox 3593 4905 3733 4951; x_wconf 89' lang='lat' dir='ltr'>cor-</span> 
     </span>
     <span class='ocr_line' id='line_1_86' title="bbox 2194 5008 3739 5094; baseline -0.007 -16"><span class='ocrx_word' id='word_1_477' title='bbox 2194 5033 2319 5094; x_wconf 92' lang='lat' dir='ltr'>pus</span> <span class='ocrx_word' id='word_1_478' title='bbox 2382 5013 2593 5094; x_wconf 90' lang='lat' dir='ltr'>primo</span> <span class='ocrx_word' id='word_1_479' title='bbox 2663 5016 2897 5084; x_wconf 84' lang='lat' dir='ltr'>totum,</span> <span class='ocrx_word' id='word_1_480' title='bbox 2980 5014 3047 5072; x_wconf 93' lang='lat' dir='ltr'>et</span> <span class='ocrx_word' id='word_1_481' title='bbox 3114 5024 3247 5070; x_wconf 90' lang='lat' dir='ltr'>non</span> <span class='ocrx_word' id='word_1_482' title='bbox 3316 5008 3739 5086; x_wconf 85' lang='lat' dir='ltr'>progressive</span> 
     </span>
     <span class='ocr_line' id='line_1_87' title="bbox 2199 5123 3739 5205; baseline -0.006 -11"><span class='ocrx_word' id='word_1_483' title='bbox 2199 5136 2475 5203; x_wconf 89' lang='lat' dir='ltr'>tantum,</span> <span class='ocrx_word' id='word_1_484' title='bbox 2545 5129 2681 5190; x_wconf 89' lang='lat' dir='ltr'>sive</span> <span class='ocrx_word' id='word_1_485' title='bbox 2753 5131 3005 5205; x_wconf 89' lang='lat' dir='ltr'>partem</span> <span class='ocrx_word' id='word_1_486' title='bbox 3054 5130 3203 5201; x_wconf 91' lang='lat' dir='ltr'>post</span> <span class='ocrx_word' id='word_1_487' title='bbox 3260 5131 3565 5202; x_wconf 81' lang='lat' dir='ltr'>partem3</span> <span class='ocrx_word' id='word_1_488' title='bbox 3614 5123 3739 5184; x_wconf 88' lang='lat' dir='ltr'>hoc</span> 
     </span>
     <span class='ocr_line' id='line_1_88' title="bbox 2196 5237 3736 5325; baseline -0.007 -18"><span class='ocrx_word' id='word_1_489' title='bbox 2196 5261 2354 5325; x_wconf 87' lang='lat' dir='ltr'>ergo</span> <span class='ocrx_word' id='word_1_490' title='bbox 2401 5244 2576 5315; x_wconf 90' lang='lat' dir='ltr'>dato,</span> <span class='ocrx_word' id='word_1_491' title='bbox 2610 5241 2768 5304; x_wconf 90' lang='lat' dir='ltr'>nihil</span> <span class='ocrx_word' id='word_1_492' title='bbox 2802 5243 3156 5321; x_wconf 87' lang='lat' dir='ltr'>derogaret</span> <span class='ocrx_word' id='word_1_493' title='bbox 3197 5237 3582 5300; x_wconf 84' lang='lat' dir='ltr'>substantiae</span> <span class='ocrx_word' id='word_1_494' title='bbox 3613 5237 3736 5297; x_wconf 89' lang='lat' dir='ltr'>Sa-</span> 
     </span>
     <span class='ocr_line' id='line_1_89' title="bbox 2198 5353 3734 5437; baseline -0.005 -15"><span class='ocrx_word' id='word_1_495' title='bbox 2198 5361 2535 5433; x_wconf 89' lang='lat' dir='ltr'>cramenti,</span> <span class='ocrx_word' id='word_1_496' title='bbox 2589 5359 2738 5437; x_wconf 89' lang='lat' dir='ltr'>quia</span> <span class='ocrx_word' id='word_1_497' title='bbox 2765 5365 2841 5418; x_wconf 93' lang='lat' dir='ltr'>ut</span> <span class='ocrx_word' id='word_1_498' title='bbox 2882 5357 3292 5434; x_wconf 88' lang='lat' dir='ltr'>reciperetur</span> <span class='ocrx_word' id='word_1_499' title='bbox 3348 5354 3413 5416; x_wconf 92' lang='lat' dir='ltr'>in</span> <span class='ocrx_word' id='word_1_500' title='bbox 3471 5353 3734 5433; x_wconf 88' lang='lat' dir='ltr'>subjec-</span> 
     </span>
     <span class='ocr_line' id='line_1_90' title="bbox 2197 5468 3740 5551; baseline -0.007 -12"><span class='ocrx_word' id='word_1_501' title='bbox 2197 5483 2358 5548; x_wconf 87' lang='lat' dir='ltr'>tum,</span> <span class='ocrx_word' id='word_1_502' title='bbox 2417 5480 2594 5536; x_wconf 90' lang='lat' dir='ltr'>esset</span> <span class='ocrx_word' id='word_1_503' title='bbox 2664 5472 2998 5546; x_wconf 86' lang='lat' dir='ltr'>sensibile,</span> <span class='ocrx_word' id='word_1_504' title='bbox 3067 5471 3364 5551; x_wconf 89' lang='lat' dir='ltr'>quamvis</span> <span class='ocrx_word' id='word_1_505' title='bbox 3445 5468 3740 5529; x_wconf 89' lang='lat' dir='ltr'>minister</span> 
     </span>
     <span class='ocr_line' id='line_1_91' title="bbox 2197 5588 3737 5660; baseline -0.005 -5"><span class='ocrx_word' id='word_1_506' title='bbox 2197 5610 2332 5655; x_wconf 91' lang='lat' dir='ltr'>non</span> <span class='ocrx_word' id='word_1_507' title='bbox 2375 5595 2552 5653; x_wconf 89' lang='lat' dir='ltr'>esset</span> <span class='ocrx_word' id='word_1_508' title='bbox 2591 5589 2919 5652; x_wconf 88' lang='lat' dir='ltr'>sensibilis</span> <span class='ocrx_word' id='word_1_509' title='bbox 2960 5588 3027 5651; x_wconf 92' lang='lat' dir='ltr'>in</span> <span class='ocrx_word' id='word_1_510' title='bbox 3084 5604 3162 5650; x_wconf 92' lang='lat' dir='ltr'>eo</span> <span class='ocrx_word' id='word_1_511' title='bbox 3220 5603 3418 5660; x_wconf 88' lang='lat' dir='ltr'>casu;</span> <span class='ocrx_word' id='word_1_512' title='bbox 3479 5592 3737 5648; x_wconf 87' lang='lat' dir='ltr'>cessant</span> 
     </span>
    </p>
   </div>
  </div>
 </body>
</html>
