4287 6313
1604 357 1782 424 DIS’I'
1826 361 1870 421 l.
1924 357 2291 435 QUAESTio
2369 352 2443 420 V.

135 559 459 611 Nazianzsn.
494 540 592 599 ter
628 530 900 611 accedit,
940 544 1064 597 etc.
1127 529 1303 596 Idem
1355 527 1542 594 docet
1590 525 2034 593 Nazianzenus

173 623 415 736 (ἓξὲξ-Ἓξ
493 650 794 716 oracione
841 650 914 714 in
969 657 1270 713 sanctum
1330 645 1699 731 Baptisma,
1756 641 2039 729 Cyrillus

162 748 428 861 Αῆξζῗζᾟῖ
498 765 1125 852 Hierosolymitanus
1214 762 1554 829 Calechesi
1626 762 1693 831 3.
1753 758 2039 844 Cyrillus

170 872 435 988 ffssl‘ffigJ
496 881 1001 962 Alexandrinus,
1037 893 1101 947 et
1140 878 1537 965 Euthymius
1575 879 1651 943 in
1687 876 2034 954 Ioannem,

484 1002 936 1074 Damascenus
1005 998 1117 1064 lib.
1189 1002 1253 1062 4.
1341 995 1508 1079 fidei
1607 992 2031 1071 Orchodoaeoe,

494 1138 641 1203 cap.
717 1120 821 1183 10.
893 1114 1109 1182 Tertio
1149 1112 1432 1200 denique
1490 1110 1722 1177 adduci
1765 1119 2040 1195 possunt

493 1253 723 1298 omnes
785 1232 1190 1318 expositores
1249 1229 1317 1294 in
1376 1227 1535 1293 illud
1614 1225 1911 1291 Malthoei
1968 1227 2035 1291 9.

489 1349 705 1414 Marci
743 1352 806 1415 2.
843 1367 1043 1434 super
1094 1344 1251 1412 illud
1289 1368 1302 1411 :
1356 1345 1518 1420 Quis
1552 1353 1766 1430 potest
1807 1341 2039 1406 dimic-

492 1476 626 1530 tere
653 1475 944 1551 peccata,
982 1464 1117 1528 nisi
1155 1463 1330 1527 solas
1383 1461 1557 1525 Deus
1581 1460 1613 1525 ξ)
1655 1459 1766 1525 ubi
1806 1458 2042 1524 docent

488 1580 929 1647 communiter
995 1600 1075 1646 ex
1144 1576 1533 1645 remissione
1598 1585 2037 1662 peccatorum,

490 1698 820 1765 Christum
863 1696 1229 1765 ostendisse
1260 1716 1331 1762 se
1362 1715 1505 1761 esse
1538 1713 1766 1758 verum
1800 1695 2037 1770 Deum;

491 1837 651 1904 ergo
690 1816 770 1883 ad
811 1815 1024 1881 solum
1058 1818 1276 1881 Deum·
1320 1811 1382 1878 id
1444 1820 1715 1897 spectat,
1772 1808 2044 1895 physice

491 1932 841 2020 loquendO,
877 1931 956 1997 ad
988 1930 1151 1998 alios
1189 1940 1404 1996 autem
1437 1926 1791 2007 moraliter,
1827 1937 1892 1992 et
1926 1946 2042 2012 po-

493 2058 728 2113 testate
793 2045 1295 2124 communicata,
1368 2064 1517 2130 quae
1584 2063 1714 2108 non
1790 2039 2045 2109 excedit

493 2163 832 2243 moralem,
905 2161 1416 2249 impetratoriam
1476 2172 1585 2227 aut
1653 2157 2044 2225 ministeria·

184 2310 418 2360 potem,
494 2281 649 2361 lem,
724 2294 835 2348 aut
899 2292 1078 2347 certe
1143 2278 1569 2359 meritoriam,
1636 2276 1785 2363 quia
1844 2274 2044 2342 variis

146 2371 445 2500 'ffliffiffi
494 2397 707 2464 modis
745 2398 889 2464 haec
938 2409 1221 2484 potestas
1261 2393 1726 2463 communicari
1779 2401 2037 2478 potest;

172 2500 453 2610 ωζξζξξώ,
496 2524 562 2579 et
589 2513 669 2580 de
700 2515 866 2582 facto
921 2512 1394 2580 communicata
1435 2510 1556 2577 fuit
1593 2508 1851 2576 Christo
1918 2526 2045 2594 qua

242 2630 376 2674 ⁰²¹⁸·
500 2630 698 2696 homo
773 2642 933 2711 erat,
978 2641 1048 2696 ut
1086 2628 1307 2716 capiti,
1358 2625 1687 2713 Apostolis
1734 2635 1801 2689 ut
1858 2620 2046 2687 mini·

496 2745 678 2830 striS,
737 2745 1177 2813 Sacramentis
1227 2755 1299 2810 ut
1371 2740 1850 2819 instrumentis,
1897 2758 2045 2825 quae

499 2885 630 2929 non
669 2864 993 2930 excedunt
1031 2883 1242 2950 genus
1283 2882 1500 2929 causae
1550 2857 1840 2937 moraliS,
1893 2856 2045 2943 quia

496 2979 554 3046 si
596 2980 886 3067 physice,
934 2991 1005 3046 ut
1035 2980 1124 3045 ita
1155 2978 1389 3057 dicam,
1453 2974 2047 3043 communicaretur

494 3099 709 3165 virtus
748 3096 942 3164 dandi
1001 3094 1315 3182 Spiritum
1383 3104 1679 3160 sanctum
1717 3110 1832 3177 per
1896 3110 2045 3177 gna-

495 3216 653 3281 tiam
693 3226 755 3280 et
813 3211 1270 3280 remissionem
1336 3208 1604 3297 peccati,
1650 3228 1799 3294 quae
1838 3207 1918 3273 de
1952 3207 2045 3274 fa-

492 3346 601 3400 cto
639 3351 892 3398 annexa
930 3341 1031 3398 est
1077 3328 1332 3417 gratiae,
1389 3327 1648 3393 videtur
1687 3346 2045 3412 argumen-

159 3436 441 3549 A‘ffiffn·
495 3462 635 3515 tum
684 3445 1031 3534 colligendi
1091 3443 1401 3511 Deitatem
1440 3441 1678 3508 Christi
1746 3463 1826 3507 ex
1864 3441 2045 3528 ejus-

120 3559 414 3624 ,Pau-um,
497 3562 674 3629 modi
769 3562 1102 3650 operibus,
1167 3579 1311 3626 esse
1378 3558 1538 3623 satis
1615 3555 2032 3643 ambiguum.

178 3640 418 3751 muigeo!
500 3678 684 3746 Unde
765 3681 1100 3766 Nyssenus
1158 3675 1381 3742 dicens
1437 3693 1672 3761 aquam
1732 3668 2043 3757 Baptismi

185 3749 442 3799 Christum
817 3796 830 3809 ,
878 3796 891 3809 ,
1357 3789 1370 3803 ,
1822 3787 1833 3800 ,

150 3813 467 3862 esoeneum.
501 3818 629 3863 nou
671 3796 895 3884 largiri
938 3797 1060 3861 hoc
1100 3791 1516 3872 beneficium,
1560 3789 1671 3855 sed
1727 3791 1838 3853 Dei
1880 3808 2045 3875 prae-

153 3874 434 3938 mesenus.
494 3927 781 3999 ceptum,
854 3925 918 3978 et
974 3910 1318 3997 Spiritum,
1362 3918 1486 3974 etc.
1550 3904 1895 3991 subjungit
1948 3923 2046 3969 ra·

493 4030 764 4111 tionem,
809 4039 969 4094 esset
1025 4028 1205 4093 enim
1233 4026 1419 4092 omni
1482 4033 1791 4089 creatura
1838 4019 2048 4086 subli-

493 4149 685 4226 mior,
709 4145 965 4233 supple,
1005 4164 1196 4231 aqua,
1233 4141 1288 4208 si
1321 4140 1502 4207 daret
1531 4138 1833 4226 gratiam,
1873 4133 2047 4223 quod

494 4262 773 4351 intelligi
813 4263 1004 4328 debet
1047 4259 1343 4346 physice,
1388 4257 1442 4323 si
1508 4255 1860 4341 attingeret
1900 4273 2046 4338 pto-

493 4380 865 4448 ductionem
907 4377 1182 4465 gratiae;
1253 4395 1410 4461 ergo
1460 4373 1515 4438 si
1566 4370 1867 4438 Christus
1920 4388 2046 4455 qua

496 4498 690 4563 homo
731 4494 960 4561 habuit
1020 4502 1406 4580 potestatem
1448 4487 1788 4574 physicam
1848 4483 2043 4550 dandi

494 4613 797 4700 gratiam,
837 4609 1007 4677 unde
1052 4607 1470 4693 colligeretur
1503 4623 1580 4669 ex
1634 4604 1757 4668 hoc
1810 4600 2043 4667 effectu

494 4749 643 4796 eum
696 4747 844 4795 esse
895 4729 1124 4805 Deum,
1187 4731 1577 4808 argumento
1636 4716 1806 4805 quod
1856 4726 1956 4782 est
2009 4736 2046 4781 a

496 4843 865 4931 posteriori,
910 4854 974 4907 et
1019 4853 1329 4927 tanquam
1380 4838 1458 4903 ab
1500 4835 1731 4902 effectu
1775 4832 1854 4899 ad
1893 4853 2042 4899 cau-

494 4981 659 5039 sam,
702 4971 769 5027 et
799 4979 928 5045 quo
979 4968 1253 5024 utuntur
1286 4958 1529 5031 Patres,
1565 4951 1735 5017 sicut
1775 4969 1904 5015 non
1944 4968 2045 5014 se-

494 5078 739 5164 quitur,
806 5072 1105 5161 producit
1159 5071 1460 5149 calorem,
1507 5088 1664 5154 ergo
1703 5078 1803 5133 est
1844 5064 2040 5153 igniS,

493 5214 641 5281 quae
681 5205 783 5259 est
813 5190 1062 5257 fallacia
1092 5185 1576 5275 consequentis.
1623 5191 1834 5272 Atque
1874 5183 2045 5249 idem

492 5309 825 5397 colligitur
872 5317 1049 5373 recte
1078 5325 1160 5370 ex
1200 5301 1578 5369 Tridentino
1620 5319 1842 5385 supra,
1886 5296 2046 5364 assi·

492 5426 756 5516 gnando
816 5442 1046 5490 causas
1110 5441 1225 5507 per
1268 5441 1339 5485 se
1397 5414 1921 5505 justificationis,
1964 5413 2046 5481 ad

494 5547 695 5610 Deum
725 5538 943 5608 solum
1011 5535 1319 5604 reducere
1357 5531 1803 5612 efficientiam,
1872 5529 2045 5617 quod

3593 362 3699 432 191

2151 519 2427 608 intelligi
2462 520 2652 590 debet
2687 543 2769 591 ex
2800 542 2998 591 sensu
3039 522 3308 593 Concilii
3339 539 3403 594 et
3433 530 3697 596 Patrum

2151 638 2232 705 de
2278 639 2627 707 efficientia
2665 640 3051 728 simpliciter
3090 642 3386 730 physica,
3447 666 3600 712 nam
3639 658 3703 713 et

2152 754 2447 823 Christus
2489 777 2683 844 quem
2715 756 2900 825 docet
2939 779 3086 825 esse
3113 779 3376 828 causam
3430 760 3698 828 merito-

2131 871 2341 950 riam,
2406 872 2459 938 si
2500 873 2843 960 loquamur
2887 874 2965 940 de
3033 876 3261 942 morali
3324 875 3699 957 efficientia,

2153 998 2253 1053 est
2292 988 2640 1073 perfectior
2677 1010 2870 1056 causa
2911 990 3204 1058 efficiens
3237 1012 3433 1078 quam
3477 994 3706 1061 Sacra-

2155 1115 2472 1183 mentum,
2520 1107 2689 1192 quod
2723 1107 2789 1172 in
2836 1107 3079 1175 virtute
3135 1130 3404 1195 operum
3463 1111 3706 1180 Christi

2152 1233 2215 1286 et
2258 1220 2579 1307 passionis
2611 1223 2755 1309 eJus
2810 1244 2885 1291 ac
2924 1225 3171 1305 CruciS,
3233 1238 3542 1313 operatur
3602 1250 3702 1295 se-

2153 1336 2439 1403 cundum
2473 1343 2731 1418 Patres;
2769 1362 2927 1427 ergo
2966 1341 3137 1428 quod
3170 1342 3424 1409 dicatur
3454 1343 3703 1410 instru-

2154 1453 2454 1520 mentalis
2478 1475 2693 1536 causa,
2733 1477 2862 1522 non
2928 1456 3207 1525 infertur
3257 1479 3403 1527 esse
3458 1460 3701 1527 instru-

2159 1586 2447 1635 mentum
2472 1592 2549 1637 ex
2573 1571 2861 1639 efficacia
2888 1574 3156 1660 physica
3187 1574 3517 1663 attingens
3550 1596 3703 1662 gra-

2155 1683 2309 1750 tiam
2363 1684 2755 1767 immediate,
2819 1689 2990 1775 quod
3043 1690 3312 1777 perinde
3376 1691 3705 1759 concludit

2156 1799 2212 1865 si
2248 1802 2663 1886 respondeaS,
2701 1804 2873 1891 quod
2907 1805 3101 1872 etiam
3131 1806 3370 1875 Christi
3403 1807 3708 1874 humani·-

2158 1936 2255 1985 tas
2296 1941 2410 2006 per
2452 1922 2714 1988 modum
2757 1922 3173 1991 instrumenti
3223 1927 3479 2013 physici
3512 1929 3707 1994 attin·

2153 2036 2350 2121 gebat
2396 2057 2591 2123 opera
2623 2039 3034 2120 miraculosa,
3111 2043 3261 2129 quia
3329 2044 3553 2110 eadem
3608 2054 3707 2110 est

2153 2149 2527 2235 difficultas,
2576 2167 2640 2220 et
2672 2176 2790 2222 suo
2815 2155 2954 2223 loco
2994 2177 3075 2224 ex
3117 2157 3415 2226 Patribus
3448 2160 3707 2246 opposi-

2157 2281 2292 2335 tum
2343 2270 2768 2358 probavimus
2825 2275 2896 2340 in
2939 2285 3227 2341 tractatu
3264 2275 3347 2341 de
3385 2276 3708 2343 Incarna-

2159 2387 2365 2454 tione.

2241 2503 2336 2569 Ad
2366 2503 2507 2571 haec
2538 2526 2694 2593 ergo
2736 2506 2874 2573 loca
2904 2518 2966 2573 et
2998 2508 3263 2589 similia,
3302 2510 3700 2596 respondent
3845 2548 3925 2599 88.

2151 2620 2446 2688 adversae
2531 2622 2877 2689 sententiae
2959 2636 3321 2691 assertores
3406 2625 3697 2694 denotari
3726 2611 4051 2725 affiffffiffg·

2150 2754 2414 2800 causam
2456 2736 2880 2824 principalem
2912 2752 3188 2806 tantum.
3228 2740 3351 2807 Sed
3385 2742 3528 2810 haec
3595 2765 3706 2839 ref
3755 2753 4028 2865 lmrssffg'na-

2154 2851 2420 2936 sponsio
2442 2872 2571 2917 non
2603 2852 2768 2919 tollit
2799 2853 3272 2936 difficultatem,
3293 2858 3443 2946 quia
3476 2859 3557 2926 de
3583 2862 3705 2928 hoc
3835 2868 3937 2913 tur.

2158 2987 2349 3033 nemo
2381 2989 2670 3056 unquam
2709 2969 3055 3052 dubitavit,
3102 2986 3214 3040 aut
3254 2975 3552 3043 dubitare
3591 2998 3706 3064 po-

2154 3083 2280 3149 tuit
2328 3088 2529 3151 Deum
2565 3107 2712 3153 esse
2740 3098 3095 3171 auctorem,
3133 3102 3196 3158 et
3226 3111 3492 3159 causam
3529 3094 3707 3181 prin-

2154 3199 2428 3288 cipalem
2469 3203 2741 3283 salutis;
2798 3224 2955 3292 ergo
3004 3205 3266 3293 quando
3326 3213 3549 3277 Patres
3597 3231 3706 3278 ex-

2157 3315 2428 3382 cludunt
2488 3340 2523 3385 a
2573 3320 3011 3388 Sacramentis
3086 3321 3531 3408 efficientiam,
3595 3326 3712 3393 tri-

2159 3430 2415 3499 buendo
2446 3454 2588 3500 eam
2629 3434 2751 3502 soli
2784 3440 2937 3516 Dec,
2977 3438 3168 3505 debet
3210 3439 3490 3529 intelligi
3545 3441 3712 3529 phy-

2155 3548 2286 3615 sica
2346 3549 2751 3636 simpliciter,
2824 3574 2973 3618 cuin
3038 3555 3329 3622 tribuant
3405 3556 3707 3624 effectum

2160 3668 2555 3734 Sacramenti
2597 3673 2724 3735 Deo
2774 3683 3082 3757 tanquam
3126 3691 3345 3739 causae
3381 3696 3398 3753 ;
3453 3686 3515 3741 et
3555 3696 3705 3742 cum

2154 3783 2465 3871 colligant
2494 3785 2903 3853 divinitatem
2950 3789 3193 3856 Christi
3252 3812 3333 3857 ex
3376 3791 3487 3858 tali
3558 3793 3708 3860 effe-

2155 3914 2288 3984 ctu,
2324 3915 2703 3989 supponunt
2744 3924 2872 3971 non
2924 3927 3115 3991 posse
3161 3908 3511 3994 procedere
3544 3911 3709 3997 phy-

2159 4018 2292 4084 sice
2338 4018 2419 4083 ab
2469 4018 2592 4085 alio
2633 4019 2981 4107 principi0.
3289 4009 3292 4010 ⁷

2247 4134 2625 4201 Confirmari
2695 4148 2909 4223 potest
2957 4160 3036 4205 ex
3090 4139 3317 4208 iisdem
3378 4143 3700 4223 Patribus,
3751 4152 4035 4205 Confirma-

2158 4263 2381 4316 contra
2415 4250 2819 4336 PelagianOS,
2858 4254 3008 4342 quia
3040 4255 3191 4322 licet
3232 4258 3519 4324 tribuant
3576 4264 3705 4327 Deo
3758 4222 4012 4353 Extiifddq

2158 4366 2580 4454 principalem
2622 4369 3062 4453 efficientiam,
3107 4375 3488 4461 explicando
3548 4379 3708 4444 Pau·
3774 4342 4010 4455 lgqatffiffi

2157 4483 2296 4551 lum
2329 4484 2499 4550 circa
2533 4487 2700 4550 bona
2730 4506 2926 4572 opera
2958 4487 3144 4555 liberi
3174 4490 3452 4570 arbitrii,
3489 4506 3706 4560 tamen
3734 4473 4052 4595 Ρθῖξέὶξξο,,

2159 4612 2498 4666 reservant
2552 4598 2759 4665 libero
2814 4601 3086 4669 arbitrio
3146 4625 3338 4671 suum
3382 4606 3706 4675 influxum

2160 4714 2422 4781 vitalem
2459 4726 2523 4781 et
2564 4716 2908 4802 physicum
2958 4717 3025 4784 in
3065 4720 3289 4788 eadem
3356 4744 3575 4812 opera,
3620 4726 3708 4794 ita

2158 4842 2376 4899 tamen
2418 4843 2487 4898 ut
2534 4830 2746 4898 subsit
2801 4831 3033 4918 gratiae
3082 4834 3191 4901 Dei
3273 4839 3708 4925 praevenienti

2159 4959 2222 5014 et
2269 4948 2632 5036 adjuvanti,
2685 4947 3055 5035 disponenti
3088 4962 3151 5017 et
3199 4956 3593 5040 praeparanti
3629 4956 3709 5022 ad

2159 5083 2578 5144 consensum,
2617 5076 2681 5131 et
2708 5063 2929 5152 operis
2957 5065 3110 5133 boni
3152 5070 3707 5154 prosecutionem,

2161 5192 2230 5245 ut
2280 5191 2454 5268 patet
2495 5180 2854 5248 novissime
2892 5202 2974 5249 ex
3004 5182 3390 5253 Tridentino
3436 5209 3592 5255 sesa
3638 5192 3708 5258 6.

2159 5317 2305 5383 cap.
2352 5301 2415 5363 5.
2466 5306 2525 5361 el
2565 5300 2630 5364 6.

2249 5413 2451 5479 Aliter
2507 5425 2724 5481 autem
2786 5412 3144 5503 loquuntur
3219 5418 3299 5485 de
3354 5419 3707 5489 efficientia

2159 5529 2390 5615 gratiae
2429 5550 2545 5618 per
2582 5551 2816 5618 aquam
2849 5542 2912 5598 et
2970 5532 3310 5620 Spiritum,
3358 5536 3708 5606 excluden-
