4287 6313
1704 408 1901 469 DlS'l'.
1948 407 2044 469 lv.
2095 404 2456 480 QUAESTlo
2503 408 2573 468 V.
3701 413 3820 476 437

282 564 555 678 55502335
608 586 752 639 nec
816 567 978 639 alia
1037 572 1223 643 sunt
1273 568 1557 649 deleta,
1638 574 1718 642 et
1789 569 1961 641 ideo
2026 588 2149 639 ra·
2266 570 2538 642 omnia
2591 590 2840 663 opera
2884 591 3031 643 sua
3074 578 3404 646 mortua
3456 576 3684 655 sunt;
3739 574 3806 646 si

277 687 564 800 prae‘gffen·
612 684 995 757 tionabile
1072 690 1222 765 est,
1254 688 1459 777 quod
1531 690 1903 778 respectu
1966 684 2142 778 ejus
2262 691 2534 759 autem
2605 708 2762 761 non
2843 688 3131 763 fuisset
3190 690 3451 772 fictus,
3516 691 3806 766 fuisset

263 818 417 884 delei,
464 827 576 862 cum
604 821 766 873 non
816 800 1108 875 habeat
1160 803 1633 893 Baptismus
1665 799 2142 882 efficaciam,
2264 805 2484 884 tunc,
2549 809 2629 878 et
2687 810 2872 897 post
2947 828 3199 898 usque
3285 808 3379 879 ad
3451 809 3795 901 lapsum,

268 883 555 1009 ,Essiffleffi
603 918 736 990 sed
796 924 1169 1012 respectu
1215 918 1595 1001 aliorum,
1655 919 1841 1013 quia
1876 919 2143 1011 ipsum
2257 919 2472 992 filius
2526 924 2792 1011 regni.
2873 927 2953 998 et
3024 944 3273 1017 opera
3333 925 3506 1016 ejus
3583 925 3792 1006 viva,

295 1019 515 1118 deiffur.
598 1036 1061 1110 formaliter
1110 1037 1525 1131 impedivit
1566 1037 1948 1111 effectum
1991 1037 2141 1106 Ba·
2257 1036 2539 1129 quibus
2597 1039 3033 1113 meruisset
3101 1045 3628 1130 augmentum
3707 1044 3786 1113 et

251 1130 544 1243 Βξξῖῗξέζθ
602 1153 905 1246 ptismi,
960 1155 1121 1227 alia
1154 1176 1341 1228 non.
1386 1158 1487 1229 Et
1526 1159 1717 1228 tunc
1772 1156 1913 1228 illa
1958 1176 2135 1248 pro·
2256 1153 2545 1242 gratiae
2603 1159 2682 1226 et
2742 1154 3054 1244 gloriae.

327 1257 488 1384 “3¹32ssss
602 1272 903 1365 positio
961 1300 973 1343 :
1031 1277 1384 1340 Peccatum
1457 1278 1738 1341 mortale
1796 1287 1945 1362 post
2004 1278 2134 1340 Ba·
2341 1269 2603 1341 Aliter
2661 1273 2927 1363 potest
2995 1273 3174 1353 dici,
3241 1273 3444 1364 quod
3505 1272 3572 1344 si
3632 1292 3791 1345 non
3820 1289 4118 1356 Remu-gens

247 1388 570 1453 Baptismalis
592 1394 906 1477 peismum
946 1413 1080 1457 non
1121 1391 1402 1472 deletur,
1447 1393 1583 1457 nisi
1637 1414 1760 1479 per
1812 1393 2132 1478 poenilen·
2249 1385 2538 1458 fuisset
2597 1386 2859 1468 fictus,
2923 1392 3002 1461 et
3045 1392 3330 1480 postea
3372 1389 3673 1482 lapsus,
3708 1397 3787 1464 et
3843 1362 4109 1479 sseffissssssz‘}

244 1460 780 1585 affixi-emnam,
870 1503 1096 1576 debet
1167 1503 1514 1596 intelligi
1619 1504 1709 1575 de
1796 1508 2131 1596 peccato
2248 1508 2533 1594 postea
2612 1505 3061 1596 poeniteret,
3154 1506 3233 1576 in
3341 1506 3784 1598 poenitendo
3814 1491 4131 1611 &332¹ssan

588 1619 1026 1692 commisso
1115 1624 1299 1712 post
1375 1620 1911 1712 Baptismum,
2005 1620 2131 1693 vel
2248 1620 2653 1712 reciperet
2719 1622 3034 1693 tantam
3087 1622 3470 1710 gratiam,
3545 1643 3788 1712 quan-
3834 1603 4104 1663 ‘'erfflmm·

591 1739 917 1811 omnino
1016 1738 1486 1820 inhaerente,
1596 1740 1711 1812 sic
1798 1739 2127 1812 scilicet
2246 1737 2444 1826 tam?³
2473 1756 2682 1808 nunc
2748 1736 3035 1829 recipit
3081 1736 3474 1829 poenitens
3517 1739 3606 1809 de
3657 1739 3785 1812 fic-

591 1856 798 1947 quod
848 1857 937 1928 de
979 1857 1154 1949 ipso
1189 1877 1333 1930 nec
1394 1856 1642 1930 fuerit
1703 1857 2120 1940 contritio,
2246 1852 2488 1933 tione,
2563 1852 2749 1944 quia
2840 1872 3279 1944 resurgens
3343 1874 3488 1946 per
3548 1856 3786 1947 poeni-

583 1994 725 2047 nec
830 1974 1180 2056 attritio,
1272 1974 1352 2046 in
1448 1974 1894 2067 Baptismo,
1980 1996 2123 2048 nec
2242 1971 2585 2044 tentiam
2631 1989 2677 2040 a
2746 1973 3078 2061 peccato
3134 1971 3495 2053 mortali,
3565 1992 3781 2043 recu-

587 2096 772 2184 post
833 2091 1375 2184 'Baptismum
2240 2095 2473 2182 perat
2526 2096 2785 2165 totam
2846 2092 3202 2183 gratiam
3258 2113 3304 2163 a
3365 2111 3521 2184 qua
3579 2091 3783 2165 ceci-

672 2209 935 2283 Aliter
969 2214 1239 2302 potest
1270 2209 1426 2281 dici
1461 2212 1581 2299 (e),
1632 2209 1839 2301 quod
1882 2228 2121 2303 quan·
2234 2207 2375 2290 dit,
2439 2210 2517 2279 et
2587 2208 2942 2300 aliquam
3026 2209 3247 2282 ultra
3317 2228 3461 2301 per
3540 2209 3776 2300 poeni·

583 2327 679 2398 do
719 2346 913 2397 vere
956 2325 1306 2419 aliquem
1361 2326 1699 2418 poenitet
1736 2325 1826 2398 de
1868 2326 2120 2399 fictio·
2236 2326 2603 2406 tentia-m,
2678 2327 2756 2396 et
2827 2324 2977 2396 hoc
3041 2324 3166 2395 vel
3236 2323 3316 2395 in
3372 2345 3483 2405 re,
3530 2324 3656 2394 vel
3700 2323 3781 2395 in

578 2463 676 2515 ne
720 2442 884 2526 illa,
953 2443 1226 2534 gratia
1271 2442 1719 2518 infunditur
1750 2444 1899 2516 sibi
1948 2443 2117 2537 per·
2232 2440 2502 2513 divina
2553 2440 3048 2534 acceptione;
3124 2440 3256 2512 sed
3311 2441 3401 2512 de
3449 2439 3601 2512 hoc
3668 2440 3780 2511 in·

577 2559 896 2642 fectior,
943 2580 1181 2652 quam
1235 2563 1449 2632 esset
1499 2558 1641 2633 illa
1685 2580 1857 2652 quae
1912 2579 2117 2652 prae-
2232 2557 2485 2629 serius
2522 2557 2600 2630 in
2656 2557 3002 2630 materia
3043 2558 3133 2628 de
3179 2558 3685 2631 Poenitentia.

576 2673 743 2746 cise
783 2674 1098 2748 virtute
1140 2675 1631 2768 poenitentiae
1666 2675 2113 2749 infundere-
2319 2675 2594 2748 Tertio
2693 2676 2924 2747 modo
2995 2676 3124 2766 (g)
3197 2674 3776 2768 principaliter

575 2792 739 2869 tur,
818 2789 937 2864 ita
978 2792 1181 2883 quod
1219 2792 1305 2863 ill
1344 2811 1390 2862 a
1472 2793 1819 2866 includit
1889 2793 1967 2865 in
2032 2813 2114 2865 se
2230 2795 2500 2882 potest
2549 2790 2732 2872 dici,
2780 2793 2986 2882 quod
3049 2792 3183 2863 ille
3246 2790 3639 2883 poenitens
3680 2792 3773 2863 de

574 2907 1157 3000 perfectionem
1202 2910 1492 3000 gratiae
1535 2910 2112 3003 poenitentialis
2223 2907 2547 2980 fictione
2637 2911 2956 2981 tantum
3039 2907 3330 3000 recipit
3408 2907 3769 2999 gratiam

566 3028 646 3098 et
686 3026 1254 3118 Baptismalis;
1310 3033 1389 3101 et
1431 3026 1581 3101 hoc
1629 3029 1861 3101 modo
1913 3032 2112 3124 Bap-
2221 3025 2529 3098 virtute
2610 3025 3123 3117 poenitentiae,
3235 3029 3313 3097 et
3416 3024 3531 3096 ita
3608 3043 3768 3095 non

568 3140 863 3215 tismus
906 3141 1145 3217 habet
1177 3142 1577 3227 effectum,
1617 3145 1803 3236 quia
1836 3147 2109 3237 gratia
2227 3141 2652 3233 majorem,
2746 3162 2986 3232 quam
3072 3141 3138 3213 si
3237 3162 3394 3212 non
3472 3140 3763 3213 fuisset

565 3258 1056 3349 aequivalens
1193 3262 1485 3352 gratiae
1592 3242 2100 3356 Baptismali,
2220 3256 2459 3329 fictus
2505 3258 2585 3328 in
2627 3257 3073 3349 Baptismo,
3111 3263 3191 3331 et
3237 3262 3421 3350 post
3491 3257 3762 3350 Bapti-

561 3374 802 3448 datur
844 3376 1258 3467 poenitenti
1317 3378 1407 3451 de
1466 3378 1814 3460 fictione,
1862 3381 2102 3454 simul
2223 3394 2487 3445 smum
2553 3374 2840 3447 cadens
2886 3376 3358 3465 resurgeret
3424 3394 3568 3466 per
3610 3393 3761 3465 poe·

566 3511 750 3563 cum
810 3491 951 3564 illa
996 3512 1232 3585 quam
1288 3500 1651 3568 meretur
1706 3497 1795 3569 de
1865 3499 2101 3591 poeni·
2219 3489 2674 3564 nitentiam.
2731 3493 2910 3563 Non
2953 3496 3077 3564 est
3109 3491 3760 3580 enimverisimi-

564 3611 825 3684 tendo.
2221 3607 2315 3690 le,
2408 3609 2615 3701 quod
2695 3629 2920 3702 aeque
2990 3607 3437 3700 poenitenti,
3522 3611 3599 3680 et
3669 3608 3818 3679 de⁴

653 3725 799 3797 Sed
892 3732 1183 3800 contra
1268 3726 1418 3798 hoc
1511 3728 1896 3819 arguitur
1964 3730 2094 3820 (f),
2215 3724 2507 3815 aequali
2570 3730 2926 3817 peccatO,
2995 3724 3121 3796 vel
3205 3723 3526 3805 minori,
3601 3743 3756 3794 non

559 3839 745 3931 quia
785 3845 975 3914 tunc
1021 3842 1153 3914 ille
1203 3842 1534 3917 haberet
1586 3848 2097 3918 commodum
2212 3841 2447 3912 dctur
2507 3841 2845 3933 aequalis
2915 3842 3230 3934 gratia;
3281 3840 3415 3914 ille
3487 3843 3757 3913 autem

555 3958 645 4030 de
712 3958 1040 4033 fictione
1118 3982 1287 4042 sua,
1377 3963 1639 4055 maJus
1701 3984 1940 4055 quam
2028 3965 2096 4038 si
2212 3958 2489 4051 lapsus
2520 3960 3266 4053 postBaptismum,
3297 3959 3755 4050 licetquan-

556 4077 743 4147 tunc
812 4094 969 4147 non
1033 4075 1322 4150 fuisset
1405 4077 1668 4159 fictus,
1741 4084 1821 4153 et
1909 4085 2093 4173 post
2212 4080 2387 4149 tum
2413 4077 2503 4148 ad
2540 4077 2864 4168 aliquid,
2895 4079 3230 4168 gravius
3261 4076 3748 4168 peccaverit,

557 4191 637 4263 in
681 4196 1102 4283 peccatum
1162 4193 1583 4268 cecidisset
1662 4195 1926 4268 simile
1970 4198 2089 4271 illi
2210 4213 2450 4287 quam
2519 4194 2781 4274 fictus,
2866 4197 3138 4265 tamon
3200 4192 3437 4266 fictus
3509 4211 3745 4284 quan-

550 4308 885 4390 fictioni;
922 4330 1111 4381 nam
1146 4311 1212 4381 si
1256 4311 1702 4393 cecidisset,
1739 4317 1820 4386 et
1856 4315 2087 4387 modo
2205 4314 2379 4383 turn
2431 4311 2525 4382 ad
2588 4310 2912 4402 aliquid,
2960 4308 3295 4400 gravius
3349 4309 3739 4400 peccavit,

551 4426 1000 4520 poeniteret,
1053 4449 1211 4500 non
1252 4427 1583 4501 haberet
1619 4431 1849 4502 modo
1900 4450 2086 4522 gra-
2208 4426 2393 4519 quia
2499 4430 3026 4499 Sacramento
3118 4425 3743 4498 irreverentiam

549 4543 774 4625 tiam,
855 4544 1012 4617 nisi
1081 4530 1398 4618 tantum
1468 4546 1777 4620 virtute
1847 4549 2084 4640 poeni·
2202 4543 2418 4616 fecit.
2467 4547 2566 4616 Et
2627 4548 2816 4616 tunc
2889 4543 3028 4614 illa
3077 4541 3348 4624 verba,
3398 4562 3572 4633 quae
3638 4544 3744 4613 di—

550 4661 848 4734 tentiae.
932 4664 1041 4733 Tu
1098 4667 1369 4737 autem
1402 4662 1625 4745 dicis,
1674 4663 1903 4735 illum
1948 4665 2083 4757 qui
2198 4665 2497 4732 cuntur
2535 4661 2625 4732 de
2667 4660 2951 4731 effectu
3021 4657 3449 4762 Baptismi,
3507 4678 3741 4748 quem

450 4862 455 4869 ,
545 4783 734 4852 tunc
765 4773 918 4850 fuit
976 4777 1211 4850 fictus
1268 4777 1348 4849 in
1415 4777 1860 4869 Baptismo,
1940 4780 2083 4852 ha·
2197 4776 2551 4850 sortitur
2608 4775 2998 4867 poenitens
3055 4775 3146 4845 de
3202 4772 3550 4852 fictione,
3624 4774 3741 4846 in-

542 4895 731 4967 bere
792 4896 871 4967 in
920 4894 1367 4988 poenitendo
1402 4895 1632 4987 quasi
1682 4896 2077 4989 duplicem
2197 4894 2630 4985 telligenda
2690 4895 2901 4973 sunt,
2956 4911 3116 4963 non
3188 4894 3393 4982 quod
3455 4894 3534 4964 in
3588 4913 3735 4985 poe-

543 5012 923 5104 gratiam.
2194 5011 2539 5085 nitentia.
2601 5011 2741 5083 illa
2807 5008 3149 5102 recipiat
3193 5009 3549 5101 gratiam
3594 5011 3737 5082 ali·

327 5120 381 5170 8·
632 5121 782 5192 Hic
825 5123 1092 5213 potest
1141 5119 1297 5193 dici
1342 5141 1497 5193 uno
1560 5121 1817 5203 modo,
1874 5123 2075 5215 quod
2195 5146 2434 5219 quam
2488 5127 2798 5200 virtute
2855 5126 3258 5218 Baptismi
3318 5124 3546 5218 (quia
3610 5148 3734 5198 su·

539 5255 696 5308 non
741 5237 975 5310 habet
1037 5239 1575 5321 commodum,
1630 5240 1762 5312 sed
1815 5241 2076 5333 magis
2194 5245 2501 5336 sceptio
2560 5250 2736 5340 ejus
2781 5251 3110 5319 mortua
3159 5242 3338 5323 fuit,
3401 5250 3479 5318 et
3525 5267 3736 5317 mor-

539 5354 1142 5436 detrimentum‚
1227 5356 1411 5448 quia
1490 5360 1858 5449 tempore
1934 5360 2077 5430 Ba·
2193 5373 2379 5442 tuus
2445 5364 2932 5437 reviviscere
3002 5381 3158 5433 non
3198 5364 3532 5452 potest),
3605 5365 3734 5436 sed

542 5469 847 5562 ptismi,
886 5475 964 5544 et
1034 5472 1400 5563 sequenti
1465 5493 1714 5564 usque
1775 5474 2079 5567 adsspoe-
2194 5482 2615 5555 absolutus
2682 5484 2806 5554 est
2866 5500 2912 5551 a
2978 5458 3385 5571 praecepto
3429 5479 3526 5550 'de
3584 5480 3735 5549 Ba-

536 5587 992 5670 nitentiam,
1058 5593 1183 5662 est
1241 5588 1458 5662 filius
1519 5588 1924 5681 gehennae,
1998 5599 2079 5667 et
2195 5599 2496 5695 ptismo
2542 5597 3076 5689 suscipiendo,
3114 5596 3304 5687 quia
3348 5596 3537 5669 illud
3582 5596 3727 5666 im-
