4287 6313
1684 451 1897 514 nls'r.
1946 454 1991 516 1.
2040 455 2402 531 QUAEsrto
2462 457 2535 522 11.

176 598 712 711 &ctffiffffi-gratiae
740 605 960 671 stabili
991 605 1139 694 lege
1213 629 1636 696 permanens;
1670 622 1737 678 et
1769 612 1914 678 haec
1955 633 2049 679 re-

161 724 473 837 dffizssgsse
506 719 773 805 sponsio
804 734 904 787 est
933 725 1006 791 D.
1042 724 1310 790 Thomae
1341 727 1415 790 in
1450 732 1510 793 t.
1538 725 1692 792 dist.
1727 732 1831 794 17.
1869 730 1933 792 2.
1972 750 2042 814 p.

388 823 404 835 ⁶
502 849 729 923 quaest.
779 843 861 904 15
899 850 1032 907 art.
1071 844 1135 906 3.
1172 840 1262 906 ad
1301 845 1364 907 3.
1404 857 1722 929 quantum
1755 843 1835 909 ad
1867 843 2041 909 illam

500 952 986 1020 distinctionem
1079 958 1471 1024 sacramenti
1546 958 1627 1024 ab
1693 959 1821 1025 alio
1851 959 2045 1046 signo

496 1068 792 1135 sensibili
844 1070 1016 1156 quod
1049 1092 1164 1158 pro
1198 1083 1491 1158 tempore
1530 1084 1778 1139 tantum
1812 1074 2040 1154 durat;

495 1187 706 1273 potuit
746 1207 903 1273 ergo
937 1187 1243 1255 Christus
1284 1201 1609 1274 potestate
1639 1191 2048 1259 excellentiae

493 1303 624 1368 illis
665 1305 883 1371 verbis
935 1307 1236 1372 conferre
1268 1308 1549 1392 gratiam
1583 1307 1988 1395 Magdalenae
2021 1333 2036 1387 ;

489 1420 703 1505 potuit
735 1420 931 1487 etiam
969 1421 1184 1499 aliter,
1215 1421 1305 1487 ita
1332 1433 1400 1488 ut
1431 1423 1631 1488 verba
1657 1443 1784 1489 non
1823 1434 2046 1491 essent

490 1534 681 1621 signa
716 1538 1021 1625 practica,
1067 1538 1179 1605 sed
1239 1538 1758 1607 demonstrativa
1814 1540 2046 1627 gratiae

491 1677 609 1744 per
670 1655 1121 1742 poenitentiam
1191 1669 1255 1721 et
1334 1675 1623 1721 amorem
1687 1656 2044 1743 perfectum

491 1785 803 1852 causatae,
849 1771 938 1838 ita
974 1787 1044 1838 ut
1076 1772 1523 1839 necessarium
1559 1792 1687 1837 non
1721 1772 1918 1839 fuerit
1951 1773 2043 1840 uti

494 1885 624 1952 alio
683 1886 896 1952 medio
929 1885 1450 1953 extraordinario
1504 1906 1699 1973 quam
1760 1885 1908 1952 fidei
1987 1899 2050 1952 et

497 2000 1070 2088 poenitentiae,quo
1103 2001 1391 2068 indicant
1416 2001 1555 2068 illa:
1596 2002 1875 2068 dimissa
1895 2013 2047 2069 sunt

507 2121 571 2184 ei
606 2130 882 2206 peccata
936 2120 1172 2198 mulla,
1210 2122 1524 2207 quoniam
1583 2119 1830 2185 ditescit
1884 2121 2047 2185 mul·

506 2249 671 2315 tum,
707 2247 832 2302 etc.
896 2235 1070 2302 unde
1128 2237 1483 2323 Gregorius
1542 2235 1770 2301 homil.
1821 2239 1930 2302 25.
1983 2236 2046 2300 in

502 2353 883 2441 Evangelia,
947 2354 1069 2421 ait:
1115 2354 1420 2421 Amando
1480 2355 1825 2420 veritatem
1884 2354 2046 2419 lavit

512 2474 835 2560 lacrymis
881 2472 1181 2538 maculas
1219 2471 1552 2551 criminis,
1597 2480 1658 2535 et
1706 2492 1836 2536 voa:
1875 2470 2045 2535 veri-

495 2591 656 2657 tatis
709 2590 1027 2678 impletur
1059 2615 1086 2670 ,·
1126 2589 1404 2654 dimissa
1450 2599 1604 2653 sunt
1672 2589 1733 2653 ei
1777 2599 2047 2673 peccata

486 2709 725 2788 multa,
801 2709 960 2794 quia
1001 2706 1250 2772 dilexit
1295 2705 1602 2783 mullum,
1648 2715 1771 2770 etc.
1834 2708 2047 2790 Negat

482 2845 646 2912 ergo
676 2826 889 2890 Canus
943 2843 1061 2909 per
1114 2820 1222 2887 illa
1283 2819 1484 2886 verba
1535 2819 1742 2886 fuisse
1800 2819 2047 2906 aliquid

483 2952 824 3007 causatum
861 2962 877 3019 3
939 2941 1137 3006 Sotus
1177 2956 1334 3003 vero
1400 2935 1557 3002 dicit
1596 2934 1766 3021 quod
1800 2936 2045 3002 fuerint

483 3058 680 3145 signa
754 3054 1011 3143 gratiae,
1061 3074 1191 3120 non
1224 3073 1305 3119 ex
1363 3052 1704 3138 institut0,
1782 3052 1896 3118 sed
1961 3074 2040 3119 ex

487 3185 750 3242 natura.

256 3304 334 3355 2⁴.
579 3289 676 3357 Ad
752 3288 1141 3368 secundum,
1186 3286 1598 3356 admittimus
1639 3287 1831 3354 etiam
1891 3309 2041 3355 cum

181 3367 436 3479 nauffinna
486 3409 887 3478 Nazianzeno
916 3418 1089 3473 orat.
1125 3409 1233 3471 44.
1291 3406 1659 3492 Augustino
1691 3415 1880 3470 tract.
1931 3410 2038 3473 74.

167 3508 454 3606 xssssffissn
493 3528 570 3591 in
619 3526 970 3609 loannem,
1003 3523 1225 3590 datum
1260 3522 1465 3588 fuisse
1523 3520 1839 3608 Spiritum
1899 3542 2041 3588 san—

187 3619 441 3740 ἒξζὲζῗ
491 3655 671 3709 ctum
706 3639 1032 3728 Apostolis
1072 3660 1147 3706 eo
1188 3650 1503 3724 tempore,
1549 3636 1717 3703 sicut
1748 3637 1938 3704 etiam
1973 3638 2038 3703 in

164 3741 465 3870 Βξέὲῇῖᾞῗ·
492 3760 603 3825 die
635 3763 1070 3836 PentecosteS,
1146 3768 1215 3821 ut
1254 3775 1484 3821 omnes
1524 3757 1746 3820 Patres
1778 3754 2033 3832 docent;

176 3867 465 3918 xmanoen.
493 3877 1003 3963 chrysostomus
1042 3875 1215 3939 hom.
1278 3875 1386 3938 24.
1423 3873 1498 3937 in
1563 3873 1703 3936 Act.
1759 3871 2038 3957 Cyrillus

161 3931 435 4103 ἐῑῗΐξῗῑῃ
501 3992 1133 4080 Hierosolymitanus
1169 3990 1501 4055 Caleches.
1543 3994 1648 4057 17.
1698 3990 2036 4055 Nazianze-

199 4056 471 4119 mnan-1.
495 4134 624 4180 nus
655 4112 795 4178 loco
825 4111 1046 4186 citato,
1092 4104 1499 4192 Augustinus
1537 4126 1731 4171 serm.
1773 4108 1920 4170 185.
1957 4106 2040 4171 de

488 4242 806 4315 tempore,
871 4226 1309 4309 Hieronymus
1359 4222 1640 4308 epistola
1677 4221 1767 4287 ad
1805 4222 2033 4288 Hibdi-

485 4345 719 4424 biana,
782 4340 1064 4428 Cyrillus
1123 4335 1617 4408 Alexandrinus
1678 4337 1790 4404 lib.
1851 4342 1915 4405 9.
1963 4341 2033 4404 in

475 4462 680 4527 loan.
718 4470 779 4525 et
810 4457 942 4524 alii.
980 4455 1297 4532 Quoniam
1342 4463 1556 4520 autem
1592 4452 1818 4519 missio
1875 4453 2031 4520 visi-

481 4575 641 4643 bilis
699 4574 987 4661 Spiritus
1063 4572 1268 4637 sancti
1305 4568 1371 4635 in
1443 4569 1634 4656 signo
1708 4568 2025 4650 sensibili,

485 4692 887 4782 quandoque
945 4687 1273 4774 significat⁴
1319 4685 1596 4773 gratiam
1649 4684 1714 4750 in
1749 4684 1911 4765 fieri,
1963 4696 2032 4751 ut

476 4807 767 4895 contigit
790 4807 854 4872 in
887 4803 1240 4892 Apostolis,
1276 4800 1623 4890 aliquando
1646 4801 1711 4866 in
1745 4800 1932 4879 fact0‚
1964 4813 2033 4868 ut

477 4923 749 5013 quando
788 4919 1123 4988 descendit
1169 4939 1365 5004 super
1403 4917 1729 4985 Christum
1781 4916 1846 4983 in
1895 4921 2030 4983 Jor-

475 5041 676 5117 dane,
708 5038 1026 5103 incertum
1051 5045 1149 5101 est
1174 5046 1387 5101 utrum
1412 5035 1557 5101 haec
1577 5033 1765 5121 signa
1790 5033 2032 5099 fuerint

475 5154 793 5245 practica,
846 5172 929 5218 an
960 5171 1117 5218 vero
1150 5149 1498 5216 indicantia
1531 5161 1807 5230 tantum,
1861 5149 2031 5237 quod

471 5273 758 5340 interius
793 5290 906 5356 per
936 5268 1210 5356 gratiam
1243 5266 1639 5333 habitantem
1673 5278 1771 5333 est
1801 5287 2032 5352 opera-

475 5405 647 5458 tum.
704 5385 942 5452 Verius
982 5383 1193 5451 sentio
1225 5382 1432 5451 fuisse
1481 5382 1675 5448 etiam
1727 5384 2027 5469 practica,

464 5512 667 5598 juxta
710 5501 1175 5593 proprietatem
1234 5500 1629 5567 verborum:
1718 5489 1835 5567 Vos
1908 5522 2032 5567 au-

475 5641 610 5695 tem
653 5621 1169 5714 baptizabimini
1242 5621 1506 5708 Spiritu
1572 5631 1823 5702 sancta,
1899 5640 2034 5712 non

213 2203 412 2268 Gregor-

220 2267 404 2318 Canus.

230 2332 393 2379 sotus.

3603 474 3715 539 119

2157 627 2309 702 post
2339 620 2580 687 multos
2618 624 2736 689 hos
2776 624 2939 705 dies,
2968 638 3088 698 etc,
3153 629 3324 716 quod
3367 632 3579 721 magis
3615 645 3715 702 est

2166 734 2527 803 secundum
2560 741 2783 807 Patres
2830 754 2894 809 et
2934 745 3263 812 Doctores

2252 850 2571 918 Caeterum
2608 854 2754 923 haee
2792 857 3071 943 objectio
3104 880 3233 926 non
3277 862 3475 930 habet
3516 885 3711 951 pecu-

2161 963 2389 1032 tiarem
2453 967 2900 1039 difficultatem
2950 988 3176 1043 contra
3223 990 3510 1047 nostram
3567 1002 3715 1049 sen-

2162 1081 2453 1162 lentiam‚
2490 1087 2642 1173 quia
2674 1088 2755 1154 de
2787 1088 2912 1156 fide
2943 1103 3489 1175 est‚sacramenta
3523 1116 3714 1169 novae

2163 1197 2330 1284 legis
2363 1221 2631 1270 causare
2690 1206 2966 1291 gratiam
3035 1230 3228 1296 quam
3263 1213 3654 1303 significant
3691 1244 3706 1301 ;

2163 1314 2271 1381 illa
2313 1337 2468 1382 vero
2497 1318 2622 1385 alia
2666 1320 2881 1406 signa,
2939 1338 3008 1393 ut
3046 1327 3125 1393 de
3164 1332 3450 1399 secundo
3487 1347 3551 1402 et
3584 1348 3705 1404 ter-

2162 1428 2251 1494 tio
2293 1433 2504 1518 magis
2550 1434 2775 1522 liquet,
2822 1440 2971 1507 licet
3018 1459 3357 1514 causarent
3403 1452 3707 1538 gratiam>

2162 1543 2425 1612 fuerunt
2454 1550 2644 1636 signa
2677 1555 2959 1637 practica
2980 1560 3379 1643 transitorie,
3409 1585 3537 1632 non
3567 1589 3708 1653 per-

2161 1677 2524 1742 manenter,
2579 1689 2856 1754 quorum
2907 1693 3065 1740 usus
3105 1676 3189 1743 sit
3231 1699 3344 1764 per
3402 1680 3705 1750 determi-

2162 1790 2385 1846 natum
2452 1782 2820 1852 ministrum
2884 1788 2949 1854 in
3014 1790 3153 1877 ipsa
3210 1798 3700 1882 communitate,

2160 1897 2331 1981 quod
2366 1918 2494 1964 non
2537 1902 2965 1971 conveniebat
2997 1906 3124 1975 illis
3157 1909 3390 1997 signis.

2248 2012 2485 2080 Ultima
2554 2018 2865 2102 particula
2940 2034 3040 2088 est
3095 2047 3108 2090 :
3190 2028 3575 2096 ordinatum
3621 2034 3711 2100 ad

2156 2131 2433 2197 salutem
2478 2134 2768 2200 hominis
2806 2139 3110 2221 viatoris,
3175 2156 3350 2228 patet
3390 2157 3454 2211 et
3506 2148 3711 2216 reser-

2157 2256 2264 2312 tur
2310 2246 2387 2311 ad
2445 2248 2822 2330 terminum,
2887 2273 3001 2320 seu
3069 2257 3510 2343 significatum
3576 2267 3707 2331 Eu-

2159 2363 2518 2445 charistiae,
2576 2378 2639 2432 et
2696 2372 3253 2456 comprehendere
3302 2391 3515 2464 potest
3556 2382 3707 2448 cha-

2159 2489 2498 2547 racterem.
2563 2483 2657 2548 Ex
2741 2484 2843 2550 his
2905 2499 3128 2573 patent
3196 2511 3425 2560 omnes
3496 2509 3712 2582 partes

2156 2594 2559 2664 definitionis
2590 2601 2945 2688 assignatoe
2975 2625 3011 2670 a
3067 2610 3359 2691 Doctore‚
3390 2633 3540 2700 quae
3595 2637 3705 2681 ex·

2157 2709 2376 2797 plicite
2433 2718 2956 2800 comprehendit,
3032 2722 3348 2812 quidquid
3416 2727 3496 2794 ad
3553 2731 3704 2797 rati-

2157 2850 2345 2897 onem
2380 2834 2776 2902 Sacramenti
2810 2838 3183 2925 explicitam
3217 2843 3593 2931 requiritur,
3632 2859 3703 2915 ut

2158 2947 2327 3032 quod
2367 2950 2456 3015 sit
2491 2952 2754 3037 siquam
2803 2956 3112 3023 sensibile
3149 2980 3234 3023 ea:
3282 2962 3703 3031 institutione

2157 3063 2397 3130 divina
2436 3067 2805 3150 efficaciter
2830 3073 3246 3160 siqm'sicans,
3285 3089 3407 3143 etc.
3460 3078 3701 3167 quibus

2156 3181 2377 3247 verbis
2416 3183 2808 3269 exprimitur
2848 3189 3165 3277 quidquid
3203 3192 3284 3258 ad
3327 3214 3696 3263 sacramen-

2154 3305 2292 3360 tum
2347 3297 2409 3362 in
2452 3311 2627 3365 recto
2667 3302 2967 3387 pertinet,
3021 3316 3091 3372 ut
3127 3310 3457 3392 convenit,
3493 3322 3558 3378 et
3606 3311 3700 3378 di-

2153 3413 2513 3503 stinguitur
2542 3418 2621 3484 ab
2649 3417 2793 3487 aliis
2818 3442 2834 3500 ;
2856 3424 3294 3494 excluduntur
3323 3448 3481 3516 ergo
3511 3430 3700 3517 signa

2154 3533 2496 3617 naturalia,
2534 3536 2827 3605 instituta
2857 3540 3050 3608 etiam
3091 3544 3170 3610 ab
3219 3546 3504 3628 homine,
3551 3571 3701 3638 spe-

2152 3649 2459 3731 culativa,
2505 3652 2867 3740 aequivoca,
2907 3656 3174 3725 incerta.
3207 3664 3327 3729 Per
3355 3663 3517 3731 alias
3552 3685 3697 3752 par-

2151 3766 2406 3846 ticulas,
2443 3780 2512 3834 ut
2540 3772 2833 3857 qratiam
2870 3794 2984 3840 seu
3048 3779 3355 3863 effectum
3392 3782 3518 3847 Dei
3542 3806 3699 3870 yra-

2153 3885 2412 3964 cuinam,
2470 3898 2589 3953 etc.
2645 3887 2908 3974 ponitur
2977 3892 3296 3961 terminus
3350 3907 3415 3962 et
3457 3918 3563 3965 res
3612 3898 3697 3966 si-

2149 3991 2481 4078 gnificata.

2239 4113 2504 4177 Frustra
2563 4121 2776 4178 autem
2871 4128 3095 4183 contra
3174 4118 3343 4187 hanc
3425 4122 3694 4191 enititur

2150 4227 2325 4306 Soio,
2387 4227 2752 4314 objiciendo
2823 4231 3058 4317 primo,
3103 4235 3273 4322 quod
3343 4258 3471 4304 non
3520 4261 3694 4316 com-

2149 4342 2508 4428 prehendat
2563 4357 2784 4412 vetera
2859 4349 3295 4433 Sacramenta,
3378 4355 3454 4419 ad
3521 4359 3692 4445 quod

2139 4459 2274 4546 jam
2329 4480 2715 4545 responsum
2775 4476 2896 4532 est.
2974 4467 3292 4552 Secundo,
3372 4472 3541 4557 quod
3610 4474 3697 4540 sit

3850 2028 3914 2079 25

3767 4162 3998 4229 objectio

3822 4228 3931 4280 Soti

3767 4291 3997 4346 solvitur.

2146 4575 2480 4662 superflua
2555 4588 2617 4644 et
2683 4578 2899 4666 longa.
2988 4583 3399 4669 Responsum
3499 4587 3695 4655 habet
3760 4603 3767 4610 “

2145 4714 2227 4760 ex
2285 4693 2499 4762 dictis.
2562 4696 2802 4778 Tertia,
2868 4698 3018 4785 quia
3069 4700 3284 4768 adhuc
3322 4702 3694 4790 disputatur

2147 4823 2364 4878 utrum
2400 4814 2812 4879 Sacramenta
2869 4816 3208 4885 conferant
3256 4820 3561 4906 gratiam,
3616 4843 3693 4890 ac

2149 4929 2420 5017 proinde
2477 4950 2603 4996 non
2681 4930 2904 4998 debuit
2944 4933 3067 4999 hoc
3124 4939 3588 5024 comprehendi
3623 4939 3690 5008 in

2146 5046 2526 5114 definitione
2568 5068 2583 5127 ;
2630 5070 2778 5135 quae
2822 5050 2986 5116 ratio
3017 5050 3071 5117 si
3140 5053 3408 5135 valeret,
3457 5078 3689 5146 seque-

2148 5175 2327 5230 retur
2386 5164 2451 5228 in
2510 5165 2687 5230 omni
2754 5169 3219 5255 controversia,
3300 5191 3427 5238 non
3496 5173 3692 5243 licere

2149 5271 2480 5358 quidpiam
2549 5271 2876 5340 affirmare
2933 5287 3042 5341 aut
3080 5275 3351 5345 definire
3389 5279 3469 5348 de
3497 5303 3692 5349 causa

2147 5388 2422 5476 alicujus
2472 5388 2589 5467 rei,
2626 5390 2752 5456 nisi
2810 5392 2981 5478 quod
3048 5396 3483 5463 communiter
3539 5420 3687 5486 sup-

2149 5503 2442 5591 ponitur;
2516 5518 2579 5572 et
2611 5507 3017 5593 respondeat,
3068 5512 3171 5577 vel
3206 5511 3342 5598 ipse
3372 5513 3482 5601 qui
3533 5513 3687 5581 defi-

2150 5621 2243 5691 nit
2291 5624 2801 5707 Sacramentum,
2863 5626 3267 5697 excludendo
3334 5629 3507 5697 illam
3539 5650 3681 5718 par-
