4287 6313
566 362 684 422 448

582 538 948 611 acceptatus
1006 534 1158 610 Deo,
1227 532 1482 598 caeteris
1542 533 1833 619 paribus,
1918 545 1984 599 ut
2054 534 2118 599 in

580 642 613 728 ἓ
651 646 949 730 sequenti
994 646 1285 713 docetur.

282 766 491 878 'rei-{iius
672 759 768 847 (g)
846 762 1063 827 Tertio
1119 763 1312 829 modo
1390 765 1871 851 principaliter
1908 776 2139 862 potest·

231 895 409 965 modus
428 888 552 941 nihil
582 875 740 955 dici,
787 888 906 942 etc.
945 878 1160 943 Tertio
1218 879 1475 946 tandem
1511 881 1883 965 respondet,
1926 903 2120 967 expo-

275 969 501 1089 rietit'ffiif
582 1012 743 1058 nens
783 994 1044 1061 modum
1104 1016 1231 1082 quo
1283 995 1455 1063 fictio
1517 999 1923 1078 remittatur,
1966 998 2123 1067 dicit

257 1085 522 1146 saptiam.
580 1128 737 1195 ergo
783 1109 953 1197 quod
1004 1109 1193 1178 fictus
1227 1114 1553 1198 poenitens
1585 1115 1814 1201 recipit
1844 1117 2119 1201 gratiam

574 1225 816 1292 virtute
876 1226 1304 1312 poenitentiae,
1370 1251 1481 1315 per
1539 1252 1731 1317 quam
1777 1231 2120 1297 remittun-

572 1352 677 1407 tur
722 1341 782 1407 ei
823 1356 1101 1428 peccata,
1149 1344 1288 1429 ipsa
1351 1344 1522 1411 fictio
1563 1345 1833 1426 directe,
1888 1361 2121 1414 caetera

570 1479 725 1524 vero
804 1457 1115 1525 indirecte
1181 1484 1195 1538 ;
1264 1460 1503 1526 nullam
1568 1474 1782 1529 autem
1847 1464 2122 1551 gratiam

572 1574 799 1659 recipit
860 1577 1101 1643 virtute
1159 1579 1468 1664 Baptismi
1537 1580 1804 1664 recepti,
1851 1580 1998 1666 quia
2032 1582 2128 1646 in—

571 1692 769 1779 digne
805 1695 1071 1779 recepit.
1129 1700 1259 1762 Nec
1297 1709 1396 1762 est
1455 1697 1839 1776 verisimile,
1887 1697 2121 1783 inquit,

571 1812 781 1899 quoad
818 1810 1156 1895 poenitenti
1198 1833 1389 1897 aeque
1439 1812 1518 1878 de
1570 1813 1797 1878 eodem
1862 1826 2121 1898 peccato

574 1929 785 2014 quoad
851 1929 1161 1994 malitiam
1220 1929 1283 1993 in
1359 1929 1723 2008 individuo,
1796 1940 1859 1994 et
1910 1929 2129 2014 specie

586 2057 899 2132 quantum
925 2045 1003 2111 ad
1037 2047 1354 2110 rationem
1398 2045 1842 2122 intrinsecam,
1880 2045 2130 2111 scilicet

577 2176 726 2248 post
777 2161 1176 2247 Baptismum
1238 2161 1358 2225 rite
1417 2173 1817 2244 susceptum,
1873 2158 2131 2246 quando

578 2279 801 2365 lapsus
832 2291 953 2355 est,
999 2300 1126 2343 non
1171 2279 1363 2344 detur
1403 2276 1629 2343 eadem
1683 2277 1914 2363 gratia.
1978 2274 2130 2361 quia

576 2396 725 2461 licet
779 2397 1000 2481 lapsus
1034 2409 1177 2483 post
1219 2396 1621 2482 Baptismum
1674 2406 2012 2480 quantum
2053 2393 2130 2458 ad

581 2503 828 2591 aliquid
924 2504 1194 2590 gravius
1306 2504 1619 2590 peccavit,
1730 2501 1977 2567 scilicet
2051 2501 2131 2566 ob

581 2619 1140 2705 ingratitudinem,
1198 2631 1266 2685 ut
1332 2619 1618 2704 explicat
1677 2617 1843 2683 infra
1904 2621 2134 2682 Doctor

582 2736 739 2802 dist.
826 2740 934 2803 22.
1006 2748 1228 2823 qucrst.
1302 2739 1481 2801 unic.
1546 2746 1609 2801 et
1683 2734 2131 2800 Tridentinum

579 2873 734 2917 sess.
785 2857 888 2919 14.
925 2874 1069 2938 cap.
1129 2857 1188 2920 1.
1238 2864 1296 2918 et
1363 2856 1430 2919 2.
1493 2866 1708 2917 tamen
1760 2849 1948 2915 fictus
1988 2869 2133 2935 gra-

275 2968 507 3020 Trident.
583 2971 733 3035 vius
785 2970 1075 3055 peccavit
1120 2969 1203 3034 ob
1262 2968 1681 3056 sacrilegium
1711 2966 2135 3033 commissum

586 3086 649 3152 in
693 3090 1208 3154 Sacramentum.

636 3207 746 3281 ,Et
807 3204 863 3269 si
909 3204 1209 3292 objicias,
1247 3203 1416 3290 quod
1452 3203 1822 3289 Baptismus
1871 3202 1963 3267 sic
2005 3221 2134 3266 non

308 3353 474 3402 valere
585 3321 830 3387 valeret
877 3341 1193 3386 converso
1232 3319 1310 3385 ad
1380 3320 1680 3386 salutem.
1764 3317 2141 3405 Respondet

251 3413 534 3547 gffiffgnffg
586 3438 804 3504 valere
836 3457 963 3503 non
1005 3435 1214 3523 quoad
1256 3435 1558 3522 gratiam,
1596 3435 1708 3501 sed
1747 3435 1899 3521 quia
1932 3434 2134 3501 adim-

256 3545 519 3604 praeoepu·
584 3553 787 3642 plevit
812 3565 1233 3641 praeceptum,
1271 3574 1417 3640 quae
1445 3551 1817 3636 adimpletio
1851 3551 1974 3637 ipsi
2008 3572 2133 3617 non

582 3667 754 3735 valet
794 3669 1003 3755 quoad
1042 3667 1344 3747 salutem,
1380 3667 1505 3734 nisi
1540 3688 1652 3754 per
1684 3666 2133 3752 poenitentiam

582 3799 645 3854 et
694 3786 765 3852 fit
832 3785 1009 3853 filius
1053 3786 1267 3872 regni,
1305 3797 1366 3852 et
1408 3785 1691 3871 amplius
1726 3804 1851 3849 non
1909 3783 2134 3869 alliga-

578 3915 687 3970 tur
708 3916 1038 3990 praecepto
1084 3903 1428 3989 Baptismi:
1459 3904 1543 3967 Et
1565 3904 1684 3968 hoc
1714 3912 1894 3980 nota,
1926 3899 2136 3987 inquit

580 4019 757 4106 quod
813 4020 1170 4085 actualiter
1240 4039 1529 4106 peccans
1598 4007 1972 4083 mortaliter
2062 4018 2137 4081 in

579 4136 739 4214 alic,
802 4137 942 4201 sive
1013 4138 1086 4201 in
1154 4134 1274 4200 illo
1344 4146 1517 4218 actu,
1577 4144 1786 4218 potest
1862 4133 2137 4219 implere

575 4263 979 4340 proeceptum
1053 4253 1549 4337 affirmativum
1608 4251 1806 4315 etiam
1862 4250 1938 4314 in
2015 4249 2136 4314 itto

272 4351 501 4469 gggffl·
579 4380 751 4434 actu.
826 4372 977 4435 Haec
1018 4368 1238 4454 regula
1312 4377 1487 4453 patet
1539 4365 1603 4430 in
1654 4364 1958 4452 praesenti
2004 4384 2134 4429 ma-

230 4479 383 4530 Ratio
406 4481 531 4545 ejus.
579 4486 762 4569 teria,
797 4485 950 4572 quia
1016 4483 1206 4551 fictus
1292 4482 1672 4571 adimplevit
1712 4493 2132 4568 praeceptum,

575 4613 750 4689 patet
780 4601 973 4668 etiam
1000 4600 1272 4679 ratione,
1309 4600 1467 4686 quia
1525 4609 1924 4686 praeceptum
1965 4597 2136 4664 affir-

573 4720 886 4786 mativum
968 4718 1362 4784 determinat
1408 4727 1622 4784 actum
1688 4715 1896 4803 quoad
1980 4716 2138 4782 sub-

571 4836 899 4914 stantiam,
962 4853 1090 4900 non
1130 4855 1287 4901 vero
1333 4834 1541 4921 quoad
1574 4832 1772 4900 finem
1823 4831 2135 4898 extrinse-

570 4970 745 5029 cum,
801 4961 913 5016 aut
958 4948 1117 5015 alias
1170 4947 1721 5030 circumstantias,
1766 4968 1912 5034 quae
1953 4969 2134 5035 sepa—

573 5066 709 5132 rari
803 5078 1074 5152 possunt
1131 5087 1166 5132 a
1219 5067 1584 5133 substantia
1657 5077 1862 5145 actus,
1945 5077 2136 5151 prout

566 5181 739 5248 cadit
805 5182 926 5248 sub
996 5194 1370 5270 praecepto;
1415 5184 1571 5249 hinc
1644 5182 2134 5249 communicans

573 5298 889 5385 sacrilege
945 5300 1010 5365 in
1076 5299 1387 5366 Paschate
1446 5299 1761 5367 satisfacit
1810 5311 2130 5387 praecepto

570 5416 903 5495 Ecclesiae,
945 5429 1013 5481 ut
1060 5416 1472 5484 communior
1494 5422 1667 5483 tenet
1703 5437 1849 5481 cum
1894 5420 2129 5484 Covar-

569 5533 761 5600 ruvia
817 5535 892 5599 in
941 5554 1086 5620 cap.
1144 5532 1338 5599 Alma
1389 5545 1621 5599 mater.

234 3286 551 3355 Bapti>mum

1738 371 1912 448 512113.
1943 373 2045 434 lV.
2076 370 2670 439 SENTENTIARUM

2321 536 2498 601 Hanc
2540 540 2955 618 sententiam,
3040 560 3155 604 seu
3235 537 3496 603 modum
3569 534 3780 621 expli·
3938 561 4020 636 39:

2233 651 2445 729 candi,
2509 655 2807 741 sequitur
2872 655 3124 721 Gabriel
3166 667 3481 742 quantum
3568 650 3644 717 ad
3698 651 3786 717 ef·
3853 625 4097 752 Εζὲζῖξξζ

2237 769 2470 835 fectum
2533 772 2786 857 gratiae,
2867 784 2931 839 et
2985 771 3441 838 remissionem
3512 768 3786 836 actualis
3850 749 4103 879 &affixi-

2235 887 2466 974 culpae.
2506 890 2792 975 Angelus
2815 892 3007 956 verbo
3039 892 3438 976 Baptismus,
3467 887 3792 955 Adrianus
3837 879 4112 1005 Afigffih·

2235 1006 2308 1070 in
2340 1010 2402 1069 4.
2449 1017 2674 1092 quccst.
2746 1012 2808 1072 5.
2847 1007 2927 1073 dc
2988 1008 3452 1090 Confessionc.
3497 1008 3789 1091 Vasquez

2236 1141 2382 1208 cap.
2446 1127 2509 1190 4.
2580 1124 2898 1190 etGlossa
2967 1126 3038 1189 in
3089 1146 3241 1209 cap.
3306 1124 3483 1189 Time
3542 1123 3793 1218 valere,

2237 1238 2318 1304 de
2382 1242 2892 1319 consecratione,
2995 1240 3150 1306 dist.
3224 1243 3287 1304 4.
3360 1239 3476 1305 Hic
3561 1237 3795 1303 modus

2236 1353 2488 1420 dicendi
2522 1356 2832 1441 applicari
2876 1368 3088 1442 potest
3120 1355 3616 1422 auctoritatibus
3656 1358 3793 1420 Au-

2239 1472 2512 1558 gustini,
2585 1477 2694 1560 qui
2759 1475 2871 1539 lib.
2930 1480 2990 1541 l.
3038 1475 3119 1540 de
3197 1477 3565 1560 BaptismO,
3647 1495 3799 1559 cap.

2244 1583 2347 1645 12.
2397 1582 2536 1646 loco
2584 1584 2806 1661 citam,
2864 1582 3019 1649 dicit
3080 1583 3469 1668 baptizatum
3506 1580 3651 1647 ficte
3682 1583 3801 1666 pia

2238 1695 2664 1772 correctione,
2703 1692 2764 1758 id
2833 1705 2951 1773 est,
3007 1694 3437 1759 conversione
3497 1714 3612 1778 per
3659 1715 3798 1778 poe-

2245 1807 2604 1884 nitentiam,
2672 1821 2730 1873 et
2792 1831 2944 1875 vera
2993 1811 3402 1896 consessione
3459 1810 3799 1893 pur-qaid,-

2245 1926 2417 2009 quod
2465 1947 2600 1991 non
2655 1938 2892 2011 posset,
2940 1927 3174 2013 inquit,
3252 1925 3512 2012 (supple
3542 1925 3794 1990 confes-

2245 2045 2342 2111 sio
2400 2056 2458 2109 et
2528 2044 2900 2122 correctio)
2951 2046 3094 2108 sinc
3194 2045 3553 2127 BaptismO,
3645 2042 3799 2129 quia

2249 2179 2480 2244 nempe
2549 2179 2675 2223 non
2743 2171 2915 2222 esset
2973 2179 3176 2244 capax
3238 2158 3668 2223 confessionis
3736 2170 3799 2224 ct

2252 2276 2652 2340 Sacramenti
2706 2275 3138 2355 Poenitentiae,
3211 2274 3336 2340 nisi
3441 2281 3614 2341 esset
3693 2275 3798 2340 ba·

2248 2391 2563 2479 ptizatus;
2635 2404 2698 2457 et
2763 2391 3040 2457 subdit:
3118 2392 3256 2457 sed*
3325 2402 3544 2457 tamen
3631 2390 3803 2477 quod

2249 2520 2401 2572 ante
2438 2519 2528 2572 cst
2596 2509 2617 2590 (
2656 2508 2889 2593 supple
2939 2508 3321 2593 Baptisma),
3381 2520 3535 2571 tunc
3583 2509 3803 2572 valere

2249 2625 2537 2707 incipiat
2567 2622 2657 2687 ad
2696 2625 2999 2700 salutem,
3038 2623 3332 2688 camilla
3368 2624 3552 2705 fictio
3610 2642 3801 2687 vera-

2249 2741 2312 2803 ci
2367 2739 2786 2823 confessionc
2840 2741 3202 2804 recesserit.
3253 2739 3502 2814 Quibus
3584 2738 3806 2804 verbis

2247 2857 2366 2923 soli
2417 2857 2802 2924 correctioni
2871 2869 2936 2922 et
2966 2857 3363 2923 confessioni
3430 2856 3662 2923 tribuit
3707 2856 3799 2921 ef-

2251 2974 2488 3039 fectum
2561 2974 2968 3060 purgationis
3026 2994 3063 3038 a
3122 2985 3407 3059 peccat0,
3483 2974 3638 3041 licet
3716 2972 3793 3039 ad

2249 3091 2372 3158 hoc
2421 3090 2609 3156 faciat
2688 3091 3082 3177 BaptismuS,
3172 3090 3563 3178 inquantum
3639 3110 3797 3155 con-

2251 3209 2460 3275 stituit
2521 3210 2854 3276 hominem
2921 3231 3221 3297 capacem
3290 3210 3551 3278 illorum
3586 3209 3790 3275 dono-

2254 3345 2421 3391 rum.
2481 3324 2593 3389 llla
2642 3338 2855 3390 autem
2921 3325 3232 3407 clausula,
3299 3337 3451 3392 tmw
3503 3326 3788 3411 incipiat

2252 3441 2472 3505 valere
2526 3441 2616 3505 ad
2688 3442 2988 3519 salutem,
3071 3441 3303 3529 supple
3390 3440 3784 3528 BaptismUS,

2248 3556 2471 3623 eadem
2543 3557 2793 3624 ratione
2853 3557 3281 3643 intelligenda
3363 3568 3486 3637 est,
3562 3576 3796 3643 nempe

2247 3672 2395 3759 quia
2439 3686 2831 3760 praeceptum
2878 3671 3282 3760 adimplevit,
3327 3673 3468 3738 sine
3499 3694 3624 3760 qua
3685 3672 3793 3738 ad-

2248 3788 2626 3874 impletione
2676 3809 2802 3854 non
2837 3787 2907 3854 fit
2955 3809 3159 3875 capax
3190 3789 3441 3866 salutiS‚
3486 3799 3550 3854 et
3600 3788 3786 3854 dein-

2247 3924 2399 3989 ceps
2445 3903 2784 3970 constituit
2849 3904 3182 3970 hominem
3233 3926 3561 3991 capacem,
3617 3926 3792 3971 rece—

2251 4020 2443 4086 dente
2509 4020 2793 4099 fictione,
2853 4020 3128 4086 aliorum
3198 4021 3515 4088 donorum
3549 4034 3612 4088 et
3651 4043 3790 4088 me·

2250 4136 2505 4202 diorum
2585 4156 2733 4223 quae
2772 4136 2850 4202 ad
2923 4138 3197 4204 salutem
3290 4137 3560 4207 faciunt.

2338 4255 2489 4319 Haec
2538 4253 2731 4318 etiam
2775 4252 3224 4340 interpretario
3265 4264 3365 4319 est
3429 4253 3786 4333 secundum
3938 4268 4019 4320 ⁴0.

2251 4370 2494 4456 stylum
2549 4369 2923 4457 Augustini,
2992 4371 3136 4437 aliis
3193 4370 3256 4435 in
3319 4369 3501 4449 lociS,
3563 4382 3633 4437 ut
3670 4370 3782 4451 lib,
3815 4332 4155 4445 lntexiffieta-

2253 4488 2312 4552 1.
2357 4485 2436 4551 de
2485 4486 2753 4572 nuptiis,
2812 4500 2875 4552 et
2904 4487 3452 4573 concupiscentia,
3497 4509 3638 4575 cap.
3674 4491 3781 4553 33.
3840 4459 4131 4572 οοῖξξῖῃὼ

2248 4604 2360 4669 Sic
2418 4594 2622 4680 enim,
2664 4602 2898 4690 inquit,
2971 4604 3434 4690 accipiendum
3484 4604 3786 4691 est(sup-
3846 4583 4147 4648 Angustia,

2252 4719 2353 4807 ple
2428 4718 2598 4805 quod
2645 4718 2800 4784 dicit
2830 4719 3179 4805 Apostolus
3228 4719 3307 4785 ad
3351 4720 3670 4806 Ephesios
3718 4726 3782 4788 5.

2249 4833 2328 4898 de
2361 4832 2781 4899 mundatione
2821 4833 3128 4901 Ecclesiae
3173 4854 3286 4920 per
3326 4834 3656 4903 lavacrum
3698 4857 3789 4904 re·

2247 4948 2714 5035 generationis)
2781 4960 2851 5014 ut
2917 4950 3144 5015 codem
3198 4952 3464 5017 lavacro
3522 4974 3785 5039 reqene-

2246 5066 2536 5130 rationis
2574 5075 2634 5130 et
2672 5065 2865 5130 verbo
2917 5068 3491 5150 sanctificationis,
3565 5072 3790 5135 omnia

2244 5203 2525 5267 prorsus
2588 5183 2768 5248 mala
2837 5184 3177 5250 hominum
3245 5198 3788 5273 repen-erectorum

2243 5300 2533 5366 munden
2543 5311 2651 5366 tur
2671 5311 2865 5387 atque
2884 5312 3231 5380 sanentur,
3255 5322 3392 5367 non
3411 5301 3621 5368 solum
3638 5323 3786 5389 pec-

2243 5430 2389 5484 cata
2421 5419 2809 5505 quoeomnia
2832 5440 3006 5484 nunc
3035 5420 3473 5485 remittuntur
3513 5421 3586 5485 in
3655 5422 3780 5484 Ba-

2233 5536 2501 5622 ptism0,
2544 5536 2660 5602 scd
2700 5537 2903 5601 etiam
2943 5556 3085 5622 quce
3109 5537 3438 5622 posterius
3484 5537 3778 5603 humana

3845 3314 4154 3379 Explicatur

3847 3378 4102 3443 Augusti·

3904 3454 4004 3489 nus
4015 3481 4027 3493 .
