4287 6313
1474 400 1675 461 DIST.
1723 400 1850 460 Vll.
1887 399 2250 473 QUAES'rlo
2287 403 2331 462 1.

390 561 574 641 scopi
630 560 1030 641 confirmare
1070 572 1369 646 possunt,
1434 562 1532 625 ita
1586 562 1939 647 disponere

386 683 622 757 posset,
711 674 825 739 ubi
890 686 951 743 et
1028 676 1299 763 quando
1375 679 1669 764 exiyeret
1732 678 1930 756 ratio,

388 790 560 876 quod
589 792 976 859 Sacerdotes
1022 815 1159 860 non
1214 794 1538 881 Episcopi
1568 795 1930 876 confirma-

386 928 459 971 re
491 909 768 993 possint,
825 910 984 995 quia
1046 931 1250 996 super
1330 931 1565 997 corpus
1671 910 1937 976 Christi

385 1025 754 1109 mysticum,
801 1026 976 1112 quod
1035 1036 1129 1092 est
1188 1028 1507 1106 Ecclesia,
1574 1026 1765 1093 habet
1808 1029 1935 1092 Ρα-

384 1162 475 1227 pa
528 1142 1033 1227 plenitudinem
1076 1145 1445 1228 potestatis,
1500 1154 1622 1210 etc.
1684 1142 1940 1209 Fundat

388 1276 546 1343 ergo
616 1265 1007 1343 potestatem
1080 1257 1507 1324 confirmandi
1559 1257 1624 1323 in
1676 1256 1942 1344 jurisdi-

389 1373 626 1453 ctione,
675 1376 915 1441 nonin
981 1374 1233 1458 ordine,
1308 1389 1377 1442 ut
1433 1386 1608 1463 patet
1666 1373 1939 1456 ibidem,

391 1492 559 1559 hanc
625 1493 1056 1561 differentiam
1109 1495 1256 1581 ejus
1318 1505 1611 1561 statuens
1658 1515 1694 1560 a
1761 1505 1942 1581 pote-

390 1621 556 1676 state
640 1613 1061 1678 consecrandi
1164 1612 1666 1679 Eucharistiam.
1761 1612 1944 1677 Unde

391 1727 753 1812 quaestione
794 1729 1114 1817 sequenti,
1151 1750 1233 1795 ex
1300 1729 1525 1796 eadem
1590 1727 1937 1808 sententia,

393 1862 587 1928 quam
619 1843 895 1911 aliorum
943 1845 1207 1912 nomine
1272 1845 1451 1927 citat,
1525 1857 1722 1932 negat
1789 1843 1943 1930 Epi-

394 1981 663 2046 scopum
716 1961 1137 2049 degradatum
1172 1984 1363 2049 posse
1395 1962 1790 2029 confirmare
1834 1981 1944 2026 va-

392 2075 543 2156 lide,
599 2078 748 2166 quia
806 2058 1015 2145 ablata
1078 2090 1177 2145 est
1262 2079 1320 2146 ei
1390 2078 1604 2145 omnis
1666 2077 1938 2164 jurisdi-

392 2192 545 2275 cti0,
593 2194 657 2258 in
716 2215 843 2282 qua
885 2195 1190 2262 fundatur
1258 2195 1440 2262 valor
1505 2195 1656 2261 talis
1729 2206 1938 2260 actuS.

396 2314 491 2376 Ex
542 2310 665 2375 hac
695 2312 1017 2377 sententia
1065 2332 1178 2378 seu
1236 2311 1425 2377 modo
1491 2310 1746 2377 dicendi
1824 2311 1944 2378 ali-

402 2448 613 2507 orum,
642 2428 906 2514 sequela
936 2428 1243 2515 opinandi
1275 2433 1510 2495 Doctor
1541 2441 1715 2495 recte
1747 2428 1946 2495 addu-

399 2544 487 2611 cit
527 2544 709 2612 illum
753 2546 1014 2611 modum
1064 2546 1428 2632 explicandi
1468 2570 1482 2626 ;
1538 2566 1685 2612 nam
1771 2546 1941 2626 dat0,

398 2659 569 2748 quod
609 2662 944 2728 character
1002 2661 1088 2728 sit
1121 2661 1290 2727 idem
1349 2661 1414 2726 in
1458 2663 1842 2747 Presbytero
1884 2673 1948 2727 et

397 2776 739 2864 EpiscopO,
784 2789 851 2844 et
905 2777 1041 2844 sola
1100 2777 1465 2844 differentia
1527 2777 1613 2843 sit
1696 2777 1948 2843 ratione

390 2894 870 2980 jurisdictionis
902 2894 1154 2962 collatae
1194 2916 1230 2962 a
1269 2895 1526 2961 Vicario
1582 2895 1829 2960 Christi
1879 2892 1947 2961 in

392 3011 620 3078 ordine
651 3015 727 3078 ad
770 3025 983 3079 actum
1017 3011 1475 3092 confirmandi,
1513 3011 1679 3077 bene
1733 3011 1948 3098 sequi-

392 3139 498 3196 tur
529 3127 701 3216 quod
733 3128 1149 3196 concedendo
1179 3128 1471 3196 eamdem
1495 3126 1943 3195 auctoritatem

392 3246 676 3332 simplici
716 3246 1075 3328 Sacerdoti,
1123 3246 1329 3327 fieret,
1367 3246 1579 3334 quoad
1621 3246 1801 3312 illum
1844 3266 1945 3311 ac·

396 3374 533 3429 tum
564 3363 951 3450 EpiscopuS,
987 3362 1052 3429 id
1084 3376 1204 3445 est,
1236 3363 1761 3450 jurisdictionem
1793 3363 1944 3448 Epi·

396 3480 719 3568 scopalem
752 3481 1025 3560 habens,
1092 3479 1241 3545 licet
1317 3499 1447 3545 non
1508 3479 1934 3556 ordinariam,

403 3596 515 3663 sed
546 3597 936 3685 delegatam.

492 3715 678 3780 Hunc
718 3712 981 3779 modum
1024 3711 1396 3800 explicandi
1455 3711 1944 3779 concessionem

143 3799 307 3915 33⁷5„-
408 3829 725 3915 Gregorii,
782 3832 1000 3912 Sotus‚
1084 3839 1154 3896 ut
1220 3829 1557 3917 proprium
1657 3829 1951 3896 DoctoriS

52 3922 383 4040 M{,2³i¹‡gr,
408 3945 582 4023 citat,
627 3956 693 4011 et
732 3956 877 4030 post
914 3965 1062 4011 eum
1096 3946 1377 4024 Suarez;
1432 3957 1496 4010 et
1528 3945 1942 4032 impugnant,

72 4058 356 4164 ssssffssssffi
409 4059 559 4146 quia
598 4057 898 4125 Pontifex
938 4080 1066 4125 non
1101 4071 1308 4146 potest
1337 4061 1639 4127 ordinare
1688 4061 1947 4148 Episco-

51 4176 382 4303 obssgffipes·
412 4196 527 4261 pos
566 4175 891 4241 absentes,
940 4175 1258 4253 Secunde,
1306 4176 1459 4263 quia
1540 4196 1667 4242 non
1737 4189 1949 4263 potest

407 4292 709 4358 ordinare
741 4311 852 4358 eos
884 4291 964 4357 ad
1009 4311 1210 4357 unum
1242 4290 1569 4371 effectum,
1625 4303 1687 4358 et
1711 4314 1837 4359 non
1870 4294 1947 4361 ad

407 4429 659 4488 omneS,
698 4408 848 4496 quia
888 4407 984 4474 sic
1011 4417 1233 4474 essent
1285 4406 1562 4473 ordinati
1596 4408 1949 4496 semi-Epi-

407 4525 610 4612 scopi,
673 4524 787 4591 sed
829 4545 957 4591 non
991 4524 1229 4592 mirum
1272 4525 1328 4591 si
1377 4525 1622 4591 erravit
1657 4527 1850 4592 Sotus
1882 4526 1945 4592 in

406 4653 622 4708 mente
657 4643 973 4723 DoctoriS,
1001 4662 1149 4708 cum
1183 4639 1502 4709 erraverit
1522 4640 1588 4707 in
1616 4640 1945 4731 inscripti·

405 4778 530 4825 one
587 4758 762 4824 illius
827 4757 1094 4839 decreti,
1168 4756 1340 4846 quod
1425 4757 1577 4825 citat
1642 4769 1948 4845 tanquam

406 4875 721 4964 scriptum
755 4876 832 4942 ad
872 4875 1251 4943 Ianuarium
1292 4876 1947 4964 Constantinopolita-

408 5012 589 5073 num,
636 5003 699 5059 et
729 4992 1125 5080 Episcopum
1170 4991 1564 5059 Graecanicae
1612 4992 1943 5075 Ecclesiae,

406 5128 525 5176 nec
556 5120 657 5175 est
705 5109 877 5196 quod
936 5121 1262 5197 vagentur
1340 5108 1815 5176 hallucinantes
1871 5108 1949 5175 ad

409 5236 692 5291 mentem
746 5224 1036 5292 Doctoris
1078 5248 1092 5304 ;
1139 5225 1383 5291 clarum
1454 5223 1629 5290 enim
1706 5234 1806 5290 est
1872 5245 1951 5290 ex

402 5350 590 5405 textu
637 5361 787 5406 eum
848 5340 1024 5428 loqui
1076 5341 1154 5407 de
1187 5340 1648 5428 jurisdictione
1687 5340 1952 5425 Episco-

408 5454 535 5541 pali
593 5466 657 5521 et
721 5478 801 5523 ex
863 5468 1078 5523 mente
1130 5457 1433 5538 aliorum,
1498 5455 1709 5544 quoad
1766 5453 1947 5521 illum

407 5581 657 5638 tantum
690 5583 929 5639 actum.
967 5572 1151 5640 Unde
1188 5571 1451 5661 subjicit
1485 5596 1499 5640 z
1557 5593 1693 5638 non
1730 5581 1951 5639 tamen

3511 401 3629 464 685

2061 540 2474 647 conferendo
2511 565 2642 630 sibi
2677 568 3081 652 simpliciter
3115 566 3402 652 pradum
3441 565 3611 651 Epi—

2049 682 2397 765 scopalem,
2427 700 2545 745 nec
2568 692 2894 767 quantum
2935 681 3025 747 ad
3057 683 3227 747 alios
3256 690 3599 759 actus,etc.

2052 795 2272 861 Dando
2312 796 2490 863 hunc
2537 809 2756 863 actum
2801 796 3166 864 consistere
3208 797 3273 862 in
3324 794 3601 883 jurisdi-

2051 908 2290 991 ctione,
2327 924 2390 976 et
2433 932 2560 977 non
2612 912 2676 978 in
2727 912 2957 978 ordine
3026 911 3346 999 proxime,
3420 909 3608 976 facile

2052 1037 2152 1094 est
2209 1027 2507 1094 invenire
2569 1027 3006 1095 differentiam
3079 1028 3247 1095 inter
3321 1026 3599 1114 gradum

2051 1144 2500 1231 Episcopalem
2577 1146 2985 1231 simpliciter,
3076 1159 3138 1212 et.
3206 1156 3594 1233 potestatem

2051 1256 2415 1344 delegatam
2455 1258 2533 1324 ad
2590 1259 2875 1348 aliquem
2916 1272 3132 1327 actum
3193 1259 3593 1326 determina-

2057 1383 2230 1439 tum.

2146 1490 2447 1557 Doctrina
2491 1507 2709 1558 tamen
2778 1492 2843 1557 in
2913 1513 3039 1578 qua
3117 1493 3426 1560 fundatur
3490 1490 3598 1557 hic
3759 1502 3836 1553 58.

2054 1606 2284 1673 modus
2323 1606 2683 1692 explicandi
2743 1608 3233 1675 concessionem
3271 1606 3594 1694 Gregorii,
3651 1566 3932 1700 rEs‘ffdss‘ig-

2052 1719 2200 1787 licet
2228 1723 2660 1810 quorumdam
2713 1723 2797 1790 sit
2855 1725 3380 1803 Canonistarum,
3467 1743 3595 1788 non
3651 1705 3928 1817 praeffifssae

2051 1851 2149 1905 est
2187 1859 2365 1917 vera,
2404 1860 2617 1927 neque
2654 1841 2931 1907 tenenda
2964 1854 3110 1928 post
3143 1841 3595 1908 Tridentinum
3660 1814 3925 1928 ῗξῗὲζζῗ

2052 1976 2207 2023 sess.
2254 1959 2369 2021 23.
2421 1977 2569 2042 cap.
2636 1961 2699 2022 4.
2745 1960 3184 2026 Sacros-ancta
3278 1959 3593 2045 Synodus

2052 2072 2351 2139 declarat
2404 2085 2650 2160 praeter
2742 2086 3006 2141 coeteros
3106 2077 3604 2143 Ecclesiasticos

2053 2191 2326 2279 yradus,
2389 2193 2769 2277 Episcopos,
2827 2194 2942 2278 qui
3008 2193 3081 2257 in
3138 2193 3604 2278 Apostolorum

2059 2309 2270 2374 locum
2333 2319 2778 2374 successerunt
2854 2309 2943 2374 ad
2990 2309 3162 2375 hunc
3227 2311 3608 2376 hierarchi-

2057 2446 2206 2489 cum
2271 2424 2600 2503 ordinem,
2674 2436 2797 2491 etc.
2878 2447 3108 2512 eosque
3195 2426 3611 2512 Presbyteris

2054 2541 2430 2624 superiores
2461 2561 2616 2619 esse,
2664 2561 2741 2604 ac
2791 2540 3301 2606 Sacramentum
3359 2543 3605 2624 confir-

2058 2655 2373 2719 mationis
2404 2656 2729 2738 conferre,
2775 2656 3121 2721 ministros
3159 2656 3469 2721 Ecclesiae
3500 2676 3605 2719 or-

2057 2770 2321 2851 dinare,
2362 2786 2484 2838 etc.
2522 2793 2802 2858 quarum
2833 2773 3258 2855 fitnctionum
3320 2782 3607 2859 potesta-

2070 2899 2196 2953 tem
2266 2878 2515 2974 reliqui
2580 2890 2935 2972 inferioris
2998 2888 3261 2954 ordinis
3350 2889 3608 2954 nullam

2060 3003 2463 3080 habent,etc.
2512 3002 2689 3068 Idem
2726 3002 2920 3068 habet
2949 3024 3095 3068 can.
3145 3007 3207 3070 7.
3280 3002 3357 3069 de
3389 3014 3607 3069 aucto-

2061 3118 2273 3200 ritate,
2323 3139 2516 3207 quam
2548 3117 2791 3187 habent
2838 3118 3139 3206 Episcopi
3189 3118 3438 3186 ratione
3505 3120 3607 3187 sui

2059 3236 2335 3317 ordiniS,
2384 3248 2455 3302 ut
2520 3237 2892 3323 superiores
2960 3252 3110 3303 sunt
3175 3238 3605 3324 PresbyteriS,

2060 3351 2350 3439 loquitur
2408 3351 2791 3432 Concilium,
2850 3353 3038 3439 juxta
3105 3352 3605 3420 declarationem

2060 3467 2480 3555 antiquorum
2574 3473 2908 3536 Canonum
3016 3491 3089 3535 ex
3203 3469 3615 3536 institutione

2058 3584 2298 3651 Christi
2333 3608 2347 3662 ;
2384 3595 2447 3650 et
2484 3586 2877 3672 comparatio
2936 3597 3036 3652 est
3096 3585 3265 3651 inter
3323 3586 3501 3672 ipsos
3546 3597 3613 3652 et

2061 3700 2487 3786 presbyteros
2551 3700 2906 3787 simpliceS,
2974 3712 3292 3788 quantum
3376 3701 3453 3767 ad
3505 3701 3591 3781 id,

2058 3817 2231 3905 quod
2273 3816 2530 3905 utrique
2589 3839 2668 3884 ex
2728 3819 2988 3905 propria
3054 3818 3463 3885 ordinatione
3513 3831 3615 3885 est

2062 3934 2423 4021 proprium.
2713 4019 2726 4027 .

2148 4053 2244 4116 Ex
2280 4050 2386 4118 his
2445 4062 2723 4138 quatuor
2773 4049 2984 4117 modis
3045 4049 3414 4138 explicandi
3449 4071 3608 4117 con-

2061 4169 2426 4236 cessionem
2507 4169 2826 4256 Gregorii,
2938 4189 3216 4257 quorum
3325 4168 3610 4256 quilibet,

2061 4287 2342 4353 sustinet
2370 4286 2576 4373 ipsam
2617 4288 3132 4367 concessionem,
3181 4295 3251 4350 ut
3291 4285 3604 4366 validam,

2057 4415 2232 4471 etex
2275 4401 2416 4490 ipsa
2443 4402 2810 4488 objectione
2852 4403 3014 4470 facta
3047 4423 3082 4470 a
3114 4407 3416 4484 Doctore‚
3458 4424 3612 4492 quae

2062 4542 2192 4587 non
2222 4534 2320 4588 est
2363 4533 2586 4587 contra
2623 4520 3112 4588 concessionem
3151 4574 3164 4601 ,
3208 4521 3321 4587 sed
3355 4542 3430 4587 ex
3471 4521 3613 4608 ipsa

2061 4637 2508 4721 concessione,
2549 4637 2882 4723 probando
2956 4636 3318 4724 simplicem
3388 4640 3613 4705 Sacer-

2058 4754 2273 4820 dotem
2305 4775 2497 4842 posse
2538 4753 2952 4835 confirmare,
3009 4756 3367 4822 secundum
3430 4754 3606 4822 illam

2063 4872 2444 4959 particulam
2466 4872 2868 4940 definitionis
2899 4873 2980 4940 de
3011 4872 3312 4941 ministro
3345 4874 3603 4957 idone0,

2061 5010 2255 5076 quem
2323 4990 2490 5057 infra
2565 4989 2849 5057 declarat
2942 5011 3088 5057 esse
3180 4989 3604 5078 Episcopum,

2062 5126 2296 5193 nempe
2335 5107 2737 5175 ordinarium
2801 5106 3200 5186 ministrum,
3273 5106 3376 5173 vel
3446 5129 3593 5176 eum

2058 5223 2161 5288 cui
2204 5223 2524 5289 committi
2584 5224 2842 5310 poterit,
2879 5244 3116 5312 nempe
3155 5223 3598 5303 Sacerdotem,

2058 5361 2139 5407 ex
2180 5340 2639 5407 commissione
2670 5361 2782 5407 seu
2814 5340 3433 5427 dispensatione.Ex
3467 5339 3597 5423 his,

2061 5457 2348 5545 inquam,
2390 5458 2549 5525 satis
2581 5457 2911 5545 colligitur
2941 5479 3061 5525 nec
3091 5463 3425 5525 Doctorem
3459 5478 3606 5524 esse

2061 5572 2334 5640 dubium
2403 5573 2469 5640 in
2518 5574 2639 5641 hac
2676 5574 3022 5654 sententia,
3078 5594 3292 5662 neque
3361 5572 3606 5641 sentire
