4287 6313
610 382 729 444 544
1785 388 1921 450 ΗΒ.
1968 389 2067 449 lv,
2110 387 2707 454 SENTENTIARUM

612 540 830 622 sivae,
867 543 945 614 et
982 564 1127 634 per
1163 565 1661 638 consequens
1705 545 1979 636 plures
2013 546 2163 617 Ba-

614 657 919 749 ptismi.

396 786 424 834 3
698 773 812 845 Ad
856 774 1234 866 primum,
1271 779 1615 852 concedo
1650 779 1878 852 illam
1914 780 2161 874 majo·

282 846 365 896 An
392 818 562 909 piures

262 908 573 1021 baffiziffies
613 909 783 961 rem
852 891 943 962 de
1009 912 1256 965 causa
1327 894 1747 970 inducente
1807 893 2162 966 formam

342 1048 492 1083 unam
611 1006 1025 1091 effective;
1092 1008 1222 1082 hic
1291 1014 1564 1085 autem
1634 1011 1935 1087 inducit
2003 1010 2163 1084 for·

315 1109 527 1229 {3¹4⁸ssss
614 1145 829 1196 mam
860 1126 1101 1205 Deus,
1135 1146 1295 1198 non
1347 1126 1745 1201 minister.
2096 1214 2110 1228 ·

278 1218 559 1284 B⁸P²¹⁸¹¹¹¹²
698 1243 799 1314 Et
869 1242 937 1313 si
1019 1242 1382 1334 objicias,
1449 1244 1739 1318 saltem
1806 1244 2160 1316 formam

610 1357 1035 1450 Baptismi,
1074 1364 1161 1431 ut
1194 1363 1315 1433 est
1359 1364 2002 1442 Sacramentum,
2052 1361 2161 1432 in-

606 1475 827 1548 ducit
906 1475 1304 1559 minister,
1376 1483 1456 1551 et
1526 1477 1642 1550 sic
1713 1482 1902 1551 sunt
1987 1478 2161 1550 duae

606 1611 895 1676 causae,
950 1598 1031 1668 et
1082 1596 1427 1687 utraque
1461 1596 2162 1688 totalis.'Respon·

608 1719 779 1799 deo,
844 1717 912 1790 si
965 1721 1306 1812 uterque
1375 1722 1676 1804 abluat,
1731 1726 2020 1796 neuter
2083 1723 2163 1795 in

609 1834 997 1906 abluendo
1048 1840 1173 1909 est
1225 1856 1473 1909 causa
1531 1838 1839 1919 totalis,
1894 1842 1974 1911 et
2008 1836 2159 1910 hoc

615 1950 784 2023 sive
817 1951 1120 2026 ablutio
1158 1953 1296 2024 fiat
1340 1954 1889 2047 immergendo
1939 1955 2160 2042 (tunc

613 2066 828 2138 enim
915 2069 1149 2140 ambo
1221 2074 1547 2144 movent
1632 2091 1931 2163 corpus
2018 2070 2160 2143 im-

616 2183 864 2255 mersi
908 2205 1066 2257 uno
1120 2191 1341 2259 motu
1395 2191 1729 2261 causato
1764 2207 1810 2259 a
1849 2187 2160 2261 virtute

620 2299 926 2372 motiva
1001 2300 1464 2384 amborum;
1536 2307 1616 2376 et
1691 2302 1880 2377 licet
1950 2303 2164 2376 alter

620 2421 894 2509 posset
964 2417 1191 2488 illum
1256 2424 1568 2494 motum
1628 2440 1998 2502 causare,
2052 2425 2163 2493 ta-

614 2553 793 2605 men
836 2535 1146 2624 quando
1191 2535 1434 2606 simul
1479 2540 1827 2618 movent,
1871 2539 2163 2610 neuter

613 2648 877 2722 utitur
948 2653 1126 2724 tota
1213 2671 1358 2723 sua
1438 2652 1749 2726 virtute
1821 2651 2158 2734 motiva,

611 2784 767 2855 qua
827 2770 1104 2857 posset
1147 2785 1240 2838 ea
1313 2766 1457 2850 uti,
1524 2767 1735 2841 sicut
1785 2772 2154 2861 apparet,

612 2882 928 2973 quando
963 2883 1113 2954 duo
1162 2887 1496 2974 portant
1541 2905 1787 2956 unum
1821 2885 2156 2978 pondus,

614 2998 815 3089 quod
877 2999 1122 3072 aliter
1164 2999 1385 3071 solus
1428 3004 1707 3092 posset
1764 3003 2156 3094 portare),

615 3113 783 3187 sive
839 3115 980 3189 fiat
1051 3115 1620 3209 perfundend0‚
1688 3117 1817 3190 vel
1885 3136 2160 3211 asper-

613 3233 893 3323 gendo,
989 3232 1178 3307 licet
1267 3237 1607 3324 uterque
1679 3231 2160 3308 madefaciat

617 3368 825 3441 aqua
894 3368 942 3420 a
1016 3370 1100 3422 se
1170 3350 1524 3442 perfusa,
1605 3350 1733 3422 vel
1787 3371 2154 3442 aspersa,

611 3471 899 3540 neuter
967 3471 1237 3540 tamen
1290 3468 1719 3540 madefacit
1777 3471 1957 3540 tota
2019 3467 2161 3541 illa

616 3582 1225 3662 madefactione,
1300 3603 1475 3674 quae
1520 3587 1646 3657 est
1703 3603 1849 3676 per
1889 3603 2162 3674 asper-

615 3698 929 3772 sionem
972 3699 1425 3771 amborum.

702 3814 849 3889 Sed
897 3814 1150 3887 adhuc
1182 3814 1504 3887 videtur
1546 3816 1769 3886 stare
1819 3812 2157 3886 difficul-

612 3935 766 4012 tas,
815 3930 1002 4023 quia
1045 3933 1383 4022 uterque
1430 3934 1555 4004 est
1592 3949 1842 4002 causa
1874 3930 2160 4004 totalis

617 4050 990 4141 respectu
1037 4047 1528 4141 prolationis
1567 4046 2035 4130 verborum,
2078 4050 2161 4119 et

617 4166 731 4240 sic
778 4171 1166 4259 quantum
1229 4165 1324 4237 ad
1376 4183 1618 4236 unam
1690 4166 2010 4255 partem
2053 4162 2159 4236 ef-

618 4282 875 4357 fectus
942 4281 1409 4362 exterioris,
1466 4280 1598 4372 qui
1678 4283 1802 4353 est
1880 4284 2160 4353 Sacra-

624 4405 1007 4482 mentum,
1079 4402 1319 4472 erunt
1384 4398 1555 4469 duae
1626 4415 1894 4469 causae
1945 4401 2161 4471 tota-

624 4520 765 4599 les,
839 4523 919 4591 et
976 4516 1127 4589 hoc
1185 4521 1310 4588 est
1352 4513 1879 4605 impossibile,
1921 4514 2034 4587 ita
2065 4513 2158 4585 de

367 4720 377 4729 ,
623 4640 875 4729 parte¹
912 4634 1270 4715 effectus,
1335 4631 1543 4705 sicut
1595 4632 1686 4703 de
1736 4633 1940 4703 toto.

323 4720 538 4853 ffitssssffgss
716 4751 1217 4845 Respondeo‚
1265 4748 1589 4823 difficile
1637 4752 1761 4821 est
1818 4745 2007 4838 quin
2051 4746 2161 4818 al-

279 4847 585 4957 Xffiffiffl
623 4869 879 4945 terius
930 4867 1181 4941 verba
1232 4865 1758 4958 superfluant,
1806 4862 1920 4935 ita
1955 4861 2160 4953 quod

273 4970 593 5083 „ff‘t'gssnffljl
621 5006 781 5058 non
831 4985 991 5058 sint
1041 5004 1186 5077 per
1227 5004 1312 5056 se
1356 5000 1548 5074 pars
1604 4978 1836 5050 unius
1881 4981 2162 5051 Sacra·

363 5094 499 5144 fust·
624 5104 897 5187 menti,
962 5102 1149 5194 quia
1216 5119 1517 5194 ponere
1589 5098 1741 5170 duo
1802 5096 2159 5190 ejusdem

618 5220 966 5296 rationis
1025 5240 1202 5292 esse
1260 5221 1538 5311 partes
1618 5213 1880 5296 unius,
1955 5214 2160 5306 quod

618 5338 1104 5431 simpliciter
1169 5339 1384 5408 esset
1479 5332 1953 5427 perfectum,
2023 5329 2161 5402 ha-

614 5457 864 5528 bendo
909 5454 1262 5528 alterum
1319 5471 1604 5524 eorum
1673 5468 1820 5541 pro
1893 5450 2154 5539 parte,

614 5573 936 5647 videtur
1004 5566 1528 5661 superfluum.
1620 5569 1808 5647 Quae
1884 5566 2156 5636 autem

2274 549 2799 640 superfluant,
2854 554 2936 623 et
3008 550 3240 644 cujus
3291 545 3814 642 proferentiS,

2271 664 2591 740 difficile
2664 671 2786 741 est
2858 667 3309 758 assignare,
3397 665 3587 757 quia
3664 682 3819 755 qua

2276 784 2597 858 ratione
2632 784 2808 868 illa,
2841 791 2921 859 et
2955 785 3140 867 ista,
3183 788 3265 858 et
3315 784 3433 857 ita
3475 771 3819 873 utraque

2271 899 2397 971 vel
2476 904 2796 982 neutra,
2892 901 3081 992 quia
3178 905 3516 991 uterque
3595 918 3818 988 aeque

2272 1016 2677 1109 complete
2760 1020 2841 1090 et
2900 1016 3309 1090 consimili
3371 1013 3817 1088 intentione

2273 1134 2613 1226 profert.
2679 1135 3325 1226 Responsionem
3384 1152 3681 1225 quaere.

2363 1254 2517 1318 Dici
2542 1265 2770 1339 potest,
2820 1255 2995 1340 quod
3034 1254 3398 1340 baptizatio
3445 1254 3666 1338 haffu-3,
3718 1251 3819 1316 vel
3892 1231 4129 1282 Additio.

2275 1370 2462 1435 illius
2503 1371 2701 1454 valet,
2752 1372 3027 1449 scilicet,
3075 1374 3263 1457 cujus
3299 1370 3814 1455 baptizationem

2276 1487 2446 1551 Deus
2476 1488 2861 1573 acceptavit.
2911 1488 3118 1574 Cujus
3147 1507 3302 1553 vero
3351 1487 3806 1563 determinate,

2273 1601 2460 1666 nobis
2515 1578 2784 1687 penitus
2824 1605 3147 1668 incertum
3208 1614 3322 1681 est,
3387 1603 3567 1667 solus
3633 1602 3815 1667 novit

2274 1716 2468 1795 DeuS,
2507 1728 2566 1782 et
2596 1719 2705 1782 cui
2743 1717 3032 1783 voluerit
3067 1720 3388 1784 revelare.

2363 1830 2476 1902 Ad
2563 1831 2992 1904 secundum
3079 1834 3656 1924 argumentum
3724 1830 3814 1903 de

2273 1946 2617 2029 actione,
2691 1948 2757 2020 si
2820 1952 3172 2039 ponatur
3239 1949 3318 2021 in
3379 1968 3621 2041 passo
3691 1947 3816 2019 vel

2275 2062 2355 2133 in
2388 2066 2702 2154 agente,
2746 2065 3070 2137 dubium
3112 2071 3261 2140 est.
3310 2065 3390 2140 Si
3433 2065 3511 2136 in
3546 2084 3815 2157 passo,

2273 2200 2431 2251 non
2500 2183 2622 2252 est
2688 2185 2912 2269 plures
2974 2182 3339 2265 realiter,
3422 2181 3578 2255 nisi
3642 2199 3821 2274 pas-

2274 2295 2542 2368 siones
2605 2298 2768 2372 sint
2828 2298 3148 2390 plures;
3193 2319 3335 2371 nec
3400 2297 3820 2390 passiones

2275 2416 2460 2484 sunt
2505 2413 2805 2505 plures,
2883 2415 3193 2506 quando
3265 2412 3532 2486 forma
3603 2433 3821 2486 rece-

2275 2534 2413 2621 pta
2496 2528 2574 2599 in
2650 2549 2933 2621 passo,
3020 2550 3179 2602 una
3260 2535 3410 2604 est.
3490 2532 3588 2602 Et
3667 2528 3817 2601 hoc

2274 2646 2639 2727 tenendo,
2713 2647 3080 2738 neganda
3147 2651 3361 2720 esset
3428 2646 3571 2719 illa
3641 2665 3822 2738 pro-

2276 2764 2572 2857 positio
2657 2766 2949 2857 major,
3042 2786 3216 2857 quae
3310 2764 3715 2857 accipitur
3772 2783 3820 2836 a

2274 2885 2967 2957 Commentatore.
3061 2882 3142 2956 Si
3237 2886 3508 2954 autem
3606 2880 3818 2954 actio

2275 3002 2631 3091 ponatur
2704 2998 2784 3070 in
2864 3002 3181 3089 agente,
3263 2998 3433 3070 sive
3510 2997 3820 3068 absolu-

2273 3119 2473 3197 tum,
2553 3114 2722 3188 sive
2803 3118 3220 3209 respectus
3297 3114 3391 3188 ad
3462 3133 3823 3207 passum,

2272 3239 2463 3307 tuno
2534 3238 2807 3326 potest
2885 3233 3209 3306 concedi
3283 3233 3595 3325 major:
3688 3230 3817 3303 sed

2275 3354 2463 3423 tunc
2531 3348 2673 3420 illa
2748 3354 2873 3421 est
2934 3349 3181 3421 falsa:
3231 3348 3574 3421 diversis
3627 3346 3819 3421 acti-

2276 3466 2559 3541 onibus
2594 3466 3236 3559 correspondent
3267 3465 3608 3538 diversae
3643 3484 3818 3557 pas-

2276 3585 2568 3657 siones.
2617 3588 3136 3675 Quocumque
3185 3601 3384 3675 ergo
3431 3582 3661 3655 modo
3710 3582 3819 3654 di·

2273 3706 2511 3775 catur
2550 3701 2640 3773 de
2692 3699 3036 3780 actione,
3074 3720 3232 3772 non
3266 3698 3603 3792 ponitur
3645 3699 3818 3792 plu-

2277 3839 2407 3891 res
2475 3839 2654 3891 esse
2734 3815 3105 3909 passivas
3194 3816 3814 3909 baptizationes,

2276 3937 2408 4009 sed
2454 3936 2802 4008 unicam.

2361 4055 2462 4126 Et
2517 4073 2615 4124 ex
2675 4051 2835 4124 isto
2884 4049 3206 4123 videtur
3265 4049 3493 4140 sequi
3562 4046 3820 4121 corol-

2272 4169 2598 4250 larium,
2693 4167 2897 4260 quod
2978 4168 3597 4240 Sacramentum
3668 4163 3822 4234 Ba-

2274 4285 2550 4380 ptismi
2615 4281 2875 4373 magis
2934 4286 3058 4356 est
3130 4280 3572 4375 baptizatio
3640 4300 3823 4374 pas-

2273 4403 2447 4476 siva
2491 4420 2731 4492 quam
2793 4399 3086 4479 activa,
3152 4397 3287 4491 qui
3354 4397 3821 4491 plurificata

2271 4518 2821 4613 baptizatione
2872 4516 3166 4598 activa,
3211 4536 3371 4588 non
3415 4515 3818 4608 plurifica-

2275 4644 2411 4712 tur
2478 4636 2828 4730 passiva,
2884 4655 3027 4707 nec
3080 4632 3575 4726 Baptismus,
3631 4631 3819 4724 quia

2273 4752 2602 4847 passiva
2642 4754 2767 4825 est
2825 4770 3003 4821 una.
3058 4750 3278 4823 Istud
3331 4754 3603 4823 autem
3646 4748 3816 4821 illa·

2271 4873 2445 4942 tum
2486 4868 2808 4941 videtur
2847 4866 3289 4961 probabile,
3338 4865 3523 4958 quia
3564 4864 3815 4958 bapti-

2271 4990 2502 5059 zatus
2557 4984 2888 5078 proprie
2950 4983 3290 5077 suscipit
3340 4986 3815 5057 Sacramen-

2272 5110 2490 5185 tum;
2567 5100 2907 5193 suscipit
2975 5102 3246 5172 autem
3298 5099 3631 5192 proprie
3681 5099 3815 5171 ab-

2268 5222 2664 5296 lutionem
2742 5217 3177 5310 passivam,
3267 5219 3347 5289 et
3412 5236 3572 5287 non
3624 5215 3812 5288 acti-

2268 5362 2480 5424 vam,
2533 5339 2692 5412 nisi
2733 5337 3050 5412 dicatur
3100 5336 3303 5408 idem
3357 5335 3719 5409 realiter.

3978 1849 4029 1897 4.
