4287 6313
186 691 484 757 Exemplum

186 752 495 821 applicatur.

282 816 429 868 Unde

219 878 480 945 colligitur

301 957 402 991 non

190 1004 507 1069 praecessisse

214 1068 474 1119 meritum.

224 3155 495 3226 Peccatum

226 3230 497 3288 praevisum

204 3294 303 3329 non
323 3294 515 3345 puniri.

279 3900 443 3948 Error

225 3961 500 4033 Semipela-

218 4040 301 4090 gia
307 4037 487 4073 norum
499 4059 512 4073 .

264 4086 463 4151 Regula

242 4148 481 4198 tenenda.

234 4639 484 4702 ObiectiO.

235 4703 484 4754 Solvitur.

287 4846 457 4915 Opera

248 4923 466 4971 praevasa

262 4970 457 5020 Christi

228 5039 488 5104 acceptata
500 5071 513 5086 .

220 5095 501 5146 Conhrma-

326 5156 396 5207 tio

203 5221 486 5272 Doctorum
501 5260 515 5274 .

529 464 647 531 200

529 645 668 694 non
735 628 1129 708 inveniatur,
1194 633 1421 696 tamen
1480 645 1563 694 ex
1618 629 1720 702 iis,
1780 642 1925 707 quae
1997 622 2081 689 de

530 749 838 825 Baptismi
870 753 1195 828 praecepto
1242 749 1590 812 traduntur
1619 750 1686 809 in
1716 746 2082 823 Scriptura,

531 865 857 945 colligitur
900 864 1133 928 factus.
1188 865 1438 928 Eodem
1495 861 1694 926 modo
1747 862 1899 923 licet
1948 877 2083 922 non

530 982 897 1044 inveniatur
984 983 1349 1045 revelatum
1426 980 1492 1042 in
1562 977 1814 1058 specie,
1899 975 2080 1056 quod

532 1100 709 1160 Deus
781 1116 915 1161 non
983 1099 1339 1178 acceptarit
1429 1097 1734 1160 meritum
1814 1093 2081 1173 aliquod

528 1211 611 1275 de
681 1232 975 1295 congruo
1031 1220 1346 1295 respectu
1404 1214 1900 1285 incarnationiS,
1980 1214 2079 1271 ta·

523 1346 679 1392 men
736 1346 818 1392 ex
875 1331 1288 1394 documentis
1334 1348 1587 1402 eorum,
1649 1346 1791 1408 quae
1836 1328 1919 1389 de
1976 1328 2079 1388 In-

524 1447 903 1511 carnatione
973 1451 1114 1527 ipsa
1186 1449 1514 1511 habentur
1570 1463 1653 1507 ex
1710 1447 2071 1522 Scriptura,

529 1562 948 1644 colliguntur,
1050 1570 1205 1645 quia
1290 1567 1368 1627 de
1437 1564 1842 1642 plenitudine
1944 1562 2084 1637 ejus

528 1692 744 1739 omnes
788 1682 1165 1758 accepimus,
1237 1685 1336 1741 est
1376 1675 1563 1739 radix
1595 1682 1661 1738 et
1697 1675 2082 1755 principium

530 1798 769 1856 nostrae
830 1794 1118 1875 justitiae,
1169 1791 1325 1856 fidei
1383 1799 1450 1856 et
1490 1793 1872 1860 vocationis,
1937 1807 2083 1870 quae

534 1916 858 1972 evacuant
888 1927 1084 1973 omne
1137 1911 1446 1972 meritum
1478 1926 1561 1970 ex
1607 1913 1791 1987 parte
1835 1911 2082 1979 nostra,

538 2030 604 2086 et
666 2042 746 2087 ex
805 2027 1009 2090 altero
1061 2026 1458 2088 documento
1528 2025 1895 2103 Scripturas,
1955 2039 2086 2101 quo

535 2143 905 2221 reperimus
949 2158 1145 2205 omne
1197 2144 1496 2205 meritum
1556 2150 1685 2204 tam
1749 2140 2085 2218 spirituale

539 2275 740 2337 quam
784 2259 1146 2338 temporale
1192 2276 1340 2321 esse
1384 2256 1851 2336 independens
1899 2275 1935 2318 a
1966 2271 2084 2316 suo

536 2376 833 2451 praemio:
874 2377 1181 2448 occurrit,
1213 2379 1509 2455 inquam,
1544 2392 1626 2436 ex
1678 2376 1775 2436 his
1824 2373 2086 2437 duobus

536 2490 870 2553 sufficiens
920 2492 1415 2566 documentum,
1463 2491 1644 2553 unde
1694 2491 2085 2569 colligamus

538 2608 899 2671 accedente
948 2611 1280 2671 sententia
1336 2611 1793 2688 Mag-istrorum
1829 2607 2087 2679 scholae,

541 2720 722 2798 quod
786 2725 1193 2801 principium
1261 2727 1485 2785 meriti
1553 2740 1679 2786 non
1734 2724 1908 2785 eadit
1976 2721 2091 2783 sub

537 2838 789 2911 merito,
835 2838 1015 2901 unde
1089 2855 1487 2902 evacuemus
1533 2855 1728 2901 omne
1780 2836 2087 2901 meritum

539 2961 854 3031 respectu
918 2957 1412 3017 incarnationis.

624 3069 898 3132 Accedit
939 3071 1137 3133 etiam
1180 3071 1361 3149 quod
1410 3072 1586 3132 Deus
1617 3071 1700 3133 de
1730 3067 1900 3132 facto
1950 3070 2092 3131 nul-

544 3185 678 3247 lum
748 3190 1096 3264 peccatum
1160 3189 1508 3266 praevisum
1597 3194 1891 3250 nostrum
1977 3202 2093 3265 per

544 3302 1077 3380 anticipationem
1123 3305 1374 3381 puniat,
1438 3303 1691 3364 nullum
1745 3320 1912 3380 opus
1974 3304 2091 3365 bo·

541 3431 702 3477 num
756 3420 1051 3494 praemiet
1130 3436 1248 3497 per
1322 3418 1907 3497 anticipationem;
1971 3420 2092 3482 sed

542 3533 809 3612 aequalis
861 3538 959 3596 est
1014 3534 1176 3597 ratio
1236 3535 1579 3613 utriusque
1627 3534 1803 3612 apud
1851 3535 2091 3613 ipsum,

539 3653 650 3731 qui
680 3653 956 3733 singulis
988 3655 1261 3732 partitur
1314 3660 1509 3733 prout
1556 3660 1802 3734 gerunt
1832 3655 1897 3716 in
1946 3673 2093 3717 cor-

536 3784 695 3846 pore
726 3787 872 3845 su0,
919 3770 1055 3832 sive
1107 3771 1380 3845 bonum,
1430 3772 1568 3831 sive
1625 3771 1908 3844 malum;
1968 3769 2090 3831 do-

542 3885 744 3947 ctrina
779 3889 955 3948 enim
998 3885 1160 3947 falsa
1212 3885 1334 3947 fuit
1385 3887 2094 3966 semipelagianorum,

545 4006 887 4080 praeviSum
926 4010 1171 4067 motum
1222 4004 1409 4066 liberi
1459 4005 1705 4066 arbitrii
1750 4003 2091 4082 praemiari,

545 4123 658 4180 aut
687 4120 903 4197 puniri
931 4137 967 4181 a
1002 4122 1160 4182 Dee.
1198 4118 1386 4182 Unde
1430 4120 1513 4182 ab
1563 4120 1687 4183 hac
1737 4120 2093 4182 universali

545 4237 778 4311 regula
836 4253 970 4298 non
1027 4239 1129 4297 est
1183 4236 1662 4311 recedendum,
1724 4240 1847 4300 nisi
1929 4238 2092 4298 ratio

544 4350 762 4429 aliqua
808 4350 1087 4412 suadeat
1134 4351 1617 4429 exceptionem,
1653 4369 1796 4431 quae
1824 4355 1891 4414 in
1936 4351 2127 4431 pro-'

543 4469 758 4543 posito
804 4469 982 4530 nulla
1026 4472 1148 4529 est.

625 4581 815 4658 Quod
867 4585 918 4645 si
966 4599 1207 4665 urgeas
1260 4585 1489 4647 merita
1540 4585 1767 4648 Christi
1817 4585 2093 4663 praevisa

545 4701 886 4775 acceptata
956 4696 1161 4759 fuisse
1235 4704 1299 4760 et
1361 4698 1687 4778 profuisse
1772 4700 2090 4773 Patribus,

558 4813 1029 4891 respondetur,
1079 4813 1145 4874 id
1201 4830 1426 4877 verum
1474 4831 1640 4887 esse,
1685 4813 1805 4877 sed
1862 4817 2095 4894 singu0

546 4928 681 4989 lare
736 4930 804 4991 in
857 4929 1105 4992 Christo
1181 4932 1499 5005 Domine,
1575 4932 1682 5010 qui
1745 4937 1845 4993 est
1901 4935 2097 5008 caput

544 5045 1026 5120 universorum,
1082 5046 1212 5110 imo
1279 5047 1618 5110 confirmat
1691 5049 2092 5127 propositam

549 5161 1042 5223 conclusionem
1102 5161 1419 5235 Doctoris,
1482 5163 1629 5241 quia
1689 5163 1843 5225 licet
1891 5179 2092 5240 opera

547 5277 776 5339 Christi
829 5279 1097 5355 praevisa
1164 5277 1539 5341 influxerint
1609 5280 1675 5340 in
1748 5277 2096 5357 praedesti-

546 5399 759 5468 natOS,
829 5393 940 5471 qui
998 5408 1145 5454 eum
1205 5399 1727 5471 antecesserunt,
1788 5398 2089 5476 gratiam,

543 5505 744 5569 fidem
791 5514 855 5569 et
908 5507 1365 5570 remissionem
1415 5511 1670 5587 peccati
1711 5510 1894 5592 (alias
1953 5526 2086 5573 non

545 5625 777 5690 fuisset
821 5626 916 5687 eis
970 5622 1375 5690 sufficienter
1428 5624 1494 5688 in
1564 5627 1812 5692 Christo
1865 5629 2089 5707 provi-

1644 460 1791 525 ΜΒ.
1836 456 1941 524 Ν.
1985 442 2580 523 summanum

2192 622 2363 703 sum)
2420 638 2564 703 quae
2629 620 3004 686 necessaria
3058 622 3247 685 erant
3311 617 3398 684 ad
3457 616 3740 683 salutem

2189 739 2519 817 ipsorum3
2575 744 2793 804 tamen
2842 754 2924 801 ex
2968 739 3280 827 operibus
3311 735 3545 800 Christi
3580 750 3744 814 prae·

2188 855 2341 918 visis
2398 871 2534 919 non
2586 859 2990 935 receperunt
3050 858 3386 935 praemium
3441 853 3745 931 comple-

2194 978 2334 1034 tum
2376 977 2730 1052 antequam
2758 971 3025 1034 fuerunt
3074 971 3359 1034 exhibita
3387 974 3457 1033 in
3498 970 3742 1047 reipsa.

2191 1089 2267 1149 Et
2314 1087 2468 1150 licet
2515 1089 2818 1150 habuerit
2873 1089 3052 1150 illam
3111 1086 3480 1150 efficaciam
3528 1083 3748 1165 quoad
3796 1043 4100 1170 ingffihffim

2192 1202 2581 1266 sufficientia
2612 1210 2676 1266 et
2729 1205 3106 1267 necessaria
3138 1218 3255 1281 pro
3299 1206 3476 1265 statu
3504 1202 3642 1275 viae,
3686 1204 3756 1262 et
3803 1175 4090 1236 acceptata.

2193 1321 2284 1380 sic
2325 1318 2568 1380 fuerint
2604 1323 2945 1396 acceptata
2993 1317 3216 1398 quoad
3259 1318 3399 1381 haec
3454 1319 3751 1396 praecise,

2192 1451 2324 1499 non
2386 1440 2605 1498 tamen
2668 1443 2855 1498 erant
2921 1434 3234 1507 efficacia,
3291 1432 3519 1514 ‚quoad
3580 1448 3742 1512 prae-

2193 1554 2399 1615 mium
2431 1551 2830 1630 completum
2861 1560 2925 1615 et
2954 1554 3344 1625 auimatum,
3379 1557 3747 1630 antequam

2196 1670 2555 1731 exhibitum
2633 1666 2753 1731 fuit
2826 1669 3232 1747 completum
3292 1670 3611 1730 meritum
3682 1666 3751 1726 in

2201 1786 2544 1862 passione:
2622 1801 2780 1864 ergo
2838 1783 3136 1863 sequitur
3196 1785 3406 1844 Deum
3465 1798 3599 1846 non
3645 1797 3753 1842 ac·

2201 1906 2468 1980 ceptare
2511 1904 2811 1964 meritum
2869 1900 3212 1978 praevisum
3268 1915 3448 1978 purae
3503 1904 3758 1961 creatu-

2200 2033 2306 2091 rae,
2359 2034 2507 2079 cum
2557 2034 2690 2078 non
2744 2018 3104 2094 acceptarit
3150 2018 3450 2078 meritum
3498 2014 3757 2089 Christi,

2202 2133 2322 2194 nisi
2352 2138 2605 2196 tantum
2644 2132 2865 2211 quoad
2918 2131 3289 2194 necessaria
3335 2131 3420 2192 ad
3470 2131 3752 2194 salutem

2202 2248 2804 2325 praedestinatorum
2848 2248 2912 2308 in
2943 2247 3069 2320 via,
3105 2248 3344 2325 quibus
3393 2248 3582 2309 aliter
3635 2263 3754 2324 per

2202 2362 2525 2426 Christum
2566 2367 3111 2443 subsequentem,
3163 2362 3271 2424 vel
3318 2366 3382 2423 in
3425 2365 3567 2440 ipso
3619 2379 3753 2426 non

2202 2482 2434 2548 fuisset
2471 2485 2828 2563 provisum.

2288 2605 2392 2664 11ae
2465 2604 2755 2664 rationes
2829 2602 3110 2677 probant
3183 2606 3409 2662 contra
3481 2601 3737 2669 suarez,
3922 2630 3979 2679 In

2204 2718 2383 2796 quod
2439 2735 2561 2780 nec
2607 2719 2831 2780 Patres
2890 2717 3250 2779 meruerint
3307 2717 3744 2778 substantiam
3787 2692 4087 2803 θ’ῗξῶῗξξξθ

2207 2845 2692 2913 incarnationis,
2756 2844 2953 2906 etiam
3019 2844 3085 2905 in
3144 2843 3558 2905 executione.
3621 2841 3752 2901 Ne·
3826 2816 4063 2929 32¹3&ss

2210 2976 2335 3039 que
2392 2956 2596 3020 refert
2640 2956 2861 3021 dicere
2921 2956 3098 3037 quod
3167 2957 3345 3019 nulla
3415 2956 3497 3017 sit
3551 2970 3756 3032 repu-
3801 2941 4121 3053 lncffiffitio-

2206 3078 2490 3152 gnantia‚
2551 3076 2701 3155 quia
2744 3075 2899 3136 licet
2954 3090 3085 3135 non
3131 3072 3213 3135 de
3276 3073 3571 3150 potentia
3633 3071 3749 3131 ab·
3883 3065 3982 3117 nis.

2207 3192 2418 3253 soluta
2462 3191 2529 3253 id
2583 3207 2816 3253 verum
2871 3193 2977 3264 sit,
3056 3188 3277 3270 quoad
3350 3187 3752 3253 ordinariam

2208 3316 2451 3384 tamen,
2499 3315 2567 3372 et
2633 3310 2898 3389 regulas
2944 3309 3174 3372 divinae
3224 3309 3560 3385 sapientiae
3632 3321 3750 3384 po·

2205 3428 2385 3499 sita3‚
2442 3443 2576 3488 non
2636 3431 2737 3488 est
2795 3442 3051 3499 verum,
3130 3426 3284 3488 licet
3349 3424 3526 3486 enim
3582 3439 3754 3502 prae-

2208 3545 2479 3605 cesserit
2521 3559 2722 3621 opera
2782 3543 2958 3604 bona
2996 3544 3061 3603 in
3104 3541 3399 3603 Patribus
3450 3542 3761 3602 incarna-

2207 3660 2455 3720 tionem
2521 3655 2785 3730 factam,
2858 3658 3228 3719 subsecutae
3300 3660 3522 3717 tamen
3604 3661 3757 3718 sunt

2211 3775 2519 3836 eamdem
2586 3776 2651 3836 in
2722 3774 3104 3853 praevisione
3163 3772 3382 3852 quoad
3457 3772 3761 3834 executi-

2210 3908 2408 3955 onem
2452 3898 2517 3954 et
2573 3888 3088 3970 dependentlam
3161 3890 3588 3960 causalitatis,
3648 3893 3745 3950 at-

2213 4021 2342 4083 que
2391 4005 2686 4082 principii
2731 4004 2911 4083 quod
2963 4003 3124 4066 tollit
3176 4003 3480 4065 ordinem
3534 4004 3745 4064 meriti

2213 4124 2280 4181 et
2311 4119 2551 4197 praemii
2596 4119 2766 4181 inter
2806 4119 2972 4197 ipsa.

2290 4235 2633 4297 Conclusio
2665 4236 2983 4314 praedicta
3013 4234 3208 4296 etiam
3238 4233 3555 4312 probatur
3584 4250 3755 4312 quo-
3909 4253 3990 4304 38.
4063 4313 4076 4323 ·

2211 4349 2295 4413 ad
2350 4353 2733 4414 inclusivatn
2794 4369 2916 4413 seu
2965 4349 3434 4423 affirmativam,
3482 4366 3610 4429 qua
3659 4348 3751 4410 di·
3781 4316 4122 4429 Aezeggtzau-

3807 4441 3958 4490 inisse
3983 4444 4092 4493 sub

2213 4473 2449 4530 cuntur
2515 4467 2736 4529 Patres
2806 4467 3125 4529 meruisse
3196 4467 3748 4529 accelerationem
3844 4504 4031 4553 merito

2211 4584 2697 4655 incarnationis,
2767 4583 2914 4661 quia
2962 4583 3181 4644 Sancti
3237 4583 3459 4643 Patres
3517 4597 3756 4643 orave·-
3830 4567 4081 4622 Pau-um.

2209 4705 2362 4761 runt
2442 4717 2558 4778 pro
2646 4700 3123 4762 acceleratione
3195 4697 3661 4759 Incarnationis
3739 4717 3753 4759 :

2212 4819 2470 4879 Ostende
2574 4817 2751 4880 nobis
2852 4815 3118 4877 Domine
3227 4815 3756 4875 misericordiam

2208 4937 2413 5005 cuam,
2447 4936 2503 4993 et
2549 4932 2840 4995 salutare
2895 4937 3075 4993 tuum
3129 4933 3217 4993 da
3260 4933 3459 5004 nobis,
3507 4931 3752 4993 Psalm.

2206 5048 2307 5109 84.
2369 5048 2600 5108 Emitte
2656 5046 2924 5106 Domine
2969 5059 3215 5119 aqnum
3281 5044 3756 5104 dominatorem

2204 5168 2394 5222 terrae
2447 5167 2523 5225 de
2559 5166 2749 5237 petra
2790 5161 3046 5232 deserti,
3114 5160 3287 5222 lsaiae
3346 5159 3443 5220 16.
3493 5163 3560 5220 et
3614 5160 3759 5236 plu-

2207 5284 2368 5342 rima
2416 5278 2672 5341 similia.
2726 5278 2857 5339 Sed
2907 5277 3042 5339 haec
3090 5293 3222 5339 non
3269 5278 3485 5338 solum
3537 5276 3758 5340 decla·-

2205 5402 2351 5459 rant
2380 5395 2698 5459 desideria
2741 5394 3150 5465 Sanctorum,
3196 5391 3316 5454 sed
3366 5395 3563 5455 etiam
3608 5411 3750 5455 ora·
3805 5407 4083 5460 Orationes

2208 5515 2476 5589 tionem,
2525 5528 2674 5592 quae
2733 5528 2866 5574 non
2907 5508 3029 5572 fuit
3075 5511 3442 5584 temeraria,
3491 5509 3611 5572 sed
3666 5528 3747 5573 ex
3820 5476 4041 5589 {²333

2202 5633 2518 5695 instinctu
2545 5628 2817 5707 Spiritus
2858 5627 3086 5701 sancti,
3134 5642 3211 5688 ac
3240 5625 3521 5706 proinde
3564 5626 3745 5708 quod
