4287 6313
530 407 612 468 24

528 571 597 630 in
625 575 936 646 quantum
973 586 1125 642 esse,
1148 573 1221 630 ut
1248 569 1422 631 bene
1453 568 1684 647 probat
1726 569 1968 629 Doctor
2005 568 2071 628 in

528 676 747 738 littera
779 674 1156 753 replicando
1189 677 1272 738 ad
1302 677 1701 754 oppositum,
1738 676 2074 752 explicans

531 794 1050 872 propositionem
1129 794 1329 866 illam,
1409 811 1605 873 quam
1677 792 1948 854 adducit
1998 796 2069 853 D.

531 906 812 972 Thomas
869 928 949 971 ex
994 916 1262 973 auctore
1310 914 1386 973 de
1433 914 1678 984 Οαιιείε,
1723 924 1873 989 quae
1924 925 2076 985 sup·

537 1026 720 1103 ponit
765 1027 1271 1106 intelligentiam
1311 1030 1377 1087 et
1405 1028 1688 1089 animam
1734 1026 1889 1088 dare
1924 1043 2073 1088 esse

536 1142 753 1214 alicui,
784 1145 858 1202 ut
887 1148 1199 1220 operatur
1228 1145 1609 1220 operatione
1661 1142 1903 1217 divina,
1936 1144 2077 1205 sine

536 1278 662 1340 qua
695 1274 827 1326 non
877 1265 1105 1337 posset
1134 1261 1292 1323 dare
1338 1278 1508 1323 esse.

315 1389 370 1441 7.
425 1448 436 1458 .
618 1376 807 1438 Dices
854 1392 1118 1438 causam
1176 1375 1541 1438 secundam
1572 1377 1895 1455 attingere
1954 1393 2082 1437 esse

186 1456 495 1519 R⁰⁸p⁰⁰⁸¹⁰’
539 1497 606 1554 in
636 1498 947 1569 quantum
1015 1511 1165 1567 esse,
1209 1510 1346 1554 non
1378 1494 1701 1567 absolute,
1760 1492 1882 1553 sed
1940 1510 2076 1554 ma-

539 1608 848 1671 terialiter
892 1616 957 1670 et
986 1626 1105 1688 per
1161 1609 1469 1671 accidens
1517 1615 1590 1671 ut
1633 1612 1828 1671 estin
1860 1610 2077 1672 deter-

536 1724 784 1786 minato
829 1741 1000 1800 esse,
1055 1726 1234 1805 quod
1292 1729 1497 1803 primo
1557 1725 1824 1803 respicit
1886 1741 2081 1788 causa

544 1844 782 1901 creata.

622 1956 883 2026 Contra,
934 1960 1085 2036 quia
1118 1974 1247 2020 esse
1289 1960 1352 2020 in
1382 1964 1696 2035 quantum
1739 1975 1891 2031 esse,
1950 1975 2083 2020 non

542 2072 728 2134 aliter
772 2073 957 2135 etiam
1008 2080 1108 2136 est
1162 2074 1522 2153 attingibile
1563 2091 1598 2135 a
1661 2076 1820 2145 Deo,
1862 2090 2084 2152 neque

541 2189 728 2251 aliter
771 2196 995 2251 natum
1054 2194 1154 2251 est
1211 2206 1356 2252 esse
1406 2190 1704 2250 absolute
1783 2189 2080 2267 produci,

541 2307 665 2369 nisi
743 2322 871 2384 qua
932 2304 1314 2383 producitur
1354 2303 1857 2367 determinatum
1944 2323 2082 2368 enS.

545 2420 729 2484 Unde
761 2421 930 2482 sicut
967 2422 1133 2481 actio
1182 2421 1298 2481 Dei
1351 2427 1451 2482 est
1497 2420 1932 2482 determinata
1989 2438 2087 2482 re·

543 2544 774 2616 spectu
808 2536 1105 2607 effectus,
1156 2543 1229 2599 ut
1278 2538 1358 2599 ab
1393 2553 1470 2599 eo
1517 2536 1838 2614 procedit,
1872 2537 2088 2615 sequi·

418 2738 447 2753 l
544 2662 645 2717 tur
712 2655 888 2735 quod
960 2655 1164 2732 primo
1227 2654 1623 2717 determinat
1711 2656 1775 2716 in
1848 2655 2090 2717 effectu

402 2755 413 2763 ’
543 2772 863 2850 speciem,
911 2777 975 2834 et
1019 2771 1342 2849 quidquid
1401 2777 1500 2832 est
1557 2770 2088 2844 determinatum,

548 2906 777 2975 quam·
820 2890 1146 2949 rationem
1218 2903 1657 2959 communem,
1728 2890 1880 2967 quia
1960 2891 2092 2950 exi-

199 2974 500 3105 proffffcsftur
547 3007 815 3077 stantia,
863 3019 1004 3082 quae
1048 3007 1150 3064 est
1190 3004 1509 3064 terminus
1537 3002 1846 3075 formaliS,
1885 3005 2091 3082 primo

230 3101 284 3150 ³¹¹
310 3099 480 3149 dem·
551 3126 619 3185 et
673 3137 793 3199 per
833 3136 909 3183 se
960 3120 1274 3198 competit
1319 3119 1757 3181 determinato
1794 3122 1952 3193 enti,
1993 3139 2092 3184 se·

264 3163 457 3212 minato

553 3237 864 3300 cundario
895 3253 1054 3298 vero
1103 3236 1369 3297 inclusis
1416 3253 1533 3314 per
1563 3235 1830 3297 modum
1874 3239 2094 3314 praedi-

286 3232 430 3277 ente.

555 3354 679 3413 cati
710 3351 1097 3426 communis.
1132 3349 1459 3411 Praeterea
1516 3349 1569 3410 si
1610 3353 1777 3413 actio
1828 3353 1945 3413 Dei
2000 3359 2099 3414 est

552 3466 637 3528 ad
688 3466 997 3528 effectum
1039 3465 1245 3544 primo
1296 3465 1418 3526 sub
1459 3467 1708 3527 ratione
1744 3470 2093 3542 communi,

554 3584 721 3645 actio
769 3599 977 3644 causae
1026 3579 1337 3643 secundae
1388 3582 1508 3643 sub
1569 3582 1821 3643 ratione
1882 3581 2099 3644 deter-

552 3700 823 3772 minata,
871 3703 1265 3775 sequeretur
1307 3697 1485 3776 quod
1519 3695 1873 3773 perfectius
1914 3700 2104 3761 attin-

553 3821 825 3896 geretur
867 3814 1145 3876 effectus
1193 3830 1231 3874 a
1278 3830 1475 3875 causa
1523 3814 1842 3888 secunda,
1905 3832 2102 3893 quam

557 3949 594 3993 a
637 3932 801 4000 Deo,
858 3931 1026 3992 sicut
1082 3930 1246 3991 ratio
1309 3928 1742 3991 determinata
1803 3936 1902 3992 est
1958 3948 2102 4007 per-

217 4080 528 4133 Controver-
557 4047 803 4118 fectior,
857 4061 1052 4123 quam
1086 4045 1246 4106 ratio
1286 4047 1650 4107 communis
1691 4047 1754 4106 in
1788 4046 2098 4117 essendo;

304 4141 437 4254 ἐξ,
501 4158 527 4179 “
560 4164 739 4228 unde
771 4164 1014 4236 PatreS,
1060 4160 1321 4242 quando
1345 4162 1682 4225 haereticos
1715 4168 1781 4224 et
1824 4163 2105 4224 Philoso-

221 4268 529 4381 Pgffigwet
559 4286 725 4362 phos
750 4285 1145 4363 impugnant
1176 4279 1487 4360 negando
1521 4282 1927 4342 creationem
1960 4297 2107 4342 esse

299 4393 445 4505 922⁸,
559 4401 641 4462 ab
717 4399 935 4478 aliqua
969 4400 1292 4469 creatura,
1336 4395 1697 4474 loquuntur
1741 4394 1824 4457 de
1875 4399 2103 4458 creati-

215 4517 505 4568 haereticos.
563 4531 689 4580 one
731 4515 901 4577 entis
933 4513 1373 4583 determinati,
1421 4529 1478 4575 v.
1526 4530 1593 4591 g.
1641 4512 1948 4586 hominiS,
2004 4515 2110 4575 vel

561 4640 879 4716 animalis,
926 4639 1031 4700 vel
1099 4638 1388 4714 corporis
1440 4638 1507 4696 et
1570 4634 1968 4714 hujusmodl,
2026 4634 2109 4696 de

564 4756 805 4836 quibus
872 4756 938 4816 in
995 4753 1218 4831 specie
1280 4756 1407 4813 tam
1470 4749 1838 4828 Philosophi
1915 4766 2113 4828 quam

564 4872 845 4934 haeretici
888 4868 1328 4948 loquebantur
1357 4869 1425 4930 in
1456 4870 1749 4929 extremo
1782 4864 2109 4928 contradi-

567 4987 850 5058 ctionls;
905 4983 1341 5047 intendebant
1400 4998 1558 5062 ergo
1604 4980 2114 5059 productionem

568 5101 1073 5166 determinatam
1151 5100 1320 5162 entis
1409 5115 1541 5160 non
1616 5096 2112 5176 praescindendo

569 5235 700 5282 esse
728 5221 794 5281 in
825 5222 1140 5296 quantum
1170 5233 1320 5289 esse,
1357 5215 1438 5276 ab
1473 5230 1620 5275 esse
1653 5212 2111 5284 determinat0‚

570 5342 644 5397 ut
711 5336 1015 5398 terminat
1082 5332 1505 5396 creationem.
1565 5328 1927 5396 videantur
1998 5330 2119 5391 Pa-

574 5469 705 5524 tres
739 5467 804 5522 et
839 5458 1251 5538 expositores
1281 5460 1348 5519 in
1382 5459 1677 5534 primum
1710 5457 1859 5517 Gen.
1893 5460 1948 5515 et
1971 5455 2119 5531 pri-

577 5605 758 5652 mum
811 5592 996 5650 Joan.
1055 5590 1122 5648 et
1191 5589 1414 5646 contra
1461 5581 1764 5664 antiquas
1811 5580 2118 5642 haereses.

2184 698 2300 743 nos
2344 686 2412 743 et
2439 683 2810 745 secundum
2863 685 3232 753 Doctorem,
3270 683 3425 746 dicit
3454 701 3583 745 esse
3628 687 3722 744 in·

1590 406 1736 468 Lm.
1771 407 1872 469 lv,
1907 404 2509 469 SENTENTIARUM

2263 567 2477 641 Dices,
2547 567 2977 645 Philosophus
3045 584 3270 643 supra,
3357 565 3725 629 secundum
3883 592 3911 641 g

3760 656 3830 704 Ex
3870 632 4057 705 uc’atm·

3799 718 3835 768 P
3873 717 4029 767 iloso-

2186 804 2497 874 quantum
2528 816 2657 860 esse
2684 798 2911 861 reduci
2940 800 3006 859 in
3040 815 3268 862 causas
3297 799 3725 872 universales,
3838 782 3990 845 phus.

2187 912 2563 990 intelligens
2613 913 2911 990 primam.
2973 913 3457 990 Respondetur‚
3522 914 3730 976 diver-

2189 1044 2335 1089 sum
2360 1045 2507 1089 esse
2554 1029 2879 1090 intentum
2908 1030 3298 1108 Philosophi,
3335 1033 3486 1110 quia
3518 1031 3734 1108 loqui-

2194 1149 2295 1204 tur
2338 1144 2414 1205 de
2462 1161 2592 1206 esse
2645 1148 3028 1221 inquantum
3056 1164 3205 1221 esse,
3242 1163 3320 1208 eo
3372 1145 3568 1208 modo
3605 1163 3734 1225 quo

2193 1261 2468 1323 effectus
2539 1263 2925 1326 universalis
2980 1263 3320 1325 reducitur
3384 1265 3450 1325 in
3512 1280 3737 1324 causas

2191 1377 2623 1450 universales,
2657 1396 2787 1439 non
2824 1378 2999 1457 quod
3033 1379 3297 1456 praecise
3336 1381 3456 1442 sub
3489 1379 3737 1441 ratione

2191 1493 2299 1554 illa
2332 1492 2682 1556 universali
2715 1495 3069 1573 attingatur
3113 1510 3148 1554 a
3196 1510 3417 1567 causa,
3475 1502 3546 1556 ut
3588 1510 3739 1569 pro-

2198 1610 2456 1670 ducitur
2505 1613 2567 1670 in
2601 1611 2862 1683 effectu,
2897 1611 3017 1673 sed
3066 1615 3396 1689 quatenus
3445 1613 3736 1689 assigne-

2197 1733 2300 1788 tur
2358 1728 2813 1789 correlativum
2871 1728 3285 1806 adaequalum
3364 1728 3429 1788 in
3488 1730 3738 1791 ratione

2198 1860 2408 1905 causae
2431 1843 2786 1922 adaequatae
2807 1846 2915 1907 tali
2940 1845 3228 1908 effectui.
3264 1844 3449 1907 Unde
3474 1844 3737 1922 quando

2198 1960 2624 2038 Philosophus
2672 1960 2828 2022 dicit
2882 1978 3012 2026 esse
3050 1962 3430 2039 inquantum
3474 1978 3605 2022 esse
3639 1976 3739 2020 re-

2200 2075 2350 2136 duci
2379 2080 2446 2139 in
2475 2093 2703 2138 causas
2736 2082 2801 2138 et
2832 2079 3149 2155 principia
3182 2078 3448 2138 essendi
3478 2077 3737 2139 univer-

2198 2191 2538 2263 salissima,
2574 2196 2868 2271 quamvis
2924 2194 3013 2255 ibi
3058 2195 3368 2272 loquatur
3426 2192 3507 2253 de
3565 2196 3742 2263 ente,

2198 2309 2377 2387 quod
2435 2315 2536 2370 est
2585 2310 2921 2389 objectum
2968 2311 3444 2391 Metaphysicae,
3519 2310 3588 2390 ly
3645 2311 3740 2373 τή-

2201 2431 2536 2501 quantum,
2587 2428 2864 2488 sumitur
2901 2442 3032 2488 non
3062 2426 3558 2502 reduplicative,
3593 2426 3744 2504 quia
3982 2501 3990 2509 ·

2200 2543 2295 2602 sic
2324 2539 2573 2603 faceret
2601 2540 2837 2605 falsum
2867 2559 3155 2615 sensum,
3193 2544 3342 2621 quia
3374 2549 3747 2604 sumeretur
3802 2502 4050 2629 ςῐξὲῗῇᾆζῖ,

2203 2661 2556 2736 propositio
2616 2661 3072 2723 universaliter
3128 2678 3244 2738 pro
3318 2662 3490 2722 omni
3564 2668 3743 2731 ente,
3831 2641 4039 2738 ρὲξζῗῖυε

2204 2779 2269 2844 et
2322 2794 2518 2841 omne
2565 2794 2682 2838 ens
2741 2784 3141 2852 causaretur,
3192 2779 3388 2839 etiam
3453 2778 3652 2849 Deus,
3685 2780 3753 2836 et
3873 2751 3990 2804 Dei.

2206 2899 2474 2961 daretur
2532 2912 2882 2974 processus
2926 2897 2991 2958 in
3036 2895 3395 2967 infinitu1n;
3465 2893 3585 2955 sed
3644 2911 3750 2954 su-

2207 3019 2398 3077 mitur
2440 3013 2902 3092 specificative,
2961 3030 3078 3090 pro
3154 3019 3305 3073 ente
3362 3014 3751 3088 inquantum

2209 3126 2310 3182 est
2367 3120 2718 3193 causabtle‚
2799 3119 2903 3181 vel
2959 3117 3138 3199 quod
3218 3122 3315 3180 est
3397 3116 3748 3188 causabile,

2211 3240 2400 3319 cujus
2445 3252 2638 3298 causa
2691 3235 3057 3313 adaequata,
3103 3234 3255 3297 licet
3294 3249 3425 3294 non
3467 3236 3757 3311 praecisa,

2209 3354 2294 3417 sit
2339 3355 2543 3432 prima
2594 3366 2816 3423 causa,
2850 3365 2980 3410 non
3027 3355 3245 3410 autem
3302 3365 3494 3409 causa
3540 3348 3759 3427 aliqua

2214 3470 2665 3541 determinata,
2715 3485 2856 3545 quae
2885 3467 3195 3528 limitatur
3251 3481 3333 3525 ex
3389 3463 3596 3526 forma
3642 3482 3761 3526 sua

2215 3585 2298 3647 ad
2330 3590 2543 3646 certos
2576 3584 2853 3645 effectus
2887 3587 2949 3642 et
3007 3579 3506 3641 determinatos
3549 3580 3761 3654 Quili-

2215 3703 2331 3764 bet
2377 3707 2599 3762 autem
2645 3699 2920 3759 effectus
2977 3697 3326 3758 causabilis
3375 3697 3760 3788 necessario

2217 3823 2318 3881 est
2419 3833 2456 3876 a
2555 3820 2711 3890 De0,
2801 3821 2865 3876 et
2958 3815 3156 3893 aliqui
3236 3831 3270 3874 a
3355 3812 3496 3874 solo
3597 3815 3759 3885 Dec,

2217 3934 2395 3995 unde
2463 3932 2772 4011 adaequat
2830 3931 3119 4008 potentia
3171 3931 3316 4009 ejus
3378 3933 3582 3989 tolum
3644 3945 3761 3988 ens

2219 4048 2572 4120 causabile,
2629 4044 3000 4106 immediate
3059 4041 3449 4121 attingendo
3497 4057 3764 4101 omnem

2216 4169 2538 4229 rationem
2597 4164 2765 4225 entis
2810 4178 2928 4239 per
2985 4177 3058 4219 se
3119 4167 3182 4220 et
3235 4159 3548 4232 mediate,
3612 4160 3765 4237 quia

2222 4283 2525 4363 quaelibet
2579 4281 2700 4341 alia
2761 4293 2958 4339 causa
3030 4281 3133 4337 est
3176 4274 3586 4352 participatio
3637 4290 3770 4334 sum

2219 4397 2469 4461 virtutis
2518 4397 2583 4457 in
2641 4401 2789 4455 actu
2845 4393 3094 4470 prim03
3156 4394 3222 4451 in
3267 4398 3414 4451 actu
3470 4389 3766 4450 secundo

2222 4523 2440 4581 autem
2491 4518 2692 4594 exigit
2749 4516 2894 4594 ejus
2952 4528 3368 4584 concursum,
3447 4518 3511 4573 et
3565 4512 3768 4571 series

2223 4635 2518 4697 omnium
2578 4646 2921 4693 causarum
2978 4629 3062 4691 ad
3134 4629 3370 4705 ipsum
3406 4626 3761 4698 reducitur,

2222 4755 2290 4814 in
2323 4769 2452 4830 quo
2512 4751 2650 4811 solo
2701 4756 2801 4812 est
2857 4753 3085 4810 statuS.
3136 4745 3234 4808 Ad
3282 4747 3454 4807 hunc
3495 4759 3764 4805 sensum

2225 4867 2561 4930 reducitur
2588 4867 2695 4926 illa
2741 4863 3099 4941 propositio
3146 4864 3221 4923 de
3267 4864 3507 4933 CausiS,
3569 4878 3763 4938 quam

2227 4992 2492 5049 sanctus
2534 4987 2814 5047 'Thomas
2857 4982 3148 5044 adducit.

2305 5102 2588 5163 Tertium
2650 5096 2827 5176 quod
2898 5096 3203 5176 adjungit
3231 5095 3633 5174 cajetanus:
3690 5113 3770 5156 ex
3928 5135 3979 5185 5„

2229 5219 2567 5282 identitate
2598 5217 2840 5278 scilicet
2867 5214 3115 5276 termini
3150 5214 3492 5275 creationis
3537 5212 3620 5273 ad
3654 5229 3771 5273 ens
3826 5197 4102 5322 &³3:235ss

2234 5336 2754 5406 determinatum,
2842 5335 3019 5391 recte
3100 5328 3358 5405 probari
3420 5335 3484 5387 et
3552 5330 3765 5406 sequi,
3895 5330 4001 5372 1²¹¹·-

2234 5453 2414 5534 quod
2465 5456 2764 5514 creatura
2807 5463 2939 5509 non
2998 5447 3203 5523 possst
3276 5459 3542 5516 creare;
3615 5449 3770 5522 peto

2233 5570 2412 5634 unde
2476 5569 2543 5630 id
2625 5564 2996 5638 sequatur?
3065 5575 3197 5623 non
3267 5559 3556 5635 aliunde,
3647 5560 3770 5622 nisi
