4287 6313
360 4618 440 4669 61.

266 4681 382 4732 Alia
411 4694 529 4752 con-

268 4750 499 4809 gruentia
512 4780 525 4794 .

276 5445 518 5498 Trident.

604 349 734 432 aie·

590 531 795 617 jussit
824 550 937 597 eos
984 530 1304 617 baptizari·
1324 533 1556 596 Petrus
1588 529 1654 596 in
1696 527 1970 594 nomine
1988 531 2139 593 Jesu

599 645 865 725 Christi,
911 658 1033 712 etc.
1079 648 1174 711 Ex
1204 644 1496 732 epistolis
1537 644 1733 710 etiam
1779 642 1958 708 Pauli
2003 640 2143 727 plu-

599 781 670 852 ra
700 758 1047 848 designant
1071 761 1469 847 Baptismum
1510 757 1730 826 datum
1770 761 1846 824 in
1876 758 2145 824 nomine

592 877 767 956 Iesu,
803 886 869 942 et
899 876 1174 942 salutem
1209 897 1323 962 per
1354 876 1571 962 ipsum
1612 874 1949 962 consequi,
1995 892 2143 961 quae

595 991 935 1057 brevitatis
1007 992 1217 1078 gratia
1272 992 1523 1058 omitto.
1598 990 1781 1058 Unde
1845 992 2143 1078 sequitur

598 1105 860 1171 modum
901 1106 1094 1171 illum'
1126 1106 1514 1193 baptizandi,
1577 1116 1643 1172 et
1673 1106 1946 1172 formam
1990 1127 2142 1173 con·

592 1241 832 1307 gruere
878 1221 1192 1287 doctrinae
1231 1235 1294 1287 et
1326 1220 1769 1308 praedicationi
1803 1221 2142 1306 Apostolo-

597 1358 765 1418 rum,
796 1358 945 1424 quae
981 1339 1497 1423 praemittebatur
1528 1350 1675 1403 ante
1712 1336 2135 1422 Baptismum,

596 1455 764 1520 sicut
803 1465 867 1521 et
907 1455 1034 1521 illis
1066 1455 1285 1521 verbis
1318 1455 1496 1522 Pauli
1533 1462 1594 1523 l.
1632 1455 1709 1520 ad
1741 1455 2031 1521 Corinth.
2074 1437 2136 1520 1'.

596 1570 942 1657 Numquid
976 1573 1048 1636 in
1071 1574 1340 1638 nomine
1370 1573 1574 1637 Pauli
1593 1573 1916 1658 baptizati
1944 1570 2145 1636 estis?

597 1688 857 1770 qratia-5
895 1705 1020 1774 ayo
1062 1689 1217 1767 Dec,
1266 1687 1439 1774 quod
1476 1691 1807 1754 neminem
1856 1700 2142 1753 vestrum

595 1803 958 1889 baptizavi,
1006 1816 1128 1871 etc.
1165 1827 1247 1871 ne
1285 1807 1431 1891 quis
1460 1805 1660 1885 dicat,
1718 1805 1891 1892 quod
1921 1807 1994 1870 in
2032 1826 2143 1870 no·

593 1921 772 1985 mine
811 1941 951 1985 meo
990 1921 1315 2007 baptizati
1387 1924 1564 2001 estis,
1627 1933 1750 1988 etc,
1824 1931 1887 1987 et
1947 1921 2136 2001 infra,

595 2047 911 2122 quantum
957 2037 1036 2103 ad
1085 2037 1445 2104 doctrinam
1478 2053 1541 2103 et
1573 2037 2135 2124 praedicationem:

593 2153 725 2217 Nos
764 2165 981 2219 autem
1006 2155 1456 2240 proedicamus
1501 2156 1839 2220 Christum
1869 2155 2142 2236 crucifi-

592 2288 776 2350 xum,
814 2271 1066 2338 Judoeis
1105 2271 1375 2359 quidem
1420 2272 1833 2351 scandalum,
1913 2272 2143 2357 Genti÷

575 2385 708 2451 ‘bus
735 2387 1114 2468 stultitiam,
1170 2401 1294 2455 etc.

685 2504 781 2567 Ex
822 2503 1283 2588 praedicatione
1322 2515 1539 2571 autem
1576 2505 1861 2572 nominis
1901 2506 2142 2573 Christi

595 2615 780 2683 facile
811 2620 1325 2704 cognoscebatur
1364 2632 1428 2685 et
1469 2621 1976 2706 persuadebatur
2005 2623 2142 2688 Tri-

598 2734 768 2798 nitas
829 2754 1281 2820 personarum,
1355 2736 1656 2823 quamvis
1732 2750 2142 2823 assumptum

590 2849 785 2915 fuerit
816 2848 1170 2935 praedicare
1202 2851 1530 2918 Christum
1562 2872 1707 2919 esse
1739 2853 1968 2920 Filium
2005 2854 2140 2934 Dei,

590 2976 654 3028 et
713 2963 780 3028 in
837 2964 1100 3030 nomine
1140 2967 1283 3052 eJus
1341 2964 1479 3031 dari
1528 2966 2040 3053 redemptionem
2081 2982 2147 3036 et

591 3078 1048 3146 remissionem
1091 3093 1526 3168 peccatorum,
1564 3102 1638 3148 ac
1667 3083 1951 3170 Spiritus
1993 3106 2145 3152 san-

588 3195 675 3261 cn
723 3196 913 3264 dona.

676 3314 1116 3400 Congruentia
1155 3315 1455 3401 specialis
1502 3316 1623 3383 fuit
1666 3319 1836 3404 apud
1883 3320 2141 3387 Judaeos

587 3430 728 3497 dari
778 3429 1180 3517 Baptismum
1232 3431 1298 3496 in
1349 3408 1803 3500 remissionem
1852 3448 2141 3521 peccato-

589 3566 736 3612 rum
780 3545 901 3612 sub
935 3545 1198 3613 nomine
1237 3547 1498 3626 Christi,
1538 3548 1648 3635 qni
1680 3552 2002 3637 negabant
2036 3574 2142 3619 ne-

588 3663 960 3730 cessitatem
1011 3663 1478 3750 redemptionis
1543 3678 1606 3732 et
1658 3667 2138 3755 Redemptoris,

591 3790 906 3863 ponentes
983 3778 1258 3844 salutem
1338 3799 1419 3845 ex
1511 3780 1656 3867 lege
1715 3782 1872 3850 sola.
1955 3785 2145 3871 Apud

591 3892 878 3960 Gentiles
944 3914 1074 3959 non
1136 3892 1341 3960 defuit
1403 3895 1638 3962 similis
1687 3899 2137 3982 congruentia,

593 4009 705 4094 qui
745 4028 828 4075 ex
861 4007 1292 4089 mirabilibus,
1338 4031 1486 4097 qua:
1527 4010 1768 4078 fiebant
1811 4012 1878 4077 in
1931 4016 2139 4081 nomi-

595 4146 675 4191 ne
715 4124 980 4205 Christi,
1037 4122 1133 4211 (ut
1164 4125 1387 4190 Simon
1429 4128 1657 4221 Magus
1697 4130 2009 4195 Actorum
2050 4131 2147 4217 8.)

593 4239 968 4322 credebant,
1032 4260 1105 4306 ac
1175 4240 1446 4326 proinde
1512 4241 1707 4308 etiam
1779 4265 2145 4331 congruum

593 4357 737 4435 fuit,
786 4367 863 4433 utv
899 4356 1380 4442 baptizarentur
1427 4357 1494 4422 in
1544 4359 1808 4424 nomine
1865 4360 2033 4446 ejuS‚
2079 4362 2145 4427 in

596 4493 790 4561 quem
829 4471 1202 4541 credebant.

677 4587 841 4654 Addi
872 4598 1085 4674 potest
1123 4599 1187 4654 et
1215 4588 1340 4655 alia
1391 4590 1819 4676 congruentia
1856 4612 1938 4657 ex
1970 4605 2149 4659 natu-

590 4727 658 4773 ra
706 4707 1002 4788 actioniS,
1050 4707 1202 4794 quia
1249 4706 1399 4773 licet
1432 4709 1732 4774 Christus
1778 4729 1903 4774 non
1953 4711 2149 4778 fuerit

587 4843 782 4890 causa
827 4822 1204 4910 principalis
1244 4823 1514 4909 physica
1558 4825 1814 4911 gratiae.
1881 4827 2002 4893 fuit
2048 4840 2145 4894 ta-

588 4960 740 5005 men
778 4940 1156 5027 principalis
1194 4950 1256 5005 et
1318 4940 1507 5007 unica
1547 4962 1741 5009 causa
1783 4943 2138 5026 meritoria,

588 5069 652 5121 et
682 5055 1071 5143 justificatio
1106 5055 1324 5121 habita
1367 5076 1481 5142 per
1531 5056 1958 5140 Baptismum,
2015 5079 2142 5126 non

589 5172 800 5238 solum
835 5171 1120 5238 refertur
1158 5170 1237 5236 ad
1270 5171 1510 5258 ipsum,
1548 5184 1619 5239 ut
1650 5194 1915 5240 causam
1951 5177 2142 5242 meri-

588 5288 846 5368 toriam,
890 5286 1002 5353 sed
1043 5286 1237 5353 etiam
1288 5299 1358 5353 ut
1406 5308 1667 5355 causam
1723 5290 2003 5371 finalem,
2059 5314 2139 5358 ex

590 5403 968 5469 Tridentino
1018 5424 1183 5470 sess.
1229 5407 1293 5469 6.
1341 5424 1483 5491 cap.
1531 5411 1594 5474 7.
1653 5408 1870 5472 Causa
1907 5410 2141 5491 finalis

586 5521 808 5607 qloria
842 5520 968 5586 Dei
1015 5531 1076 5586 et
1143 5521 1419 5587 Christi.
1459 5523 1524 5588 Si
1564 5508 1722 5609 ergo
1762 5523 1871 5590 illa
1899 5523 2129 5605 forma,

1778 365 1920 429 LlB.
1957 363 2060 426 lv.
2094 362 2691 428 SENTENTIARUM

2261 546 2387 612 qua
2422 526 2689 594 daretur
2727 527 3099 614 Baptismus
3137 526 3206 594 in
3239 525 3507 593 nomine
3545 520 3810 601 Christi,

2259 662 2389 708 non
2455 655 2628 710 esset
2688 644 2871 724 falsa,
2946 645 3096 730 quia
3149 643 3484 709 denotaret
3548 660 3812 707 causam

2260 759 2689 841 meritoriam,
2725 782 2805 827 ex
2836 780 2963 848 qua
3014 761 3206 827 habet
3236 758 3592 826 efficaciam
3639 768 3703 823 et
3741 756 3811 822 fi-

2258 876 2494 953 nalem,
2531 878 2610 942 ad
2643 899 2837 965 quam
2880 857 3156 944 refertur
3188 879 3711 953 Sacramentum;
3748 885 3812 940 et

2254 1007 2633 1061 connotaret
2670 1015 2935 1061 causam
2990 993 3413 1081 principalem
3466 992 3808 1079 physicam

2257 1105 2567 1192 implicite
2629 1127 2743 1192 per
2807 1127 3045 1173 nomen
3095 1105 3359 1183 Christi,
3438 1114 3509 1171 ut
3576 1115 3812 1191 praeter

2260 1218 2680 1288 Ambrosium
2723 1221 3008 1287 admittit
3047 1220 3321 1287 Basilius
3361 1219 3474 1285 lib.
3537 1218 3617 1284 de
3664 1216 3807 1304 Spi-

2256 1336 2384 1402 ritu
2426 1351 2650 1403 sancto
2690 1359 2831 1424 cap.
2874 1341 2976 1405 12.
3013 1339 3091 1404 In
3127 1337 3266 1403 solo
3301 1336 3559 1402 Christi
3596 1334 3812 1410 nomi·

2254 1475 2338 1520 ne
2389 1458 2875 1540 professionem
2922 1458 3120 1522 totius
3187 1454 3538 1520 Trinitatis
3594 1452 3811 1519 conti-

2257 1578 2431 1642 neri.
2482 1577 2769 1640 Irenaeus
2819 1573 2932 1639 lib.
2977 1574 3040 1637 3.
3078 1570 3160 1637 de
3196 1570 3332 1654 fide
3377 1590 3524 1654 cap.
3562 1570 3670 1633 ΞΟ.

2348 1693 2460 1758 His
2524 1687 2974 1778 congruentiis
3043 1686 3249 1774 potuit
3308 1685 3677 1772 Baptismus
3744 1684 3809 1748 in

2259 1811 2365 1876 illa
2420 1810 2627 1876 forma
2677 1805 3121 1891 dispensative
3158 1802 3440 1869 conferri
3488 1801 3631 1867 sine
3679 1798 3810 1866 ullo

2259 1946 2479 1992 errore
2524 1925 2590 1990 in
2633 1925 2841 1991 forma
2891 1919 3173 2007 practice
3212 1934 3324 1985 aut
3362 1914 3803 2005 speculative;

2259 2041 2345 2106 ita
2382 2051 2598 2107 autem
2630 2038 2871 2104 factum
2929 2056 3077 2103 esse
3131 2054 3212 2100 ex
3256 2035 3445 2100 modo
3500 2031 3807 2120 loquendi

2258 2156 2638 2241 Scripturae,
2673 2167 2736 2221 et
2773 2152 3155 2221 auctoritate
3183 2163 3278 2217 tot
3306 2154 3654 2249 Doctorum
3687 2148 3805 2216 ful-

2257 2273 2450 2354 citur,
2498 2292 2627 2337 non
2668 2271 2942 2337 ratione.

2346 2388 2640 2455 Adversa
2689 2386 3013 2454 sententia
3052 2386 3256 2451 nostri
3304 2383 3697 2450 Armachani
3744 2393 3808 2448 et

2258 2507 2560 2584 aliorum,
2609 2525 2736 2570 non
2806 2501 3064 2569 videtur
3122 2522 3266 2567 meo
3298 2499 3546 2587 judicio
3587 2499 3807 2566 minus

2260 2624 2548 2699 fundata,
2585 2620 2687 2687 cui
2727 2632 2979 2686 tantum
3011 2618 3304 2684 tribuunt
3342 2618 3587 2695 caeteri,
3643 2639 3808 2705 prae-

2259 2751 2358 2805 ter
2430 2737 2836 2823 Magistrum,
2885 2736 2993 2823 qui
3054 2735 3120 2800 in
3178 2746 3311 2801 toto
3381 2748 3644 2802 secutus
3712 2750 3811 2803 est

2260 2856 2678 2932 sententiam,
2743 2874 2892 2940 quae
2942 2851 3284 2918 Ambrosio
3345 2852 3704 2938 imponitur
3745 2862 3811 2918 et

2263 2969 2609 3049 Bernardo‚
2680 2980 2752 3033 ut
2814 2966 3009 3033 talem
3078 2968 3503 3053 Baptismum,
3584 2981 3808 3035 contra

2263 3089 2537 3155 formam
2615 3084 3062 3173 evangelicam
3134 3084 3608 3173 praescriptam,
3680 3105 3810 3153 non

2260 3205 2605 3272 admittant
2651 3204 2915 3283 factum,
2951 3202 3096 3269 sine
3124 3202 3388 3288 speciali
3420 3202 3809 3289 dispensati-

2258 3341 2382 3387 one
2446 3330 2510 3385 et
2567 3318 2995 3405 congruentia
3045 3317 3220 3384 illius
3279 3319 3616 3404 temporis,
3681 3338 3810 3384 non

2263 3456 2415 3502 vero
2449 3445 2902 3520 permanenter
2938 3456 2952 3511 3
2999 3432 3085 3498 ita
3131 3452 3382 3512 omneS‚
3431 3446 3669 3516 praeter
3697 3434 3814 3511 Ca·

2252 3534 2573 3639 jetanum',
2612 3548 2968 3615 Adrianum
3007 3558 3070 3614 et
3102 3548 3509 3614 Ledesmam.

3866 1267 4097 1320 Basilius·

3871 1412 4083 1461 Irenaeus
4094 1451 4110 1461 .

2346 3670 2668 3732 Praeterea
2700 3666 2981 3732 fatentur
3010 3664 3491 3731 invocationem
3522 3664 3806 3731 Trinita-
3860 3750 3869 3760 ο

2256 3784 2341 3851 tis
2372 3804 2515 3849 esse
2545 3782 2625 3848 de
2654 3781 2937 3848 essentia
2969 3782 3196 3847 formae
3226 3781 3349 3846 sub
3383 3781 3665 3867 propriis
3700 3802 3806 3846 no-

2261 3899 2572 3966 minibuS.
2629 3898 2961 3963 Accedunt
2998 3900 3244 3975 PatreS,
3299 3909 3363 3962 et
3395 3896 3806 3982 potissimum

2259 4015 2666 4101 Augustinus
2690 4013 2828 4079 loco
2848 4013 3066 4092 citam,
3104 4025 3166 4079 et
3198 4013 3263 4077 in
3295 4012 3601 4079 omnibus
3624 4013 3810 4079 libris

2258 4144 2484 4198 contra
2526 4128 2915 4206 Donatistas,
2980 4128 3090 4215 qui
3124 4148 3253 4195 non
3284 4108 3651 4214 agnoscunt
3688 4128 3808 4194 ali-

2261 4268 2371 4314 um
2424 4246 2823 4331 Baptismum
2875 4244 3188 4324 validum,
3244 4244 3371 4311 nisi
3432 4245 3497 4310 in
3550 4244 3813 4311 nomine

2259 4362 2628 4430 Trinitatis.
2690 4364 2981 4427 Canones
3027 4361 3225 4426 etiam·
3278 4360 3589 4426 Ecclesiae
3650 4361 3815 4427 hanc

2262 4480 2564 4558 formam,
2622 4490 2691 4544 ut
2723 4476 3156 4544 necessariam
3197 4476 3506 4557 retinent,
3553 4481 3812 4543 Latera-

2265 4615 2454 4662 nens.
2497 4595 2618 4663 sub
2675 4591 3052 4661 Innocentio
3103 4596 3208 4659 111.
3266 4614 3407 4680 cap.
3454 4594 3813 4675 Firmiter,-

2265 4723 2329 4778 et
2388 4711 2859 4790 Florentinum,
2905 4730 3046 4796 cap.
3093 4710 3418 4789 Primum,
3470 4708 3551 4774 de
3580 4709 3811 4796 Bapti-

2263 4850 2426 4907 snw,
2500 4847 2644 4914 cap.
2724 4825 2919 4892 Multi
2972 4836 3147 4905 sunt,
3228 4844 3370 4909 cap.
3441 4824 3525 4891 de
3592 4828 3802 4905 trina,

2264 4964 2405 5030 cap.
2470 4942 2554 5009 St·
2590 4943 2739 5029 quis
2787 4941 3167 5025 Presbyter,
3212 4939 3291 5005 de
3321 4939 3809 5006 consecratione

2261 5059 2427 5133 dist„
2451 5062 2516 5123 4.
2554 5070 2616 5123 et
2646 5056 2752 5122 alii
2789 5057 3030 5144 plureS.
3066 5058 3391 5122 Caeterum
3432 5055 3585 5143 quia
3632 5055 3809 5141 prior

2259 5173 2454 5241 etiam
2493 5172 2815 5239 sententia
2854 5184 2950 5238 est
2990 5170 3400 5238 communior
3429 5170 3600 5237 inter
3637 5169 3804 5237 anti-

2263 5311 2452 5379 quos,
2511 5287 3042 5375 respondendum
3097 5286 3222 5353 erit
3278 5285 3443 5373 parti
3481 5285 3803 5353 adversae.

2349 5405 2631 5492 Objicies
2663 5402 3069 5490 prim0.duos
3117 5407 3410 5470 Canones
3466 5402 3806 5489 Apostolo-

2248 5553 2400 5598 rum
2448 5552 2647 5617 supra
2685 5530 2939 5610 citatOS,
2977 5528 3088 5617 qui
3123 5550 3238 5616 pro
3268 5528 3665 5615 incorruptis
3697 5548 3798 5594 re·

3858 3985 4148 4053 Angus'in.

3881 4479 4135 4530 Lateran.

3893 4541 4136 4593 Floreat.

3952 5459 4040 5510 63.
