4287 6313
1675 370 1878 436 Dls'r.
1914 372 1958 434 l.
1994 368 2354 448 QUAESTIO
2399 366 2499 432 Vl.

486 536 695 618 zata,
751 533 1061 608 nullam
1096 533 1202 606 ibi
1266 532 1627 625 gratiam
1685 530 2030 624 recepis-

485 655 608 725 set
691 650 784 723 de
862 670 1113 733 novo3
1202 652 1480 722 tamen
1561 647 2031 740 Baptismus

479 787 642 839 non
692 765 979 839 fuisset
1034 765 1112 837 in
1165 785 1262 838 ea
1323 765 1645 857 signum
1704 763 2026 844 falsum,

480 882 607 955 vel
654 881 1081 966 incertum,
1136 880 1326 974 quia
1380 880 1736 974 gratiam
1790 876 2032 970 signi-

481 1000 791 1084 ficaret,
856 1000 982 1072 vel
1050 1002 1244 1072 tunc
1324 998 1530 1082 fieri,
1594 997 1722 1071 vel
1802 994 2032 1089 prius

484 1116 754 1190 datam
797 1120 989 1188 tunc
1030 1115 1111 1187 in
1141 1139 1299 1185 esse.

933 1360 1599 1427 COMMENTARIUS.

249 1605 341 1655 ⁴2.
584 1572 657 1663 (i)
690 1575 785 1639 De
826 1576 1124 1661 potentia
1165 1574 1514 1656 ordinata,
1554 1572 2043 1640 etc.Praemittit

176 1665 438 1794 Sfflffitm
491 1691 881 1758 sententiam
949 1690 1271 1779 Magistri,
1357 1710 1550 1780 quam
1629 1689 1709 1755 ad
1780 1687 2040 1755 initium

180 1791 445 1907 vari-2⁸:5⁸.
496 1806 697 1895 hujus
727 1807 1113 1896 quaestionis
1170 1807 1733 1894 impugnavimus,
1797 1818 1861 1873 et
1899 1826 2042 1872 eam

496 1922 638 2009 ipse
675 1924 782 1989 hic
816 1923 1182 2009 impugnat.
1249 1925 1409 1988 Item
1452 1920 1843 1988 sententiam
1884 1923 2044 1987 Var-

496 2039 676 2106 ronis
723 2040 824 2106 sui
866 2038 1313 2127 praeceptoriS,
1350 2038 1461 2125 qui
1509 2037 1744 2104 asserit
1798 2037 1863 2101 in
1913 2036 2047 2102 Cir-

493 2155 896 2223 cumcisione
925 2155 1202 2243 gratiam
1238 2176 1366 2222 non
1424 2154 1671 2222 intendi
1723 2153 2048 2241 principa·

493 2271 643 2338 liter
691 2271 1105 2339 institutione
1161 2270 1839 2351 CircumcisioniS,sed
1878 2268 2052 2337 dele-

496 2391 740 2477 tionem
784 2391 1029 2477 peccati
1062 2390 1405 2478 originalis
1442 2413 1458 2471 3
1505 2388 1792 2457 secundo
1832 2400 2049 2456 autem

495 2521 559 2575 et
592 2508 1110 2575 concomitanter
1159 2530 1275 2596 per
1314 2528 1454 2574 eam
1490 2507 1707 2575 datam
1739 2527 1885 2574 esse
1907 2526 2053 2592 gra-

494 2625 680 2703 tiam,
734 2636 795 2691 et
846 2646 961 2712 pro
1015 2635 1196 2692 tanto
1242 2624 1482 2691 dicitur
1528 2644 1564 2691 a
1624 2622 1882 2690 Sanctis
1923 2643 2055 2689 non

495 2740 794 2807 conferre
824 2741 1137 2827 gratiam,
1186 2739 1337 2828 quia
1398 2760 1526 2806 non
1585 2761 1663 2806 ex
1709 2738 2054 2827 principali

501 2855 801 2923 instituto
835 2855 896 2921 id
930 2855 1157 2923 habet.

178 2976 465 3042 Conclusio.
594 2970 936 3038 Conclusio
968 2970 1262 3038 Doctoris
1304 2980 1403 3037 est
1468 2971 1551 3037 de
1598 2970 1899 3056 potentia
1948 2990 2056 3034 or-

502 3088 782 3155 dinaria
824 3109 961 3153 non
1000 3088 1257 3152 remitti
1316 3097 1657 3173 peceatum
1722 3085 2057 3174 oriqinale

501 3208 651 3272 sine
705 3206 1048 3290 infusione
1100 3206 1364 3293 qralice.
1401 3203 1587 3270 Ratio
1645 3215 1740 3269 est
1773 3203 1910 3290 jam
1952 3224 2057 3269 su-

501 3341 621 3407 pra
661 3332 853 3401 tacta,
888 3320 1040 3408 quia
1075 3340 1201 3385 non
1241 3319 1456 3399 datur,
1524 3339 1643 3385 nec
1700 3329 1912 3405 potest
1948 3317 2058 3385 da-

502 3438 558 3503 ri
591 3437 671 3504 de
718 3436 1005 3523 potentia
1054 3435 1408 3514 ordinaria,
1452 3445 1517 3500 et
1556 3434 1916 3501 secundum
1958 3434 2056 3501 le-

502 3535 643 3642 gess
681 3551 842 3621 fixas
893 3553 1140 3622 divinae
1199 3551 1543 3638 sapientiae
1583 3561 1794 3618 status
1856 3551 2056 3618 medi-

507 3689 588 3735 us
636 3667 806 3734 inter
835 3667 1042 3734 filium
1076 3667 1263 3755 regni
1342 3677 1405 3732 et
1447 3677 1848 3753 peccatorem
1911 3677 2060 3754 post

507 3781 765 3870 lapsum
801 3805 816 3861 ;
864 3782 987 3849 hoc
1016 3802 1212 3868 supra
1244 3781 1589 3869 probatum
1632 3791 1733 3847 est
1773 3780 1836 3846 in
1868 3779 2056 3847 initio

510 3898 925 3986 quaestionis.

203 4042 435 4093 Secunda
557 4014 775 4093 Addit,
802 4024 1031 4080 contra
1064 4013 1425 4082 secundum
1459 4011 1869 4101 opinionem,
1903 4032 2055 4099 gra-

195 4106 453 4231 fflff
510 4133 668 4199 tiam
718 4130 1162 4219 principaliter
1216 4130 1462 4197 intendi
1525 4152 1640 4217 per
1696 4129 2059 4197 Circumci-

164 4230 450 4360 μξξξξῇᾗ
511 4249 792 4330 sionem,
836 4250 990 4337 quia
1028 4269 1233 4336 agens
1264 4249 1626 4315 secundum
1681 4256 1927 4314 certam
1961 4268 2060 4314 ra-

247 4359 356 4409 ter.
512 4367 759 4435 tionem
801 4365 1225 4454 principalius
1264 4363 1543 4431 intendit
1565 4363 2057 4451 perfectionem,

512 4502 711 4569 quam
750 4481 1103 4549 carentiam
1143 4479 1440 4547 defectus
1488 4500 1602 4546 seu
1663 4479 2060 4564 imperfecti-

511 4601 687 4682 onis,
732 4619 927 4688 quam
969 4596 1246 4663 intendit
1291 4605 1558 4684 propter
1589 4595 2059 4682 perfectionem

516 4716 889 4806 positivam,
942 4723 1006 4779 et
1064 4710 1276 4798 magis
1308 4712 1663 4778 terminum
1703 4709 1794 4777 ad
1843 4732 2055 4797 quem,

516 4853 713 4922 quam
742 4829 1096 4897 terminum
1126 4848 1169 4892 α
1208 4847 1355 4913 quo,
1395 4826 1549 4911 quia
1580 4825 1763 4892 illum
1785 4825 2066 4893 intendit

516 4970 635 5037 per
672 4944 997 5025 accidenS,
1035 4945 1215 5009 hunc
1253 4952 1469 5008 autem
1512 4962 1629 5027 per
1668 4962 1763 5008 se.

186 5081 349 5132 Putat
404 5081 465 5154 jn
608 5066 761 5130 Haec
822 5061 987 5127 ratio
1056 5068 1230 5144 patet
1289 5055 1354 5121 in
1409 5055 1841 5137 naturalibuS,
1904 5054 2062 5143 quia

182 5144 453 5257 mig-¹311-
517 5198 716 5246 causa
792 5175 1100 5263 primario
1160 5171 1436 5240 intendit
1512 5171 1879 5238 assimilare
1938 5170 2066 5237 sibi

156 5267 475 5382 Q}
518 5314 812 5383 passum.
856 5294 1037 5357 Patet
1110 5289 1301 5356 etiam
1363 5289 1430 5362 in
1486 5286 1868 5367 moralibus,
1914 5287 2067 5374 quia

521 5407 871 5479 intendens
946 5406 1171 5489 finem,
1260 5402 1691 5492 principalius
1758 5414 2068 5489 operatur

521 5535 788 5617 propter
820 5521 1043 5602 finem,
1095 5540 1288 5609 quam
1330 5530 1595 5607 propter
1630 5516 2066 5605 impedimen-

3560 363 3678 430 223
3792 420 3797 425 .

2143 543 2230 613 ta,
2277 552 2425 619 quae
2464 541 2836 597 summovet
2865 529 3200 597 declinans
3241 528 3321 595 ab
3375 527 3688 595 extremis

2145 649 2347 730 vitiis,
2382 669 2530 736 quae
2560 660 2980 736 opponuntur
3019 645 3251 713 virtuti
3287 669 3302 727 3
3365 644 3689 732 principa-

2145 766 2274 832 lius
2334 764 2614 831 intendit
2680 764 2968 831 medium
3011 761 3298 841 virtutiS,
3362 781 3558 851 quam
3596 759 3693 827 fu·
3759 824 3762 829 .

2146 901 2297 968 gam
2356 877 2657 958 extremi,
2745 890 2810 944 et
2876 878 3046 945 hanc
3075 877 3261 963 eligit
3326 898 3407 944 ex
3448 876 3694 944 motiva

2148 996 2416 1065 virtutis
2461 1011 2525 1066 et
2582 996 3077 1079 mediocritatis,
3124 1017 3252 1084 quo
3301 1006 3688 1082 assequatur

2151 1113 2487 1195 medium3
2571 1114 2724 1181 finis
2775 1093 2972 1181 etiam
3029 1112 3341 1202 praecepti
3403 1110 3694 1200 negativi

2149 1239 2250 1294 est
2287 1227 2636 1296 affirmatio
2667 1229 2993 1317 opposita.

2241 1347 2423 1410 Patet
2470 1345 2665 1412 etiam
2707 1346 2773 1411 in
2829 1345 3163 1433 proposito
3205 1345 3269 1411 in
3308 1356 3692 1432 supernatu·
3750 1353 3903 1404 Patet
3954 1350 4009 1402 in

2153 1458 2423 1539 talibus,
2460 1460 2613 1547 quia
2659 1460 2895 1528 deletio
2942 1473 3007 1527 et
3088 1461 3388 1529 remissio
3455 1462 3696 1550 peccati
3723 1419 4019 1550 nngaggi-'21⁰1-

2157 1573 2515 1642 intenditur
2546 1588 2810 1663 propter
2841 1577 3118 1643 salutem
3161 1588 3226 1643 et
3253 1577 3455 1644 vitam
3499 1589 3566 1644 ut
3600 1598 3700 1644 re·
3767 1538 4011 1594 Trident.

2159 1703 2498 1756 moveatur
2529 1690 3114 1778 impedimentum;
3169 1692 3323 1760 binc
3383 1693 3704 1780 poeniten-

2158 1806 2246 1874 tia
2310 1805 2677 1892 concipitur
2743 1828 2823 1873 ex
2904 1808 3149 1873 motivo
3215 1807 3573 1888 charitatis,
3638 1819 3710 1874 ut

2161 1933 2335 2009 patet
2398 1942 2478 1988 ex
2518 1921 2901 1988 Tridentino
2964 1944 3120 1990 sess.
3157 1925 3222 1991 6.
3305 1944 3450 2010 cap.
3496 1928 3562 1991 7.
3644 1936 3709 1990 et

2161 2037 2594 2125 praeexigitur
2634 2038 2698 2104 in
2740 2060 2816 2105 eo
2855 2039 2967 2126 qui
3001 2052 3102 2107 est
3167 2040 3233 2105 in
3304 2039 3560 2106 mortali
3623 2039 3705 2105 ad

2162 2154 2601 2241 receptionem
2699 2166 2762 2221 et
2846 2154 3392 2224 ministrationem
3489 2156 3714 2224 Sacra-

2166 2280 2565 2336 mentorum.

2252 2390 2423 2453 Deus
2453 2407 2612 2474 ergo
2669 2386 3071 2454 instituendo
3132 2388 3710 2456 Circumcisionem

2167 2502 2354 2591 (cum
2387 2502 2471 2570 sit
2492 2522 2697 2590 agens
2718 2503 3074 2571 secundum
3103 2517 3339 2571 rectam
3366 2505 3714 2593 rationem)
3753 2492 3756 2497 ¹

2168 2618 2597 2707 principalius
2639 2619 2915 2686 intendit
2965 2620 3428 2708 perfectionem
3492 2621 3720 2708 positi-

2169 2715 2343 2814 ram,
2443 2746 2597 2821 puta
2702 2735 3005 2822 gratiam,
3049 2757 3273 2824 *quam
3351 2738 3707 2805 carentiam

2168 2848 2710 2935 imperfectioniS,
2751 2849 2812 2915 id
2842 2862 2967 2930 est,
3028 2851 3274 2938 peccati
3339 2852 3708 2939 originalis,
3762 2882 3767 2887 ·

2167 2964 2323 3053 quia
2367 2965 2677 3052 perfectio
2739 2966 3019 3054 positiva
3092 2968 3304 3055 magis
3352 2981 3417 3035 et
3457 2970 3721 3058 propin·

2172 3083 2366 3172 quius
2425 3085 2674 3151 accedit
2770 3085 2845 3151 ad
2932 3085 3129 3153 finem
3218 3088 3556 3155 electionis
3652 3101 3717 3155 et

2173 3198 2430 3286 gloriae,
2468 3222 2661 3288 quam
2708 3202 3012 3269 remissio
3054 3206 3333 3292 peccati;
3388 3206 3558 3293 quod
3602 3227 3718 3293 pa-

2174 3327 2265 3382 tet
2294 3337 2409 3403 per
2440 3315 2897 3385 Tridentinum
2930 3339 3095 3387 sess,
3133 3323 3197 3387 6.
3226 3341 3369 3406 cap.
3398 3326 3462 3388 7.
3507 3322 3720 3388 decla·

2174 3451 2328 3500 rans
2375 3456 2390 3500 ε
2425 3435 2981 3520 justificationem
3038 3438 3386 3505 includere
3431 3460 3564 3505 non
3609 3460 3722 3505 so·
3783 3483 3790 3490 -

2176 3551 2314 3616 lum
2347 3551 2801 3617 remissionem
2827 3555 3106 3639 peccati,
3141 3554 3258 3621 sed
3285 3556 3694 3638 sanctificati
3706 3593 3727 3608 ·

2174 3683 2365 3728 onem
2404 3674 2464 3729 ec
2503 3668 2998 3733 renovationem
3049 3669 3394 3734 interioris
3434 3670 3724 3736 hominis

2169 3801 2292 3867 per
2335 3781 2788 3848 voluntariam
2845 3786 3323 3870 susceptionem
3375 3788 3615 3873 qralioe
3661 3798 3726 3852 et

2174 3894 2524 3975 donorum,
2563 3907 2685 3963 etc.
2733 3901 2811 3964 Et
2857 3897 3077 3965 subdit
3105 3920 3367 3967 causam
3403 3922 3518 3969 seu
3560 3900 3721 3968 rati·
3787 3881 3794 3890 ’

2174 4031 2366 4077 onem
2399 4033 2412 4077 τ
2457 4013 2663 4094 Unde,
2720 4014 2955 4102 inquit,
2991 4017 3184 4082 homo
3212 4039 3299 4083 ex
3360 4020 3609 4106 injusto
3643 4022 3724 4103 fit

2162 4128 2407 4211 justus,
2449 4141 2510 4194 et
2558 4151 2644 4196 ex
2673 4133 2949 4197 inimico
2989 4136 3263 4215 amicus,
3287 4146 3357 4200 ut
3384 4137 3472 4200 sit
3512 4137 3721 4201 hoeres
3753 4119 3758 4120 ἶ

2172 4246 2531 4312 seeundum
2576 4268 2758 4334 spem
2832 4252 2988 4315 vitce
3053 4261 3337 4333 oelernce,
3384 4262 3507 4318 etc.
3577 4251 3720 4319 fieri

2173 4380 2331 4447 ergo
2394 4361 2722 4429 haeredem
2763 4364 2918 4431 vitae
2947 4375 3238 4446 aeternae,
3284 4367 3458 4453 quod
3489 4367 3721 4434 tribuit

2174 4474 2430 4562 gratiae,
2511 4488 2610 4545 est
2685 4477 2836 4547 finis
2925 4480 3332 4548 remissionis
3422 4483 3715 4567 peccati;

2177 4590 2520 4678 utriusque
2549 4605 2793 4677 autem,
2827 4606 2896 4661 ut
2925 4594 3015 4661 ibi
3047 4596 3370 4683 sequitur,
3410 4595 3583 4678 finis,
3621 4609 3721 4665 est

2176 4704 2388 4791 gloria
2426 4708 2537 4773 Dei
2579 4718 2642 4775 et
2673 4708 2937 4787 Christi,
2974 4731 3049 4777 ac
3076 4710 3209 4778 vita
3240 4723 3526 4793 aeterna;
3579 4714 3724 4782 haec

2179 4821 2599 4912 intelligenda
2628 4836 2784 4893 sunt
2812 4825 2893 4892 de
2931 4825 3059 4893 fine
3089 4828 3461 4897 extrinseco
3502 4834 3725 4899 Sacra-

2180 4941 2407 5019 menti,
2446 4960 2574 5007 non
2606 4962 2763 5008 vero
2793 4940 2875 5008 de
2916 4941 3047 5010 fine
3077 4943 3462 5018 intrinsec0.

2270 5056 2350 5143 (j)
2399 5055 2616 5123 Tertio
2642 5068 2920 5145 propter
2967 5061 3542 5143 confirmationem
3570 5066 3728 5151 pri·
3868 5103 3953 5156 43.

2178 5196 2303 5240 moe
2365 5175 2728 5260 opinionis,
2809 5187 2932 5243 etc.
2995 5176 3277 5245 Primam
3348 5180 3725 5267 opinionem

2180 5285 2461 5372 appellat
2489 5307 2931 5370 communem,
2966 5309 3116 5376 quae
3138 5288 3324 5357 docet
3347 5292 3414 5358 in
3437 5293 3727 5360 Circum-

2180 5399 2429 5466 cisione
2466 5400 2667 5468 deleri
2710 5413 3045 5487 peccatum
3120 5405 3465 5493 originale,
3508 5420 3572 5474 et
3613 5408 3724 5475 de·
3795 5391 3800 5394 Ἴ

2181 5514 2406 5604 inceps
2461 5517 2815 5605 respondet
2851 5518 2931 5587 ad
2995 5521 3413 5591 auctoritates
3453 5526 3721 5595 Sancto-
