4287 6313
1655 443 1855 506 DlST.
1891 443 2020 505 Vll.
2057 441 2421 518 QUAESTIO
2472 442 2518 504 1.

582 620 729 673 one
770 622 930 673 non
990 607 1171 677 erat
1245 603 1456 677 alius
1518 606 1815 696 gradus
1869 603 1949 675 in
1994 606 2130 676 Ec·

582 716 856 800 clesia‚
924 723 1198 792 tamen
1278 723 1618 814 propter
1700 719 2132 797 necessita-

583 838 749 907 tem
878 840 1162 927 postea
1305 837 1829 931 multiplicati
1944 840 2129 910 sunt

585 952 1086 1035 Sacerdotes,
1135 957 1215 1027 et
1280 956 1667 1029 restricta
1725 959 1849 1030 est
1914 958 2127 1047 pote-

580 1069 751 1140 stas
821 1069 918 1140 ab
978 1069 1121 1151 eis,
1198 1077 1588 1162 quantum
1660 1071 1756 1144 ad
1824 1071 2122 1163 aliqua,

579 1205 753 1277 quae
790 1190 1215 1259 reservata
1265 1191 1453 1261 sunt
1507 1188 1704 1261 solis
1750 1186 2127 1261 Sacerdo-

576 1300 788 1374 tibus
873 1302 1347 1393 maj0ribus,
1445 1304 1580 1396 qui
1664 1303 1856 1377 dicti
1939 1308 2124 1377 sunt

574 1416 983 1510 Episcopi,
1038 1424 1118 1493 et
1182 1420 1373 1494 talis
1416 1399 1647 1493 actus
1691 1424 1908 1493 esset
1975 1443 2124 1489 con-

571 1536 874 1618 firmare.
923 1538 1142 1618 Quod
1191 1538 1259 1609 si
1300 1558 1588 1610 verum
1629 1540 1777 1620 est,
1824 1540 2124 1629 Grego-

579 1650 751 1724 rius
811 1652 1006 1725 bene
1071 1654 1339 1746 potuit
1403 1656 1877 1728 Sacerdotes
1938 1655 2120 1728 illos

578 1766 982 1858 subjectos
1067 1770 1462 1841 Januario
1541 1770 1944 1863 Episcopo
2032 1771 2119 1843 li-

577 1882 940 1956 centiare
1018 1884 1114 1955 ad
1189 1886 1859 1981 confirmandum,
1935 1888 2121 1982 quia

575 1999 655 2071 in
715 1998 867 2073 hoc
928 2021 1087 2073 non
1146 2004 1550 2079 concessit
1627 2007 2116 2097 potestatem

570 2118 688 2190 eis
739 2139 900 2191 non
960 2121 1573 2194 convenientem
1615 2123 1758 2203 eis,
1807 2123 1938 2194 sed
1998 2144 2115 2194 re-

573 2238 899 2311 vocavit
988 2238 1614 2330 prohibitionem
1697 2240 1924 2333 prius
2002 2240 2116 2313 eis

571 2352 895 2427 factam.

264 2476 485 2589 vige-mr
663 2472 807 2545 Sed
862 2471 930 2543 si
980 2473 1269 2545 contra
1318 2471 1466 2546 hoc
1511 2473 1871 2567 objicias,
1931 2474 2116 2566 quia

236 2600 541 2713 rflffuqffi
577 2589 1010 2663 secundum
1056 2589 1238 2669 ista,
1308 2612 1488 2663 cum
1552 2591 1631 2663 in
1693 2591 2115 2684 primitiva

224 2679 253 2713 ¹¹
299 2725 448 2798 apin,
529 2699 944 2777 ’Ecclesia
984 2726 1145 2777 non
1185 2706 1569 2796 legantur
1628 2706 1766 2778 alii
1827 2708 2118 2779 confir-

249 2793 535 2920 ἕέἒῗὲἔῖἔῗ,
574 2841 864 2903 masse,
964 2841 1203 2913 quam
1283 2824 1685 2914 Apostoli,
1776 2823 1843 2896 si
1925 2830 2112 2899 tunc

216 2912 538 3025 οξζῧῖᾘζξξ
573 2937 1056 3030 quicumque
1114 2940 1592 3012 Sacerdotes
1636 2945 1871 3014 erant
1936 2941 2110 3034 Epi-

243 3042 502 3102 ¹³⁰²²¹⁸¹¹²·
567 3053 817 3146 scopi,
906 3054 1033 3126 vel
1114 3055 1488 3147 aequales,
1557 3061 1948 3148 quantum
2019 3059 2112 3131 ad

566 3172 812 3244 istum
845 3175 1147 3254 actum,
1218 3193 1417 3264 ergo
1454 3174 1649 3246 solis
1686 3175 2109 3269 Episcopis

562 3289 896 3364 debetur
999 3311 1096 3362 ex
1207 3290 1499 3365 officio.
1606 3293 2107 3384 Respondeo,

565 3406 768 3497 quod
836 3407 961 3479 vel
1030 3407 1230 3478 nulli
1305 3407 1445 3479 alii
1528 3407 1625 3479 ab
1692 3409 2107 3500 Apostolis

559 3529 795 3597 erant
894 3526 1398 3605 Sacerdotes,
1490 3524 1676 3616 quia
1754 3525 1873 3598 illi
1957 3527 2109 3599 soli

560 3644 749 3713 tunc
830 3646 1265 3730 potuerunt
1347 3641 1747 3724 sufficere,
1829 3643 1957 3714 vel
2043 3643 2107 3714 si

559 3755 699 3828 alii
734 3762 997 3841 erant,
1052 3756 1512 3830 detulerunt
1558 3757 1977 3849 Apostolis
2026 3757 2105 3831 in

559 3868 716 3941 isto
751 3873 933 3943 actu
973 3876 1311 3963 propter
1360 3870 2102 3946 manifestationem

569 3986 924 4077 Spiritus
1023 3988 1280 4061 sancti
1376 3988 1849 4071 evidentem,
1932 4011 2104 4082 quae

564 4102 805 4176 fiebat
875 4103 955 4174 in
1004 4105 1439 4178 collatione
1510 4106 1747 4179 istius
1819 4110 2106 4181 Sacra-

565 4218 840 4300 menti,
897 4223 986 4293 ut
1044 4240 1225 4292 cum
1289 4221 1585 4312 majori
1647 4225 2104 4296 reverentia

559 4339 640 4410 et
691 4335 1115 4408 devotione
1159 4336 1716 4430 susciperetur
1767 4345 2105 4434 propter

559 4452 1128 4525 excellentiam
1173 4454 1771 4528 ministrorum.

286 4663 295 4673 .
355 4597 403 4646 8.
650 4575 1009 4653 Quartus
1048 4574 1326 4645 modus
1369 4573 1675 4646 dicendi
1710 4579 1859 4657 est,
1897 4580 2102 4668 quod

231 4659 482 4776 {fffflssffj
562 4687 628 4759 si
663 4707 710 4759 a
745 4687 1146 4782 principio
1197 4709 1356 4760 non
1407 4689 1639 4763 licuit
1686 4693 2100 4766 Sacerdoti

268 4790 460 4915 pljffiss,
559 4802 935 4897 simplici,
976 4805 1193 4897 Papa
1227 4810 1497 4878 tamen
1534 4808 1798 4899 potuit
1835 4829 2103 4899 quem-

227 4914 527 5042 9232&ssss
560 4917 749 4992 libet
830 4921 1348 4994 Sacerdotem
1444 4921 1661 4994 illius
1744 4924 2102 5015 regionis

216 5031 828 5151 confjfifinan-facere
916 5038 1433 5130 Episcopum,
1543 5042 1930 5131 quantum
2009 5041 2100 5113 ad

557 5154 804 5227 istum
877 5158 1176 5236 actum,
1253 5174 1412 5226 non
1487 5159 1755 5227 tamen
1845 5156 2103 5229 confe-

557 5271 802 5342 rendo
911 5270 1061 5341 sibi
1169 5269 1658 5362 simpliciter
1762 5272 2101 5362 gradum

557 5383 1149 5479 Episcopalem,
1250 5407 1392 5459 nec
1515 5390 1902 5478 quantum
2008 5391 2101 5461 ad

556 5501 762 5573 alios
806 5505 1062 5581 actus,
1099 5503 1176 5571 et
1213 5505 1402 5574 tunc
1439 5501 1773 5593 quilibet
1814 5524 2098 5576 eorum

551 5633 746 5687 vere
787 5614 1306 5688 confirmavit
1347 5618 1739 5707 tanquam
1773 5616 2099 5709 Episco-

3672 434 3789 495 693

2246 622 2392 693 pus
2446 606 2837 693 quantum
2889 600 2983 672 ad
3035 599 3282 671 istum
3326 597 3635 674 actum;
3711 598 3790 666 et

2246 719 2459 791 ratio
2548 717 3012 792 conferendi
3100 715 3350 788 istum
3447 710 3786 805 gradum

2177 836 2571 917 rcuilibet
2679 832 3093 908 Sacerdoti
3201 834 3591 922 quantum
3688 825 3782 898 ad

2242 955 2490 1028 istum
2548 956 2846 1032 actum,
2914 953 3237 1042 poterat
3308 964 3486 1018 esse
3557 962 3780 1016 scan-

2236 1072 2507 1145 dalum
2549 1070 2992 1144 vitandum.

2328 1187 2680 1261 Materia
2738 1189 3013 1259 autem
3079 1188 3418 1264 remota,
3468 1179 4129 1311 scilicetcoffigffiuo

2235 1302 2620 1384 chrisma,
2659 1300 2897 1373 habet
2948 1297 3559 1371 similitudinem
3593 1315 3773 1368 cum
3808 1324 4017 1374 balsami
4063 1326 4128 1374 mi

2236 1419 2525 1493 effectu
2596 1417 2835 1510 hujus
2899 1413 3449 1491 Sacramenti;
3512 1411 3775 1484 oleum
3833 1385 4100 1521 ξξῗὲῑξξ.

2234 1536 2445 1608 enim
2498 1536 2849 1607 nitorem
2899 1533 3160 1613 habet,
3214 1533 3293 1603 et
3337 1528 3775 1622 superemi-
3827 1518 4091 1562 ⁰³⁸¹¹¹⁶¹¹t¹·

2233 1656 2365 1725 net
2401 1651 2723 1725 caeteris
2757 1650 3108 1742 liquidis,
3157 1652 3237 1721 et
3270 1651 3394 1720 est
3430 1645 3776 1718 materia

2235 1769 2614 1864 proxima
2714 1766 3081 1840 incendii.
3177 1767 3333 1838 Per
3418 1762 3773 1856 primum

2233 1888 2641 1979 significat
2721 1885 3190 1959 castitatem
3269 1883 3396 1954 vel
3475 1880 3775 1953 mundi·

2234 2005 2477 2086 tiam;
2543 2025 2686 2098 per
2750 2003 2912 2075 alia
2953 2002 3105 2073 duo
3152 1998 3554 2092 significat
3596 1997 3773 2069 cha-

2233 2123 2590 2195 ritatem.
2638 2125 2738 2194 Et
2769 2118 3250 2199 balsamum,
3293 2117 3492 2209 quod
3536 2113 3773 2187 habet

2229 2239 2525 2310 bonum
2591 2238 2946 2318 odorem,
3012 2234 3419 2327 significat
3477 2233 3771 2304 bonam

2228 2355 2556 2436 famam,
2593 2354 2832 2447 juxta
2893 2353 3085 2425 illud
3139 2355 3205 2424 2.
3281 2349 3648 2425 Corinth.
3701 2351 3766 2420 Ξ.

2231 2474 2488 2540 Christi
2518 2474 2723 2540 bonus
2752 2474 2920 2538 odor
2945 2492 3169 2537 sumus
3200 2472 3359 2535 Dec.
3387 2467 3768 2537 Balsamo

2226 2590 2476 2661 etiam
2554 2608 2908 2680 corpora
2991 2590 3508 2659 mortuorum
3588 2602 3768 2655 con-

2225 2703 2556 2777 diuntur
2615 2724 2712 2776 ne
2784 2703 3263 2795 putrefiant;
3312 2700 3482 2772 ideo
3527 2697 3770 2789 signi-

2224 2820 2415 2892 ficat
2494 2819 3220 2912 incorruptionem.
3307 2819 3461 2888 Per
3542 2815 3768 2888 illam

2225 2957 2424 3029 ergo
2489 2938 2951 3020 materiam,
3030 2936 3344 3009 scilicet
3404 2934 3768 3008 chrisma

2224 3056 2681 3131 consectum
2732 3077 2827 3128 ex
2875 3055 3051 3127 oleo
3101 3060 3180 3128 et
3231 3053 3622 3135 balsam0,
3671 3053 3769 3124 si-

2225 3174 2664 3266 gnificatur
2750 3173 2951 3265 quod
3026 3173 3158 3264 qui
3230 3171 3769 3245 confirmatur

2221 3293 2445 3365 debet
2496 3292 2793 3364 habere
2846 3290 3322 3364 munditiam
3374 3295 3453 3363 et
3504 3288 3767 3360 chari-

2222 3414 2474 3483 tatem
2517 3412 2596 3480 et
2641 3408 2934 3480 bonam
2977 3406 3304 3488 famam,
3355 3405 3542 3499 quia
3595 3406 3764 3476 sine

2223 3525 2403 3600 istis
2463 3546 2623 3597 non
2689 3528 2815 3598 est
2877 3524 3220 3596 multum
3292 3522 3763 3597 authentica

2221 3643 2734 3717 confirmatio
2776 3643 2954 3714 fidei
2988 3640 3500 3716 Christianae.

2658 3950 3318 4016 COMMENTARIUS.

2219 4265 2224 4276 ,
2305 4217 2393 4305 (a)
2426 4219 2545 4283 Hic
2569 4227 2773 4303 paret,
2825 4228 2947 4282 etc.
2986 4218 3101 4281 Hic
3131 4214 3393 4302 suincit
3423 4215 3755 4302 explicati-

2216 4357 2406 4402 onem
2458 4335 2816 4423 praemissae
2866 4333 3290 4410 definitionis,
3344 4345 3414 4399 ut
3453 4345 3626 4419 patet
3673 4354 3754 4400 ex
3853 4325 4039 4436 Fffi‘na

2217 4454 2452 4531 littera,
2518 4473 2711 4539 quam
2765 4449 3208 4516 definitionem
3267 4450 3580 4516 hactenus
3638 4449 3750 4516 de-
3781 4448 4102 4559 Οθῡοῦὧῐζωῑὶ-

2215 4572 2633 4641 claravimus.
2698 4572 3009 4655 Superest
3093 4581 3341 4634 tantum
3428 4565 3752 4652 explicare
3993 4551 4005 4564 ’

2217 4687 2489 4753 formam
2536 4709 2550 4752 ι
2595 4685 2859 4760 Forma,
2902 4682 3137 4769 inquit,
3174 4693 3265 4747 est
3299 4682 3454 4748 talis
3486 4707 3506 4746 .·
3544 4682 3753 4767 Siqno

2216 4815 2294 4882 te,
2351 4805 2455 4869 vel
2493 4803 2805 4887 consiyno
2853 4811 2913 4864 tc
2958 4800 3151 4885 siquo
3206 4798 3461 4872 Crucis,
3508 4798 3752 4880 οοηίῖνι

2218 4943 2320 4989 mo
2378 4932 2435 4985 cc
2502 4919 2857 4984 chrismate
2893 4917 3155 4992 saluti&
3220 4916 3323 4980 vel
3386 4915 3758 4996 sanctifica-

2217 5040 2439 5117 tioni&
2478 5038 2551 5102 in
2600 5035 2868 5100 nomine
2909 5035 3139 5099 Patris
3187 5044 3248 5098 ec
3291 5032 3459 5097 Filii
3496 5043 3556 5096 et
3599 5032 3755 5118 Spe·-

2215 5157 2385 5221 ritus
2431 5154 2667 5232 sancti,
2707 5161 2827 5217 etc.
2894 5154 3070 5215 Hanc
3117 5169 3262 5215 esse
3319 5146 3752 5214 sufficientem

2218 5272 2490 5337 formam
2579 5279 2673 5334 est
2730 5267 2807 5331 de
2876 5265 2999 5331 fide
3055 5286 3135 5330 ex
3209 5263 3601 5342 Florentino,
3693 5275 3756 5328 et

2216 5385 2543 5452 communi
2597 5384 3100 5468 Theologorum,
3155 5393 3216 5446 et
3270 5401 3350 5445 ex
3406 5378 3752 5444 ritualibus

2216 5509 2528 5571 Romanae
2608 5498 2940 5580 Ecclesiae,
2986 5519 3102 5565 seu
3166 5495 3525 5563 pontificali
3571 5518 3586 5572 ;
3636 5516 3753 5561 un-

2217 5620 2299 5686 de
2358 5620 2527 5686 sicut
2588 5620 2821 5682 Doctor
2875 5614 3158 5680 asseruit
3216 5632 3412 5699 supra
3481 5609 3632 5677 dist.
3680 5615 3744 5676 6.
