4287 6313
541 421 660 487 454

550 583 659 658 sti
725 582 1064 657 dicens:
1142 588 1699 674 Quotiescumque,
1774 587 1929 657 etc.
2000 584 2082 655 et

540 698 967 772 conferens
999 699 1116 771 eis
1152 703 1340 793 post
1386 700 2082 774 resurrectionem

539 819 1035 911 potestatem
1102 815 1591 898 absolvendi,
1656 819 1888 889 Joan.
1967 817 2079 889 20.

549 939 844 1013 Quorum
889 937 1307 1015 remiseritis,
1355 937 1508 1007 etc.
1572 932 1918 1006 contulit
1967 932 2085 1004 eis

544 1049 792 1123 etiam
829 1048 1184 1121 officium
1216 1049 1674 1141 baptizandi
1709 1049 2088 1121 solemni-

546 1170 701 1246 ter,
739 1165 1028 1239 Matth.
1067 1166 1218 1240 ult.
1263 1170 1513 1236 Euntes
1560 1170 1911 1257 baptizate,
1932 1164 2083 1242 etc.

554 1284 749 1356 ordo
837 1288 1109 1356 autem
1207 1283 1645 1358 sacerdotii
1709 1284 2091 1377 supponit

553 1400 1063 1491 Baptismum
1126 1399 1420 1472 saltem
1521 1400 1612 1473 de
1696 1418 2089 1492 congru0,

553 1522 840 1585 Eoecrav.
883 1519 965 1584 de
1013 1517 1239 1584 Presb.
1276 1540 1409 1585 non
1451 1519 1629 1606 bapt.
1665 1542 1721 1585 c.
1788 1520 2089 1587 Veniens,

518 1722 523 1727 ψ
642 1634 809 1704 Nec
900 1629 1222 1704 videtur
1323 1631 1798 1714 necessitas,
1889 1634 2097 1724 quod

558 1747 935 1821 Christus
991 1770 1172 1822 cum
1217 1749 1634 1842 Apostolis
1686 1749 1769 1821 in
1800 1748 1953 1822 hoc
1992 1750 2081 1821 di-

562 1866 1100 1960 spensaverit,
1203 1868 1387 1960 quia
1464 1867 1688 1938 nulla
1780 1866 2102 1939 videtur

563 1984 780 2058 ratio
848 1983 1359 2076 dispensandi
1438 2004 1582 2057 nec
1643 1983 1919 2076 aliqua
1976 2003 2103 2057 ne-

563 2099 934 2181 cessitas,
1016 2101 1143 2173 vel
1229 2101 1548 2175 utilitas
1638 2104 2101 2181 consecuta,

566 2239 749 2292 cum
803 2239 947 2293 nec
988 2219 1144 2312 ipsi
1184 2224 1457 2294 essent
1496 2218 1907 2311 gratiores
1939 2220 2107 2291 Deo

568 2356 713 2429 per
760 2336 913 2410 hoc
986 2337 1187 2430 quod
1252 2357 1414 2409 non
1470 2334 1884 2429 baptizati,
1966 2354 2111 2407 nec

565 2453 913 2530 fuissent
971 2455 1473 2528 efficaciores
1558 2456 1959 2527 Doctores
2031 2450 2113 2523 in

570 2574 956 2648 Ecclesia.
1009 2576 1181 2645 Imo
1217 2572 1559 2655 videtur,
1607 2572 1811 2663 quod
1844 2570 2111 2643 minus

252 2722 499 2788 Magister
571 2689 968 2774 efficaces,
1025 2690 1211 2785 quia
1264 2689 1527 2762 minus
1585 2689 1806 2763 valet
1866 2690 2114 2780 Magi-

280 2799 482 2916 Ἔζζῖῗ
576 2815 747 2885 ster
815 2807 1184 2892 moraliS,
1261 2807 1395 2897 qui
1443 2825 1603 2878 non
1641 2805 1819 2879 vult
1871 2825 2114 2898 opere

283 2914 480 2963 doeea‘·
576 2928 915 3020 implere
1032 2924 1237 3017 quod
1339 2922 1596 3005 docet,
1681 2921 2112 2994 secundum

570 3045 1087 3136 Gregorium.
1152 3039 1527 3117 Christus
1565 3038 1930 3112 etiamin
2000 3058 2112 3109 se-

567 3163 745 3256 ipso
790 3162 1054 3234 voluit
1106 3159 1615 3252 Baptismum
1668 3154 2107 3248 suscipere,

570 3282 862 3356 saltem
931 3278 1297 3360 ‚Ioannis
1365 3280 1801 3367 antequam
1857 3276 2109 3366 legem

572 3397 971 3494 Baptismi
1059 3395 1243 3468 aliis
1337 3394 1818 3487 imponeret,
1929 3392 2116 3485 quia

577 3518 752 3593 Act.
834 3521 904 3587 1.
976 3513 1333 3587 dicitur:
1387 3515 1599 3602 Caepic
1652 3515 1839 3580 Iesus
1893 3514 2119 3599 facere

579 3648 641 3704 et
700 3637 958 3703 docere.

668 3746 1230 3824 Consimiliter
1315 3743 1925 3837 supponendum
1995 3748 2120 3819 est

579 3865 671 3939 de
720 3867 974 3938 Beata
1020 3860 1384 3953 Virgine,
1447 3859 1605 3932 nisi
1675 3856 1888 3931 forte
1943 3858 2120 3952 ipsa

226 3969 549 4087 baptigffim’
584 3986 690 4058 sit
732 3985 1073 4074 excepta
1142 3977 1238 4049 ab
1301 3976 1444 4049 illa
1511 3977 1711 4067 lege,
1776 3979 1857 4049 et
1895 3975 1987 4048 de
2026 3996 2122 4048 ea

229 4101 384 4153 ‘³¹¹¹'ss
440 4105 537 4151 ⁰⁸²·
580 4104 869 4176 fuisset
904 4099 1121 4174 ratio
1164 4095 1702 4190 dispensandi,
1746 4094 1934 4187 quia
1964 4091 2125 4166 for-

579 4227 657 4297 te
707 4218 986 4293 habuit
1043 4217 1122 4289 in
1195 4214 1722 4307 conceptione
1780 4211 1926 4285 filii
1997 4212 2122 4285 sui

583 4341 806 4414 illam
916 4332 1546 4428 plenitudinem.
1601 4331 1919 4423 gratiae,
2030 4329 2126 4401 ad

585 4478 827 4554 quam
893 4455 1108 4526 Deus
1194 4447 1590 4543 disposuit
1697 4465 1876 4518 eam
1948 4465 2129 4537 per-

583 4576 888 4652 venire.

367 4729 416 4779 4
677 4696 790 4771 Ad
816 4691 1041 4768 ‘aliud
1062 4689 1239 4761 dico
1267 4684 1390 4775 (d),
1430 4681 1637 4774 quod
1666 4680 2127 4772 baptizatus

314 4791 477 4844 ‘¹³⁶²‘
589 4810 1012 4905 Baptismo
1066 4798 1511 4893 sanguiniS‚
1559 4798 1627 4870 si
1679 4801 1966 4890 postea
2006 4802 2131 4871 est

260 4861 331 4913 Ut
357 4855 401 4905 si
429 4855 542 4919 quis

292 4926 503 5040 ξζῖξξξξ
592 4927 1015 5003 nobiscum
1046 4921 1347 5000 viator,
1410 4918 1760 4998 tenetur,
1808 4913 2126 4998 affectu,

238 5044 446 5163 lethgge
469 5058 562 5110 pr0
593 5051 673 5121 ot
710 5065 859 5138 pro
906 5043 1116 5123 1000,
1160 5040 1241 5111 et
1345 5038 1715 5126 tempore
1766 5030 2131 5122 recipere

240 5174 542 5229 miracu10⁸0
595 5164 887 5240 effectu
922 5153 1569 5234 Sacramentum,
1650 5148 1724 5221 id
1773 5152 1921 5229 est,
1979 5147 2132 5218 Ba-

240 5237 564 5293 convalesco-

352 5305 451 5352 ret
599 5282 989 5377 ptismum
1029 5271 1414 5349 fluminis;
1431 5266 1585 5338 hoc
1627 5269 1899 5338 autem
1927 5265 2133 5356 quod

241 5385 292 5435 ‘¹‘
315 5370 363 5420 3
381 5359 541 5416 ΨΑ
550 5385 1084 5485 supponitur
1133 5387 1258 5453 est
1297 5379 1496 5450 bene
1530 5373 1938 5467 possibile,
1977 5372 2131 5445 sic-

588 5509 676 5580 ut
744 5504 836 5577 de
910 5495 1380 5592 quibusdam
1487 5488 1817 5580 legitur,
1927 5485 2133 5577 quod

592 5616 780 5687 sunt
812 5607 1009 5684 facti
1031 5604 1153 5678 bis
1186 5592 1928 5687 confessores,quia
1962 5613 2133 5664 sus-

283 3783 496 3833 Beatam

254 3843 521 3917 Virginem

320 3908 469 3959 fuisse

1721 422 1868 486 Lm.
1896 422 1998 484 Ν.
2044 420 2640 501 summissum

2195 581 2617 658 tinuerunt
2646 584 2767 656 bis
2803 603 3077 678 poenas
3111 605 3259 679 pro
3308 586 3483 671 fide,
3546 605 3733 679 pro·

2197 703 2380 792 pter
2411 721 2611 792 quas
2655 705 2927 775 tamen
2975 721 3137 774 non
3178 707 3366 777 sunt
3401 701 3735 775 mortui.

2199 816 2280 891 Si
2315 822 2586 892 autem
2620 819 3088 911 Baptismus
3160 818 3583 910 sanguinis
3636 818 3746 890 sit

2200 934 2677 1026 completus,
2780 934 2968 1027 quia
3072 935 3189 1008 sic
3284 934 3745 1028 baptizatus

2204 1048 2583 1131 moritur,
2622 1054 2703 1125 et
2734 1071 2894 1124 non
2929 1053 3295 1124 remanet
3326 1050 3749 1124 nobiscum

2201 1166 2497 1250 viator,
2542 1187 2703 1238 non
2744 1172 2869 1241 est
2932 1167 3341 1259 obligatus
3398 1165 3491 1238 ad
3551 1184 3751 1258 prae·

2205 1285 2527 1372 ceptum
2568 1282 2960 1366 viatoris;
3009 1285 3544 1358 Sacramenta
3612 1301 3745 1352 au·

2207 1402 2371 1472 tem
2429 1419 2591 1472 non
2659 1400 2953 1475 habent
3022 1403 3315 1484 locum,
3391 1399 3570 1472 nisi·
3601 1418 3751 1492 pro

2209 1525 2428 1595 statu
2461 1520 2639 1603 viee,
2675 1526 2765 1595 ut
2806 1524 3116 1595 tactum
3159 1527 3281 1594 est
3323 1523 3752 1589 distinctione

2208 1641 2455 1727 prima.

2300 1752 2413 1824 Ad
2445 1751 2658 1824 aliud
2691 1750 2890 1837 dico,
2929 1753 3134 1846 quod
3164 1752 3432 1825 nullus
3460 1748 3749 1841 recipit

2214 1870 2528 1943 frustra
2594 1869 3130 1963 Baptismum,
3215 1869 3399 1958 quia
3483 1865 3757 1959 gratia

2219 1989 2327 2064 ibi
2370 1996 2743 2082 augetur,
2774 1988 2932 2061 nisi
2965 1984 3434 2082 pervenerit
3465 1983 3561 2059 ad
3604 1988 3760 2057 ter·-

2223 2110 2530 2182 minum
2584 2133 2599 2189 ;
2637 2113 2717 2181 et
2752 2107 2818 2179 si
2862 2104 3077 2181 forte
3113 2106 3344 2199 prius
3381 2126 3767 2199 pervene-

2226 2226 2360 2307 rit,
2407 2224 2731 2299 additur
2773 2222 2880 2295 ibi
2947 2222 3356 2303 meritum,
3407 2221 3770 2294 obedien-

2222 2344 2318 2415 do
2354 2345 2759 2435 praecepto
2802 2339 3098 2414 divino.
3135 2341 3299 2412 Nec
3350 2338 3601 2410 etiam
3641 2342 3765 2410 est

2222 2459 2538 2533 frustra
2573 2461 2754 2551 post
2802 2454 3373 2551 plenitudinem
3441 2454 3762 2545 gratiae,

2225 2576 2294 2649 si
2330 2574 2507 2667 quis
2550 2594 2728 2647 eam
2770 2573 3131 2655 haberet,
3172 2571 3457 2644 addere
3516 2590 3764 2663 opera

2229 2691 2684 2766 meritoria.
3376 2716 3382 2721 ·

2314 2810 2427 2883 Ad
2471 2809 2686 2882 aliud
2728 2807 2929 2887 dico,
2969 2806 3175 2899 quod
3227 2804 3364 2878 ille
3420 2825 3583 2878 non
3651 2806 3763 2880 in·
3867 2844 3948 2896 Ad
3977 2845 4026 2892 4

2218 2926 2586 3019 juriatur
2655 2928 3180 2999 Sacramento
3235 2946 3250 3003 ;
3321 2932 3467 2994 nec
3535 2920 3756 3006 facit,
3790 2907 4119 3024 cffignffi

2230 3045 2431 3138 quod
2514 3044 2618 3116 sit
2663 3039 2958 3114 falsum
3013 3041 3360 3133 signum,
3408 3038 3593 3131 quia
3632 3041 3759 3112 vel
3839 3048 4086 3147 Gangre,

2228 3161 2337 3235 ibi
2369 3159 2791 3234 confertur·
2832 3177 2930 3249 gl
2937 3158 3104 3231 atia
3128 3155 3423 3249 aliqua,
3458 3159 3540 3230 et
3570 3160 3760 3230 tunc
3790 3161 4007 3229 gnum
4057 3159 4120 3209 in

3908 3236 4008 3272 non

2226 3282 2352 3352 est
2403 3277 2725 3368 signum
2758 3274 3212 3368 practicum
3270 3292 3598 3354 verum;
3634 3274 3764 3345 vel
3839 3289 4067 3407 ggffie

2227 3394 2475 3473 nulla,
2549 3394 2617 3465 si
2696 3394 2866 3484 Jam
2937 3389 3166 3484 prius
3225 3393 3403 3462 erat
3493 3391 3765 3482 gratia
3823 3426 3923 3460 non
3959 3410 4081 3459 1⁶00

2227 3510 2613 3605 perfecta,
2686 3511 2763 3581 et
2841 3513 3033 3582 tunc
3112 3511 3235 3582 est
3293 3506 3614 3598 signum
3643 3528 3769 3579 ve·
3861 3477 4073 3599 ωῗέῗιῖῃ

2235 3648 2413 3700 rum
2458 3628 2936 3719 practicum‚
2948 3645 3109 3695 non
3150 3627 3523 3716 respectu
3567 3623 3767 3716 ejus,
3852 3598 4067 3650 smum·

2233 3744 2439 3836 quod
2503 3744 2625 3815 est
2699 3742 2973 3834 gratia
3078 3743 3157 3812 in
3221 3744 3399 3826 sieri,
3476 3738 3609 3812 sed
3692 3738 3771 3811 in

2236 3884 2392 3929 esse.
2899 3943 2904 3950 ²

2328 3976 2409 4051 Si
2443 3980 2717 4049 autem
2774 3974 3186 4068 objicitur,
3240 3973 3445 4065 quod
3487 3972 3778 4047 saltem

2238 4114 2399 4166 non
2431 4094 2669 4166 habet
2713 4113 2986 4166 secum
3022 4090 3597 4183 significatum,
3635 4088 3782 4163 sci-

2236 4210 2425 4284 licet
2476 4209 2974 4284 ablutionem
3033 4227 3080 4279 a
3133 4211 3497 4300 peccato,
3577 4207 3781 4290 dico,

2242 4326 2449 4417 quod
2508 4325 2650 4398 illa
2700 4324 3011 4398 ablutio
3073 4323 3591 4414 significatur
3659 4323 3787 4396 vel

2243 4447 2433 4517 tunc
2519 4443 2597 4515 in
2673 4445 2849 4529 sier-i,
2950 4442 3076 4513 vel
3141 4444 3533 4533 tanquam
3611 4461 3787 4534 quae

2241 4579 2451 4633 nunc
2493 4558 2691 4639 infit,
2753 4559 2880 4631 vel
2985 4562 3370 4652 tanquam
3441 4557 3782 4630 infienda

2246 4683 2633 4771 quantum
2666 4680 2791 4750 est
2823 4696 2922 4749 ex
2954 4679 3190 4768 parte
3238 4676 3778 4760 sacramenti,

2245 4795 2313 4869 si
2391 4795 2701 4868 scilicet
2772 4793 3076 4886 aliquid
3135 4793 3462 4878 inesset,
3517 4814 3564 4866 a
3624 4815 3780 4886 quo

2246 4912 2518 4985 anima
2548 4911 2763 4986 esset
2807 4910 3225 4982 abluenda.

3856 1714 3940 1768 Ad
3963 1716 4013 1767 3.

2684 5110 3339 5177 COMMENTARIUS.

2335 5361 2420 5448 (c)
2452 5361 2555 5427 Ad
2581 5362 2878 5448 primum
2926 5371 3415 5448 armamentum,
3450 5370 3573 5425 etc.
3621 5358 3789 5425 Dicit
3956 5376 4006 5426 4.

2244 5477 2417 5562 quod
2450 5476 2783 5562 probabile
2812 5486 2910 5543 est
2939 5475 3283 5563 Apostolos
3328 5475 3532 5542 fuisse
3582 5475 3786 5563 bapti·
3838 5438 4132 5552 Affiffloe

2242 5602 2440 5673 zat08‚
2484 5592 2636 5679 quia
2668 5591 2933 5658 fuerunt
2962 5591 3240 5658 ordinati
3288 5590 3671 5658 Sacerdotes
3713 5566 3779 5657 in
3831 5562 4153 5629 baptizatos,
