4287 6313
1701 431 1878 493 ms'r
1917 432 2017 493 VI.
2062 431 2420 507 QUAESTJO
2468 434 2513 498 Ι.

3691 433 3809 496 533

583 603 855 649 censura
902 593 1214 666 patietur,
1262 599 1329 654 ut
1376 595 1701 673 vivificare
1747 609 2136 671 quemquam
2250 612 2410 657 men
2474 595 2650 657 illud
2708 595 2792 658 ad
2849 597 3150 660 Hebraeos
3194 601 3253 659 5.
3308 599 3522 659 Omnis
3591 600 3806 658 Ponti·

580 707 876 766 mortuus
912 712 1137 783 possit,
1185 727 1422 772 curare
1456 712 1850 784 vulneratus,
1883 712 2130 773 illumi-

575 835 739 881 nare
797 840 1014 897 caecus,
1086 829 1313 887 vestire
1381 832 1611 901 nudus,
1692 834 1748 889 et
1813 829 2128 889 mundare

2249 713 2373 787 fex
2437 731 2524 775 ex
2575 716 2933 778 hominibus
3001 729 3388 792 assumptus,
3459 721 3583 776 etc.
3648 730 3807 793 ergo

2242 830 2296 890 si
2328 830 2459 892 boc
2494 832 2922 894 ministerium
2970 836 3398 911 praecipuum
3445 830 3807 911 denegatur

567 936 879 1011 pollutus,
929 949 1049 1004 ete.
1107 942 1359 1017 Quibus
1419 945 1760 1006 asserebat
1809 943 2133 1023 injustum
2242 948 2538 1026 AngeiiS,
2591 949 2794 1010 multo
2843 951 3053 1028 magis
3116 951 3385 1012 minima
3441 949 3801 1010 ministeria

575 1067 710 1113 non
754 1071 955 1131 posse
1012 1059 1299 1122 tribuere
1353 1062 1753 1139 Baptismum
1796 1058 1878 1122 ad
1928 1060 2126 1140 justi-

571 1168 769 1244 tiam;
818 1176 884 1233 et
919 1173 1002 1234 ad
1051 1174 1251 1253 hujus
1295 1174 1850 1238 confirmationem
1902 1175 2125 1254 objici*

572 1283 727 1345 ebat
759 1303 813 1347 c.
854 1290 948 1350 15.
984 1289 1146 1351 illud
1193 1293 1378 1353 Joan.
1430 1294 1487 1353 3.
1537 1295 1673 1354 Non
1712 1297 1911 1368 potest
1965 1292 2126 1352 acei-

563 1418 723 1477 pere
762 1403 953 1464 homo
987 1409 1344 1484 quidquam
1389 1411 1518 1470 nisi
1539 1410 1741 1484 fuerit
1769 1407 1876 1471 illi
1902 1408 2129 1468 datum

573 1520 649 1579 de
708 1523 889 1582 coelo.
963 1521 1160 1602 Cujus
1227 1541 1449 1586 veram
1517 1523 2126 1601 interpretationem

574 1636 773 1699 variis
847 1639 1206 1701 rationibus
1287 1641 1752 1723 redarguendo
1824 1640 2125 1703 adversa·

592 1763 782 1835 rium,
884 1762 1163 1841 ejusque
1261 1781 1526 1841 pravam
1628 1766 2125 1844 intelligentiam

580 1879 952 1956 Scripturae,
1000 1879 1265 1945 tandem
1321 1880 1707 1944 concludit:
1762 1884 1952 1944 Nemo
2019 1899 2118 1941 (sr-

570 2010 676 2072 qo,
729 1997 793 2055 in
816 1994 979 2073 quit,
1031 1999 1268 2072 acc-ipit
1322 1999 1456 2058 sine
1496 2001 1708 2074 dante,
1785 2003 1898 2062 sed
1956 2002 2129 2077 quod

562 2110 840 2185 pertinet
917 2112 1006 2171 ad
1066 2114 1386 2187 Baptismi
1438 2114 1860 2183 sanctitatem,
1948 2116 2124 2176 adest

477 2270 481 2274 »
582 2230 770 2298 Deus,
831 2228 948 2302 qui
1001 2230 1125 2300 det,
1201 2236 1257 2290 et
1338 2229 1549 2301 homo,
1632 2232 1751 2306 qui
1818 2232 2120 2305 aeczpiat,

242 5266 485 5391 Objgdtio.

572 2343 702 2403 sive
768 2357 891 2416 per
947 2343 1221 2417 seipsum
1278 2344 1552 2405 donante
1611 2347 1761 2414 Deo,
1824 2349 1953 2406 sive
2006 2362 2123 2423 per

581 2456 915 2532 Anyelum,
955 2457 1089 2516 sive
1108 2473 1233 2533 per
1258 2459 1581 2520 hominem
1626 2466 1940 2533 sanctum,
1995 2464 2120 2521 sive

570 2585 697 2646 per
764 2574 1055 2641 Petrum,
1101 2575 1233 2633 sive
1271 2590 1391 2649 per
1442 2578 1775 2647 loannem,
1834 2578 1964 2637 sive
1996 2591 2121 2651 per

577 2685 905 2748 hominem
947 2690 1265 2765 iniquum,
1328 2694 1454 2751 etc.
1486 2691 1591 2751 illa
1616 2708 1742 2767 per
1782 2692 2112 2768 simelam,

563 2819 687 2878 per
739 2804 1081 2877 hominem,
1131 2808 1259 2867 etc.
1309 2782 2117 2885 intelligitur‘ministeria·

576 2919 745 2993 liter,
799 2920 946 2999 (juia
1002 2920 1189 2982 aliter
1217 2920 1300 2982 ad
1330 2923 1606 3001 gratiam
1656 2923 2112 3000 baptismalem

569 3036 800 3114 nequit
855 3051 1247 3098 concurrere
1334 3055 1537 3115 purus
1574 3040 1796 3113 houm,
1828 3043 1940 3101 aut
1986 3043 2110 3101 An-

565 3153 797 3232 gelus;
854 3152 937 3215 de
995 3152 1102 3214 illa
1151 3161 1374 3216 autem
1432 3153 1553 3217 fuit
1626 3159 1918 3236 quaestio,
1980 3175 2106 3220 nec

566 3268 774 3332 refert
827 3270 1007 3348 quod
1059 3271 1231 3333 dicat
1287 3273 1497 3334 Deum
1557 3274 1921 3353 aliquando
1994 3292 2114 3352 per

565 3401 639 3447 se
712 3383 872 3447 dare
921 3388 1196 3466 gratiam
1255 3388 1736 3465 baptismalem,
1810 3392 2106 3469 quamvis

568 3503 970 3580 intelligatur
1040 3505 1124 3566 de
1174 3503 1687 3569 sanctificatione
1765 3483 1913 3569 non*
1961 3525 2105 3570 me-

569 3617 787 3681 diante
845 3620 1290 3688 sacramento,
1353 3622 1473 3683 sed
1536 3640 1655 3702 per
1709 3625 1839 3687 alia
1888 3622 2105 3685 media

566 3733 991 3797 subordinata
1052 3737 1498 3811 SacramentO,
1559 3743 1673 3800 aut
1745 3739 1888 3800 sine
1953 3738 2100 3810 illis,

563 3853 639 3912 ut
693 3849 748 3911 si
813 3848 1174 3914 sanctificat
1252 3855 1318 3914 in
1387 3859 1600 3926 utere,
1686 3856 1789 3916 vel
1860 3856 2098 3936 Marty-

564 3966 756 4036 rium,
803 3967 984 4046 quod
1015 3983 1147 4031 non
1205 3969 1675 4033 subordinatur
1718 3973 2105 4036 Sacramen-

563 4090 666 4154 to;
712 4084 861 4155 hoc,
921 4087 1214 4163 inquam,
1272 4103 1405 4147 non
1472 4086 1694 4161 refert,
1754 4091 1903 4168 quia
1982 4109 2100 4155 cae·

563 4206 700 4263 tera
779 4200 1215 4281 intelligenda
1320 4210 1496 4278 sunt,
1577 4211 1903 4282 quatenus
1988 4229 2105 4289 per

558 4318 912 4396 Angelum,
948 4324 1062 4380 aut
1091 4319 1425 4382 hominem
1463 4323 1717 4400 justum
1762 4326 1866 4386 vel
1904 4329 2101 4406 injus-

560 4438 716 4507 tum,
776 4439 848 4494 ut
892 4434 1248 4509 ministrOS,
1304 4432 1414 4496 dat
1448 4437 1723 4514 gratiam
1768 4439 2103 4504 mediante

558 4549 1026 4624 Sacramento;
1077 4554 1146 4611 et
1208 4551 1498 4629 loquitur
1553 4571 1631 4615 eo
1709 4553 1898 4617 modo
1972 4575 2101 4636 quo

559 4667 802 4727 Doctor
843 4667 907 4726 in
941 4667 1242 4744 praesenti
1276 4670 1662 4746 quaestione,
1710 4676 1781 4732 ut
1809 4690 2102 4760 compre-

558 4782 807 4845 hendat
841 4787 967 4843 tam
1014 4781 1414 4846 ordinarium
1455 4782 1538 4847 de
1581 4791 1909 4850 communi
1951 4791 2102 4872 lege

557 4897 955 4971 ministrum,
1005 4915 1195 4977 quam
1267 4900 1463 4961 etiam
1516 4903 2101 4968 extraordinarium

561 5018 627 5076 et
678 5014 761 5075 de
807 5012 1071 5091 speciali
1118 5017 1480 5089 voluntate,
1532 5026 1643 5080 aut
1672 5020 1920 5083 indulto
1954 5039 2101 5086 con·

556 5136 880 5196 stitutum.

653 5252 918 5312 Frustra
967 5268 1125 5333 ergo
1172 5253 1525 5332 cajetanus
1571 5257 1628 5317 3.
1670 5264 1842 5332 part.
1888 5269 2104 5335 quaesc.

570 5364 667 5424 64.
732 5372 856 5426 art.
927 5368 985 5426 7.
1048 5369 1324 5430 sustinet
1381 5373 1444 5430 in
1502 5371 1621 5432 hac
1686 5375 2105 5438 conclusione

567 5486 1083 5547 controversiam
1131 5489 1299 5547 inter
1353 5486 1427 5546 D.
1467 5486 1779 5548 'rhomam
1826 5495 1892 5550 et
1936 5493 2107 5553 Doc-

570 5603 805 5673 torem‚
855 5617 999 5678 quae
1066 5604 1281 5679 reipsa
1325 5618 1458 5665 non
1532 5610 1650 5664 est.
1701 5604 1941 5685 Objicit
2010 5615 2103 5671 ta·

2245 1062 2499 1126 eisdem
2589 1066 3080 1127 subtrahentur.
3170 1063 3635 1142 Respondetur
3711 1064 3793 1126 de

2238 1182 2391 1261 lege
2436 1178 2761 1242 ordinaria
2819 1181 2884 1242 id
2936 1198 3168 1243 verum
3220 1196 3393 1252 esse,
3440 1196 3573 1242 non
3624 1196 3779 1241 vero
3846 1197 4112 1309 hsiquittur„

3902 1275 4129 1311 miseria

2240 1299 2322 1361 de
2380 1296 2929 1372 extraordinaria;
2980 1313 3131 1359 nam
3190 1297 3591 1359 consecratio
3657 1299 3773 1359 Ec·
3873 1337 3987 1385 quae
4019 1323 4082 1371 de

2239 1416 2452 1477 clesiae
2510 1415 2703 1476 etiam
2769 1419 2867 1475 est
2938 1414 3374 1476 ministerium
3452 1384 4144 1510 Ecclesiae,¹{§,‘1³,}}2{¹,}},¹¹2¹

2238 1528 2415 1607 quod
2480 1528 2749 1604 Angelis
2798 1529 3212 1588 commissum
3259 1525 3464 1589 fuisse
3512 1543 3596 1587 ex
3641 1544 3780 1588 cer·
3848 1508 4124 1635 Ἥξὲἑιξξΐ

2237 1648 2296 1704 ta
2349 1642 2612 1703 historia
2667 1646 2963 1714 constat;
3013 1641 3387 1703 ministrare
3444 1643 3786 1704 Eucharis-
3902 1634 4045 1684 ‘¹²³‘ss-

2234 1760 2381 1820 tiam
2432 1767 2531 1821 est
2590 1760 3032 1822 ministerium
3075 1761 3395 1821 Ecclesiae
3431 1776 3552 1838 per
3606 1760 3786 1821 Pres-

2236 1876 2508 1955 byteros
2543 1882 2608 1937 et
2640 1878 2997 1947 Diaconos;
3046 1875 3161 1936 sed
3197 1879 3261 1935 et
3292 1875 3414 1936 boc
3448 1877 3647 1935 etiam
3679 1876 3790 1936 ali-

2240 1989 2510 2068 quando
2575 1988 2806 2069 Angeli
2880 1990 3330 2066 praestiterunt
3393 2004 3473 2049 ex
3528 1987 3795 2065 speciali

2237 2108 2730 2175 commissione,
2783 2110 2856 2167 ut
2901 2124 2978 2167 ex
3026 2106 3167 2168 vitis
3210 2106 3599 2167 Sanctorum
3629 2122 3786 2182 pro-

2237 2224 2412 2287 batis
2470 2224 2715 2301 saepius
2765 2228 3041 2285 constat.
3116 2223 3555 2300 promulgatio
3615 2222 3783 2300 legis

2245 2340 2478 2401 divinae
2525 2350 2629 2401 est
2685 2340 3119 2402 ministerium
3176 2338 3485 2412 hominiS,
3552 2336 3674 2400 sed
3730 2339 3797 2400 in

2252 2459 2478 2518 monte
2550 2456 2723 2518 Sinai
2797 2455 2863 2516 id
2931 2456 3369 2535 praestiterunt
3425 2456 3656 2535 Angeli
3729 2459 3796 2516 et

2240 2569 2359 2631 Dei
2410 2569 2637 2649 legati,
2700 2576 3002 2631 Actorum
3070 2572 3130 2631 7.
3223 2568 3450 2647 quidni
3506 2584 3664 2647 ergo
3725 2571 3790 2627 et

2234 2689 2643 2766 Baptismum
2691 2689 2945 2766 possint
2990 2691 3183 2751 eiiam
3231 2705 3312 2750 ex
3359 2688 3629 2766 speciali
3658 2689 3777 2749 Dei

2233 2806 2698 2867 commissione
2746 2803 2902 2867 dare
2959 2806 3024 2866 in
3084 2821 3359 2883 corpore
3417 2811 3776 2883 assumpte,

2231 2928 2491 2983 servata
2537 2921 2902 2983 substantia
2949 2921 3378 2984 sacramenti.

2308 3054 2555 3132 Objicit
2596 3055 2917 3130 secundo,
2967 3055 3144 3133 quod
3186 3054 3619 3117 ministerium
3665 3054 3774 3113 Sa·
3932 3056 3985 3106 ⁴.

2223 3172 2542 3233 eramenti
2598 3173 2682 3233 sit
2737 3176 2923 3234 actus
2974 3172 3207 3244 vitaliS‚
3270 3172 3449 3250 quod
3480 3171 3774 3235 ministe-

2223 3287 2389 3349 rium
2447 3289 2848 3350 sacramenti
2909 3288 3110 3349 debet
3153 3286 3293 3351 fieri
3360 3304 3482 3365 per
3526 3288 3772 3350 instru-

2220 3411 2508 3467 mentum
2557 3409 2985 3485 conjunctum
3031 3408 3259 3484 primo,
3315 3411 3383 3466 et
3426 3405 3763 3467 mediante

2217 3523 2323 3584 illo
2371 3539 2492 3599 per
2524 3523 2952 3585 ministerium
2998 3527 3413 3599 separatum3
3448 3526 3761 3583 neutrum

2217 3641 2456 3701 horum
2512 3645 2733 3718 potest
2791 3641 3146 3701 convenire
3189 3639 3459 3718 Angelis
3504 3640 3570 3699 in
3630 3656 3767 3701 cor·

2220 3768 2382 3829 pore
2442 3758 2803 3830 assumpto,
2868 3768 3028 3831 ergo
3086 3765 3310 3827 neque
3391 3751 3762 3813 ministrare

2219 3869 2735 3931 Sacramentum.
2817 3867 3277 3946 Respondetur
3352 3885 3502 3929 eum
3572 3886 3768 3948 argu-

2221 3985 2503 4045 mentari
2562 4000 2642 4045 ex
2699 3986 2797 4057 iis,
2858 4001 3002 4063 quae
3059 3984 3461 4047 conveniunt
3537 3985 3771 4045 minis-

2219 4107 2312 4162 tro
2373 4100 2724 4170 ordinario,
2791 4116 3033 4178 nempe
3085 4100 3381 4164 homini:
3445 4099 3529 4162 de
3569 4101 3762 4161 ratio·

2216 4232 2301 4277 ne
2353 4221 2574 4277 autem
2618 4215 2848 4279 formae
2911 4224 3032 4289 est,
3079 4221 3152 4277 ut
3194 4213 3566 4292 proferatur
3613 4231 3765 4276 sen-

2216 4333 2493 4394 sibiliter
2536 4332 2695 4393 nibil
2745 4331 2956 4404 aliud,
3017 4347 3168 4392 nam
3218 4330 3398 4409 quod
3442 4331 3548 4393 illa
3607 4348 3756 4409 pro·

2216 4450 2457 4510 latione
2554 4446 2663 4509 fiat
2750 4464 2872 4525 per
2954 4447 3350 4524 principium
3438 4445 3768 4509 vivificans

2218 4580 2484 4641 corpus»,
2538 4563 2604 4625 id
2651 4580 2782 4625 non
2836 4564 3191 4640 requiritur
3245 4564 3628 4641 simpliciter
3681 4581 3761 4625 ex

2218 4685 2402 4758 parte
2469 4679 2713 4751 formae,
2777 4696 2903 4757 qua
2955 4680 3450 4741 sacramentalis
3510 4684 3633 4753 est,
3697 4685 3761 4742 et

2216 4797 2477 4875 signum
2513 4798 2871 4873 practicum
2912 4795 3190 4858 effectus
3236 4803 3366 4858 iam
3424 4796 3490 4857 in
3546 4796 3755 4874 bapti·
3793 4801 3963 4851 Verba
4001 4799 4111 4863 ipsa

3819 4863 3978 4913 forma
4013 4868 4083 4910 nt·

2216 4922 2385 4989 zato,
2450 4931 2647 4993 quam
2710 4916 2906 4978 etiam
2950 4922 3258 4993 respectu
3301 4916 3623 4990 Ecclesiae,
3659 4919 3760 4979 cui
3788 4927 4092 4983 tenduntur,

2221 5033 2420 5096 debet
2464 5039 2763 5094 constare
2814 5033 2899 5095 de
2930 5032 3135 5095 forma
3168 5035 3507 5111 applicata,
3542 5051 3763 5114 neque
3790 4987 4111 5101 nfgssmz‘fflitfs

2220 5147 2513 5211 attendit
2554 5147 2826 5209 modurn
2878 5146 3205 5209 formandi
3255 5150 3476 5222 verba,
3525 5150 3645 5213 sed
3677 5155 3765 5214 si-

2227 5263 2728 5345 gnificationem
2773 5280 2970 5342 quam
3001 5265 3246 5326 habent
3302 5281 3382 5326 ex
3441 5268 3769 5328 communi

2227 5380 2528 5440 instituto
2593 5384 2705 5440 aut
2766 5377 3171 5440 institutione
3227 5379 3369 5452 Dei,
3425 5397 3557 5441 non
3614 5397 3767 5442 vero

2225 5513 2261 5557 a
2317 5494 2732 5574 proferente3
2787 5496 2958 5555 unde
3006 5494 3112 5556 lex
3169 5495 3318 5558 data
3374 5513 3493 5573 per
3549 5500 3767 5577 Ange-

2225 5617 2359 5688 108,
2418 5622 2484 5678 et
2563 5615 2873 5676 revelatio
2961 5614 3130 5677 facta
3191 5632 3308 5693 per
3380 5615 3558 5693 ipsos
3618 5618 3772 5681 viris
