4287 6313
225 2139 519 2190 Auctorita-

328 2206 456 2252 tates

258 2265 509 2329 ambiguae

341 2343 441 2376 non

264 2386 513 2440 inducunt

251 2452 514 2501 certitudi-

328 2529 441 2563 nem

258 2575 390 2634 fidei,
413 2575 509 2627 nisi

254 2637 516 2688 declaren-

337 2707 423 2752 tur
434 2739 445 2752 .

587 337 704 400 596

568 501 857 587 proinde
885 505 1216 569 contineri
1240 506 1315 569 in
1344 505 1698 590 Scriptura
1752 516 1811 569 et
1879 505 2104 570 Patri-

569 618 703 697 bus,
740 619 889 685 licet
918 639 1046 685 non
1081 620 1445 700 manifeste,
1514 633 1582 686 ut
1620 642 1702 686 ex
1742 621 1852 686 his
1922 621 2104 700 solis,

566 735 817 801 seclusa
860 736 1163 804 Ecclesiae
1205 737 1581 803 delinitione
1648 749 1710 802 et
1757 736 1874 803 dec
1894 736 2110 803 larati·

568 872 714 933 one,
751 852 837 917 sit
870 852 1208 919 manifesta
1241 868 1305 919 et
1333 853 1599 918 omnino
1630 865 1830 928 certa.
1886 874 2118 940 quam-

569 970 671 1035 vis
731 971 1038 1048 revelata,
1111 969 1317 1036 donec
1397 970 1727 1057 proposita
1797 984 1869 1036 ut
1936 969 2107 1049 talis,

575 1082 695 1148 fuit
738 1084 1077 1150 manifeste
1106 1083 1187 1149 ab
1229 1084 1517 1150 Ecclesia
1553 1107 1567 1159 ;
1645 1096 1710 1148 et
1779 1084 1906 1149 huc
1968 1105 2121 1169 spe·

570 1211 743 1266 ctant
819 1215 1203 1287 argumenta
1279 1201 1574 1267 Doctoris
1633 1222 1749 1286 pro
1810 1202 2122 1287 opinione

572 1315 894 1400 oppossta.

666 1433 869 1511 Unde,
919 1445 986 1498 ut
1033 1410 1231 1517 supra
1271 1433 1558 1498 diximus
1606 1455 1686 1498 ex
1730 1433 1894 1518 ipsc,
1962 1431 2123 1497 dicit

571 1548 856 1635 aliquam
888 1550 1338 1617 auctoritatem
1373 1570 1519 1616 esse
1553 1549 2015 1631 necessariam,
2055 1561 2124 1615 ut

571 1685 649 1730 ex
722 1686 795 1731 ea
874 1667 1179 1752 probetur
1277 1666 1631 1733 necessitas
1726 1665 2122 1733 characteris

570 1801 652 1846 ne
682 1781 923 1846 frustra
953 1794 1304 1848 asseratur.
1343 1785 1419 1847 Et
1452 1781 1672 1848 subdit
1702 1781 2124 1848 auctoritates

571 1900 954 1964 Sanctorum
1034 1898 1269 1965 multas
1334 1920 1462 1964 non
1531 1920 1674 1966 esse
1752 1919 2117 1985 expressas,

571 2032 718 2098 quae
766 2012 952 2079 aliter
994 2033 1120 2079 non
1172 2026 1449 2100 possunt
1499 2014 1937 2100 interpretari,
1995 2035 2123 2102 quo

572 2149 771 2196 sensu
817 2130 1234 2198 auctoritates
1284 2130 1663 2216 Augustini,
1711 2151 1858 2218 quae
1915 2130 2124 2216 magis

573 2245 651 2311 ad
685 2247 1091 2332 propositum
1125 2247 1392 2325 faciunt,
1424 2246 1580 2312 dicit
1608 2267 1736 2311 non
1770 2267 1916 2312 esse
1969 2265 2123 2312 con-

573 2360 933 2442 cludenteS,
979 2363 1227 2429 scilicet
1286 2362 1653 2428 necessario
1720 2363 1930 2450 quoad
1973 2383 2119 2428 sen-

573 2497 718 2543 sum
792 2477 1319 2558 determinatum,
1387 2499 1468 2545 ex
1541 2499 1669 2566 quo
1741 2492 2125 2565 sequeretur

574 2594 903 2661 conclusio
973 2595 1250 2662 tenenda
1310 2616 1425 2679 pro
1479 2608 1655 2661 certo
1715 2606 1778 2661 et
1835 2593 1914 2660 de
1966 2594 2115 2674 fide,

573 2732 764 2797 quam
815 2713 1272 2779 certitudinem
1348 2714 1614 2780 omnino
1671 2712 1949 2778 intendit
1998 2716 2121 2777 Do-

572 2840 749 2906 ctor;
789 2849 934 2894 narn
970 2829 1324 2917 investigat
1358 2851 1499 2896 eam
1533 2851 1612 2895 ex
1643 2828 1934 2906 creditiS‚
1970 2849 2117 2895 cum

573 2942 658 3008 sit
698 2944 940 3012 veritas
990 2947 1529 3032 supernaturaliS,
1585 2946 1690 3012 vel
1738 2967 1819 3013 ex
1851 2945 1932 3011 iis
1973 2965 2121 3031 quae

573 3063 939 3129 necessario
988 3085 1068 3129 ex
1114 3064 1377 3130 creditis
1426 3075 1806 3149 sequantur,
1864 3074 1927 3128 et
1980 3061 2118 3127 dis-

571 3180 772 3244 currit
802 3201 883 3246 ex
923 3180 1256 3266 Scriptura
1287 3193 1348 3247 et
1380 3182 1678 3247 Patribus
1709 3180 1785 3246 ad
1826 3181 2000 3246 hunc
2039 3180 2116 3244 ti-

573 3319 746 3376 nem;
803 3298 1010 3365 elicita
1046 3301 1222 3366 enim
1257 3321 1337 3366 ex
1370 3299 1516 3379 lide,
1558 3320 1672 3366 seu
1707 3320 1786 3364 ex
1821 3297 2111 3366 creditis.

568 3415 645 3480 ad
677 3416 976 3483 eumdem
1006 3418 1295 3483 habitum
1331 3428 1624 3504 spectant
1659 3438 1771 3502 per
1804 3416 2020 3502 ipsum
2050 3414 2115 3479 in

568 3532 631 3592 3.
669 3532 824 3596 dist.
861 3536 968 3596 35.
1019 3543 1241 3617 quaest.
1302 3529 1565 3619 muca}
1597 3531 1769 3598 unde
1830 3535 1893 3595 in
1953 3552 2115 3617 prae-

569 3648 737 3714 senti
761 3659 1111 3734 utrumque
1143 3649 1339 3714 refert
1361 3648 1439 3713 ad
1472 3648 1901 3714 substantiam
1936 3646 2112 3727 fidei,

569 3786 717 3850 quae
746 3786 828 3831 ex
867 3764 1198 3851 Scriptura
1237 3778 1349 3830 aut
1382 3764 1705 3843 Patribus,
1744 3775 1855 3829 aut
1883 3760 2114 3829 delini·

570 3881 745 3947 tione
795 3901 1107 3966 expressa
1156 3880 1463 3947 Ecclesiae
1496 3881 1792 3958 habetur,
1841 3877 2115 3965 requirit

569 4008 783 4061 tamen
814 3995 1263 4061 auctoritatem
1293 3994 1476 4060 modo
1509 3992 1679 4059 dicto
1706 4014 2109 4078 expressam.

569 4112 749 4178 Unde
782 4114 852 4178 in
878 4117 936 4177 1.
972 4112 1128 4178 dist.
1160 4117 1264 4179 16.
1295 4123 1519 4199 qucest.
1563 4116 1619 4176 1.
1660 4113 1691 4194 ξ
1725 4109 1819 4175 Ad
1852 4110 2113 4176 tertium

561 4230 799 4314 forsan
856 4227 1104 4294 diceret
1169 4229 1442 4314 aliquis,
1520 4226 1945 4313 responsione
2036 4226 2115 4293 ad

563 4346 848 4423 tertium,
888 4345 1059 4432 quod
1091 4358 1190 4411 est
1215 4343 1342 4409 tale
1378 4368 1390 4409 :
1432 4345 1924 4430 Consequentia?
1952 4347 2120 4410 San-

562 4474 815 4528 ctorum
881 4474 941 4528 et
1017 4464 1371 4528 Doctorum
1436 4461 1886 4548 supponenda?
1961 4473 2114 4527 sant

561 4601 695 4644 esse
731 4581 1140 4657 neces-sarioe,
1197 4590 1319 4645 ete.
1382 4579 1485 4643 Ac!
1527 4580 1813 4655 tertium,
1872 4577 2105 4666 inquit,

558 4697 860 4779 forsitan
929 4696 1174 4760 diceret
1241 4696 1509 4782 aliquia,
1603 4694 1775 4780 quod
1836 4694 2112 4780 prcccise

557 4824 831 4898 propter
886 4813 1216 4877 rationem
1271 4812 1635 4888 solubilem,
1707 4834 1749 4875 α
1805 4830 2107 4896 quocum-

558 4948 678 5013 que
711 4928 856 5009 fiat,
884 4948 1020 4993 non
1059 4938 1153 4992 est
1184 4927 1538 4993 tenendum
1567 4927 1835 5013 aliqu-id
1866 4948 1999 4993 esse
2027 4926 2109 4991 de

559 5045 925 5110 substantia
950 5044 1135 5125 fidei,
1183 5066 1299 5109 nec
1337 5044 1574 5128 forsan
1618 5054 1894 5129 propter
1955 5065 2104 5109 con-

557 5161 919 5224 clusionem
959 5160 1115 5224 talis
1153 5161 1459 5238 rationiS,
1498 5171 1817 5245 qnatenus
1861 5163 2104 5247 proeci-

550 5296 619 5339 se
650 5286 741 5340 est
776 5297 898 5361 per
928 5276 1122 5340 illam
1176 5276 1502 5347 conclusa,
1567 5277 1662 5340 sic
1720 5298 2005 5362 aryaens
2035 5298 2103 5341 se

557 5404 920 5477 exponeret
971 5393 1191 5471 morti,
1267 5413 1382 5456 nec
1455 5392 1704 5477 aliquis
1742 5393 2101 5459 secundam

559 5521 806 5574 rectam
858 5509 1186 5573 rationem
1242 5530 1310 5571 se
1384 5507 1641 5573 deberet
1729 5530 2103 5596 emicuere,-

1754 342 1897 401 LlB.
1934 342 2033 402 lV.
2067 341 2665 407 SEN'PENTIARUM

2241 515 2494 590 oportet
2532 506 2742 590 iyitur
2791 505 3030 570 habere
3060 507 3383 592 majorem
3416 503 3779 569 auctorita·

2231 630 2377 694 tem,
2432 620 2522 685 ad
2559 622 2699 698 hoc,
2743 632 2810 685 ut
2850 620 3113 706 aliquid
3146 631 3450 686 teneatur
3498 640 3635 684 esse
3701 617 3788 683 de

2228 737 2385 818 lide,
2429 758 2624 822 quam
2655 738 2830 823 qnod
2861 739 3146 802 Sanctus
3194 738 3444 822 aliquis
3509 738 3608 801 sic
3665 757 3784 799 ar-

2228 864 2388 938 ynat
2417 878 2442 933 ,·
2471 874 2641 938 scepe
2671 855 2845 919 enim
2880 855 3026 940 qais
3056 856 3307 941 arquit,
3355 853 3528 940 qaod
3557 852 3780 916 omni-

2232 990 2316 1035 no
2345 991 2478 1035 non
2509 972 2770 1050 asserit,
2811 972 2963 1036 licet
3015 971 3187 1036 illud
3246 971 3420 1057 quod
3495 971 3781 1035 Sanctus

2233 1087 2718 1151 antltenticatus
2784 1087 2865 1151 ab
2951 1088 3273 1165 Ecclesia,
3332 1098 3652 1175 quantum
3692 1085 3782 1150 ad

2233 1199 2610 1266 doctrinam
2657 1203 2895 1267 asserit
2933 1223 3067 1266 esse
3100 1201 3473 1279 tenendum,
3520 1202 3607 1265 sit
3645 1221 3782 1265 cer-

2236 1325 2391 1388 tum.
2443 1328 2662 1382 tamen
2728 1320 3157 1384 auctoritates
3216 1318 3434 1383 dubiae
3502 1327 3783 1403 possunt

2234 1437 2500 1519 exponi,
2535 1445 2663 1502 etc.

2323 1549 2387 1613 Si
2412 1569 2570 1636 ergo
2594 1555 2826 1616 Doctor
2861 1550 3195 1617 veritatem
3259 1549 3407 1616 fidei
3439 1570 3517 1615 ex
3555 1548 3782 1617 funda-

2241 1680 2459 1730 mento
2497 1679 2674 1732 certo
2742 1668 3117 1753 investigat,
3167 1687 3294 1732 non
3361 1679 3460 1733 est
3508 1667 3677 1752 quod
3747 1687 3781 1731 a

2238 1782 2389 1845 Soto
2419 1795 2531 1846 aut
2565 1778 2671 1847 W
2676 1780 2950 1860 aldensi‚
3015 1783 3119 1848 vel
3162 1782 3306 1848 aliis
3346 1781 3781 1868 reprehenda-

2238 1908 2363 1972 tur,
2400 1896 2585 1982 quasi
2631 1897 2764 1960 vim
2822 1897 3168 1963 abstulerit
3242 1897 3601 1975 traditioni,
3672 1910 3785 1963 aut

2237 2011 2614 2097 Scripturas,
2653 2025 2764 2077 aut
2794 2012 3187 2079 testimoniis
3220 2016 3477 2079 Patrum
3521 2013 3602 2079 ad
3638 2034 3784 2100 pro-

2240 2126 2525 2193 bandum
2616 2129 2784 2194 hanc
2839 2130 3208 2208 veritatem,
3272 2131 3443 2218 quod
3514 2130 3786 2196 omniuo

2237 2243 2474 2310 falsum
2525 2257 2646 2311 est.
2692 2247 2844 2311 Haec
2875 2246 3048 2312 enim
3081 2247 3161 2312 ab
3210 2247 3358 2312 aliis
3399 2246 3590 2312 allata
3653 2267 3781 2312 non

2238 2371 2433 2445 negat
2473 2359 2714 2426 habere
2753 2380 2939 2427 suam
2998 2361 3380 2442 efficaciam,
3444 2363 3557 2428 sed
3628 2363 3784 2429 ulte·

2236 2475 2374 2542 rius
2434 2476 2876 2563 progreditur,
2930 2490 3000 2543 ut
3042 2477 3342 2543 ultimum
3403 2477 3783 2543 fundamen-

2235 2613 2375 2666 tum
2438 2611 2505 2666 et
2545 2600 2986 2667 necessarium
3022 2601 3482 2687 investigaret,
3517 2622 3645 2688 quo
3677 2622 3785 2667 ve-

2235 2716 2394 2782 ritas
2463 2717 2605 2784 haec
2676 2719 3044 2785 necessario
3112 2719 3196 2784 sit
3244 2719 3590 2797 credenda,
3639 2731 3781 2786 tan-

2235 2850 2429 2916 quam
2505 2831 2586 2897 de
2676 2833 3042 2899 substantia
3125 2830 3298 2910 fidei,
3391 2833 3563 2919 quod
3655 2854 3785 2898 non

2233 2946 2590 3033 attigerunt
2628 2947 3033 3033 antiquiores
3109 2948 3446 3034 Theologi,
3530 2949 3640 3037 qui
3704 2969 3786 3015 ex

2232 3062 2574 3129 sententiis
2617 3084 2744 3129 non
2804 3064 3172 3130 necessario
3231 3064 3777 3132 concludentibus

2233 3178 2615 3264 procedunt,
2660 3181 2996 3246 autetiam
3038 3180 3203 3246 male
3234 3181 3602 3267 applicatis,

2321 3297 2599 3383 Quiquid
2641 3297 2727 3363 sit
2756 3298 2835 3364 de
2877 3297 3123 3363 intento
3174 3301 3467 3380 Petrum,
3512 3312 3623 3366 aut
3671 3320 3785 3366 ve-

2229 3412 2422 3478 ritate
2469 3426 2795 3491 contenta,
2819 3427 2927 3480 aut
2974 3428 3149 3480 certe
3176 3414 3397 3482 dubiis
3438 3416 3782 3483 sententiis

2231 3541 2378 3612 peto
2429 3526 2492 3594 in
2524 3528 2667 3594 aliis
2723 3531 3112 3598 veritatibus
3161 3532 3331 3599 circa
3379 3532 3503 3598 hoc
3557 3532 3771 3617 ipsum

2233 3645 2617 3729 mysterium
2696 3665 2776 3710 an
2823 3645 3042 3712 omnia
3090 3668 3126 3713 a
3174 3648 3496 3734 principio
3540 3649 3783 3715 fuerint

2234 3759 2317 3824 ita
2368 3756 2710 3828 manifesta
2754 3773 2821 3827 ut
2862 3762 3243 3829 haereticum
3314 3777 3489 3831 esset
3547 3784 3621 3830 ea
3672 3745 3783 3830 ne-

2228 3894 2385 3960 gare
2415 3873 2447 3939 ⁶?
2487 3875 2651 3951 Quid
2700 3876 2779 3943 de
2817 3877 3141 3963 Cypriano
3174 3878 3469 3946 dicemus
3539 3881 3772 3948 existi-

2231 4001 2449 4054 mante
2489 4010 2617 4055 non
2652 3991 2855 4059 fuisse
2886 3993 3289 4078 Baptismum
3329 3994 3620 4061 validum
3692 3996 3773 4061 ab

2231 4102 2557 4171 haereticis
2583 4106 2916 4190 collatum,
2960 4123 3070 4174 aut
3120 4120 3307 4175 extra
3364 4109 3769 4187 Ecclesiam;

2227 4233 2722 4289 certumtamen
2766 4236 2867 4290 est
2930 4224 3095 4290 hanc
3142 4225 3485 4291 veritatem
3560 4225 3764 4293 fuisse

2228 4361 2310 4406 ex
2384 4339 2729 4408 traditione
2787 4342 3154 4429 Apostolica
3244 4344 3454 4429 magis
3511 4356 3754 4424 notam,

2228 4477 2421 4543 quam
2481 4457 2767 4544 imprimi
2825 4460 3266 4525 characterem
3355 4481 3469 4547 per
3560 4460 3778 4547 Bapti-

2226 4603 2467 4663 smum,
2523 4596 2593 4649 ut
2664 4584 2968 4669 superius
3016 4605 3163 4650 cum
3204 4589 3477 4653 Doctore
3533 4586 3781 4653 dictum

2223 4712 2343 4781 est,
2388 4712 2611 4787 quoest.
2651 4704 2713 4768 7.
2751 4722 2878 4767 non
2926 4701 3194 4769 omnino
3228 4699 3446 4769 tamen
3484 4705 3779 4791 Scriptu-

2225 4836 2314 4894 ra,
2353 4826 2464 4882 aut
2494 4815 2753 4881 traditio
2787 4817 2981 4883 habet
3013 4818 3146 4882 vim
3172 4818 3530 4904 obligandi.
3567 4820 3774 4886 donec

2221 4932 2501 5016 accedat,
2551 4931 2996 5019 interpretatio
3055 4933 3388 5014 Ecclesiae,
3474 4947 3547 5001 ut
3604 4949 3780 5022 patet

2219 5068 2299 5113 ex
2335 5048 2555 5113 multis
2581 5047 3073 5114 definitionibus
3114 5049 3193 5115 ab
3227 5048 3539 5131 Ecclesia,
3577 5062 3769 5136 prout

2220 5165 2575 5230 necessitas
2616 5176 2680 5230 et
2726 5185 2917 5231 casus
2957 5165 3245 5232 occurrit
3271 5165 3770 5252 interpretandi,

2221 5278 2596 5366 propositis,
2635 5282 2809 5344 Inter
2848 5281 3024 5365 ipsas
3064 5279 3447 5347 traditiones
3491 5288 3772 5368 Aposto-

2220 5393 2399 5490 licas,
2436 5394 2674 5481 aliquae
2713 5395 3040 5482 pertinent
3091 5395 3169 5460 ad
3221 5395 3604 5463 exercitium
3664 5419 3773 5464 au·

2217 5511 2567 5589 ctoritatis;
2607 5512 2751 5577 aliae
2782 5532 2940 5579 vero
2972 5533 3054 5578 ex
3093 5512 3316 5578 divina
3361 5514 3771 5581 ordinatione

3942 1555 4019 1605 13.
