4287 6313
1583 460 1586 463 .
1626 402 1824 466 Dls'r.
1859 403 1906 466 1.
1944 399 2306 478 QUAESTto
2336 399 2384 462 1.
3573 390 3654 453 75

447 575 863 649 gnoscuntur
924 567 1197 634 confuse
1244 578 1357 634 aut
1388 566 1721 634 distincte.

218 730 297 780 83
543 681 725 746 Ratio
783 684 1080 750 Doctoris
1129 682 1422 770 procedit
1478 682 1560 749 de
1617 679 1995 769 cognitione

117 792 413 847 1⁰³⁰¹¹¹2i¹¹¹r
450 794 753 863 distincta
822 819 1042 866 rerum
1124 801 1189 866 in
1261 800 1523 887 proprio
1589 817 1862 886 genere,
1931 807 1995 862 et

197 855 328 905 ratio

148 915 381 1031 Dofltpris
451 913 761 999 supponit
783 914 1120 1001 quodlibet
1147 914 1383 981 horum
1416 916 1819 1003 obJectorum
1848 932 1993 978 esse

135 1042 402 1094 comitiano
454 1048 571 1113 per
618 1049 689 1093 se
745 1031 1080 1115 proprium
1151 1029 1470 1096 motivum
1530 1025 1991 1093 intellectionis

143 1106 385 1239 anagnia,
452 1145 810 1232 Angelicae,
847 1146 1018 1233 quod
1059 1146 1246 1213 facile
1284 1167 1319 1212 a
1379 1145 1709 1231 Theologo
1761 1141 1993 1208 admit-

135 1229 400 1357 margar-io
450 1274 742 1339 teretur;
787 1263 903 1329 sed
947 1284 1075 1329 non
1135 1262 1512 1330 admitteret
1554 1259 1993 1345 Philosophus

448 1377 962 1445 intellectionem
1035 1400 1269 1445 novam
1350 1399 1494 1445 esse
1571 1379 1635 1443 in
1712 1376 1987 1463 Angelo,

444 1496 604 1583 quia
632 1494 876 1562 diceret
917 1496 1425 1562 intellectionem
1502 1515 1648 1561 esse
1712 1493 1794 1560 de
1841 1492 1992 1559 sub-

445 1611 691 1677 stantia
752 1612 1012 1699 Angeli,
1074 1612 1250 1678 unde
1289 1612 1453 1678 ratio
1485 1609 1790 1698 superius
1829 1610 1994 1675 sacta

445 1736 677 1792 contra
726 1727 1128 1809 Durandum,
1191 1727 1314 1794 etsi
1356 1727 1585 1814 probet
1633 1722 1991 1791 secundum

443 1840 817 1929 Theologos
855 1855 920 1908 et
953 1864 1031 1908 ex
1065 1843 1353 1923 creditis,
1391 1863 1521 1907 non
1565 1841 1795 1927 probat
1833 1858 1990 1905 con-

441 1971 547 2022 tra
597 1957 1052 2045 Philosophos.
1125 1964 1357 2026 Doctor
1407 1957 1581 2025 enim
1635 1959 1708 2023 in
1764 1955 1987 2045 quodl.

153 2006 416 2178 gni—{085¹
439 2075 673 2154 citam,
746 2074 904 2141 dicit
952 2076 1123 2163 quod
1180 2074 1616 2163 Philosophus
1675 2083 1997 2142 assereret

136 2189 955 2259 Phssoeorhisinteuecuonem
1049 2212 1193 2258 esse
1242 2190 1320 2258 de
1413 2189 1778 2258 substantia
1872 2194 1996 2255 An·

440 2305 612 2393 geli.

547 2419 730 2487 Unde
758 2421 835 2486 ad
868 2419 1431 2488 confirmationem
1475 2421 1674 2510 hujus
1723 2420 1993 2488 rationis

313 2606 327 2618 ‚
444 2551 516 2602 et
557 2535 1106 2622 supradictorum,
1143 2537 1642 2624 supponendum
1685 2548 1808 2616 est,
1846 2538 1995 2607 Phi·

156 2631 799 2768 {mlosophum
860 2673 989 2718 non
1043 2653 1261 2719 dicere
1310 2653 1782 2740 Intelligentias
1830 2653 1993 2719 alias

183 2759 350 2871 uffa
439 2790 476 2833 a
511 2769 726 2854 prima
773 2789 921 2835 esse
953 2767 1253 2838 infinitas
1287 2768 1669 2849 formaliter,
1717 2780 1787 2834 ut
1827 2770 1994 2835 male

134 2882 269 2947 prim
310 2896 410 2932 ¹³0⁰
437 2885 649 2951 sentit
679 2884 995 2951 Henricus
1034 2884 1325 2971 quodlib
1365 2887 1404 2950 8
1435 2906 1498 2970 q.
1535 2886 1598 2951 9.
1636 2896 1695 2950 ee
1727 2886 1985 2965 ultima,

163 2962 377 3119 ΜΞΝ,
440 3002 561 3068 sed
607 3001 823 3068 finitas
863 3014 926 3068 et
954 3013 1253 3069 causatas
1300 3022 1335 3065 a
1376 3001 1587 3087 prima
1617 3002 1990 3090 Intelligen-

189 3133 353 3185 tnim.
444 3119 563 3197 tia,
635 3138 871 3206 nempe
929 3137 964 3184 a
1005 3122 1156 3195 Deo,
1211 3118 1293 3185 ab
1351 3139 1560 3206 eoque
1598 3116 1986 3205 dependere,

441 3234 619 3323 quod
681 3256 761 3301 ex
828 3235 1033 3301 variis
1102 3234 1262 3302 locis
1323 3234 1701 3322 Philosophi
1762 3237 1992 3322 probat

438 3357 681 3419 Ductor
713 3351 1007 3439 quodlib.
1045 3353 1110 3416 9.
1155 3361 1216 3416 et
1254 3352 1327 3417 in
1361 3355 1421 3417 1.
1468 3351 1535 3417 d.
1576 3355 1640 3416 8.
1678 3356 1982 3437 quaest.5.

440 3481 514 3535 ut
556 3478 733 3555 patet
762 3473 826 3533 8.
865 3466 1310 3552 physicorum
1348 3476 1508 3531 texe.
1561 3487 1725 3531 com.
1764 3469 1829 3534 9.
1877 3466 1985 3534 ubi

437 3582 728 3650 ostendit
796 3581 970 3669 quod
1031 3603 1307 3649 movens
1378 3580 1657 3648 infinitae
1721 3583 1987 3649 virtutis

439 3719 567 3765 non
603 3709 820 3784 potest
851 3699 1227 3765 immediate
1258 3719 1524 3764 movere
1553 3698 1817 3780 coelum,
1873 3700 1988 3767 sed

442 3815 773 3883 mediante
805 3827 1055 3880 motore
1123 3814 1329 3893 finita,
1376 3836 1524 3902 quae
1582 3826 1681 3881 est
1745 3815 1985 3882 Intelli-

447 3933 697 4024 gentia,
772 3944 845 3998 ut
909 3943 1086 4018 patet
1134 3953 1215 3998 ex
1283 3935 1810 3998 Commentatore
1884 3935 1982 3999 12.

443 4027 817 4135 Mecizphys.
871 4069 1036 4113 com.
1077 4053 1187 4115 41.
1243 4069 1402 4134 ergo
1447 4048 1758 4135 supponit
1797 4047 1988 4115 Intel-

410 4164 1141 4252 ,ligentiam’proxime
1203 4164 1541 4229 motricem
1601 4184 1748 4230 esse
1787 4163 1991 4230 finitae

451 4282 723 4348 virtutis
779 4291 845 4346 et
898 4279 1212 4359 entitatis,
1288 4283 1395 4346 12.
1462 4280 1751 4367 Metaph.
1827 4291 1989 4362 text,

447 4420 612 4463 com.
650 4401 770 4462 51.
823 4394 1151 4462 concludit
1210 4396 1525 4462 unitatem
1569 4396 1862 4464 universi
1913 4419 1995 4464 ex

449 4515 701 4580 unitate
732 4511 906 4590 finis;
954 4532 1112 4598 ergo
1147 4533 1317 4578 unus
1345 4524 1446 4582 est
1498 4512 1649 4578 [inis
1698 4514 1991 4581 omnium

448 4628 810 4696 secundum
854 4627 1095 4714 ipsum,
1133 4628 1244 4694 sed
1280 4629 1389 4693 ubi
1420 4649 1588 4693 imus
1654 4630 1836 4711 sinis,
1902 4631 1997 4696 ibi

447 4767 648 4811 tinum
681 4745 984 4829 efficiens
1032 4745 1350 4829 primum,
1404 4743 1552 4830 quia
1620 4743 1772 4811 finis
1867 4766 1992 4811 non

449 4873 545 4927 est
573 4879 794 4938 causa,
833 4858 957 4924 nisi
995 4860 1060 4924 in
1104 4870 1419 4944 quantum
1457 4870 1678 4925 movet
1709 4857 1999 4926 efficiens

448 4978 524 5042 ad
565 4997 700 5042 8338
747 4974 924 5054 finis,
973 4986 1042 5041 ut
1079 4984 1360 5041 amatuS.

535 5098 717 5160 Hunc
749 5103 1049 5179 spectant
1095 5092 1239 5179 ejus
1279 5092 1867 5159 demonstrationes
1919 5094 1998 5160 de

249 5207 321 5260 3⁴·
450 5212 655 5298 primo
688 5223 940 5276 motore
972 5220 1036 5273 et
1073 5208 1282 5296 primo
1312 5208 1659 5287 efficiente,
1713 5209 1789 5274 ad
1824 5211 1997 5297 quod

449 5330 774 5396 reducitur
833 5325 996 5393 ordo
1056 5345 1400 5392 causarum
1463 5325 1841 5391 inferiorum
1897 5348 1996 5393 es·

447 5447 751 5541 seqtialis.
822 5447 956 5510 Has
1041 5443 1324 5509 rationes
1426 5442 1671 5529 optime
1736 5442 1999 5508 deducit

450 5565 670 5630 Doctor
728 5568 790 5629 1.
857 5560 1029 5628 dist.
1099 5563 1162 5625 2.
1200 5570 1423 5647 quoesl.
1460 5562 1525 5625 2.
1579 5569 1642 5660 et
1674 5562 1994 5626 Averroes

157 1814 372 1868 Rationes

185 1886 340 1929 eontr-

137 1942 406 1992 Dux-andum

155 2443 390 2492 Sententia

139 2506 422 2570 Philosopho-

208 2582 310 2617 mm

2108 561 2279 628 hanc
2352 561 2780 628 intentionem
2867 556 3244 645 Philosophi
3344 552 3647 633 declarat,

2108 678 2221 743 lib.
2259 676 2342 742 de
2368 677 2739 743 substantia
2780 676 2980 754 orbis,
3026 695 3172 760 cap.
3216 675 3281 737 3.
3339 668 3448 735 ubi
3498 665 3659 733 dicit

2107 793 2279 880 quod
2314 795 2570 879 Corpus
2608 793 2859 858 coelesle
2898 811 3036 857 non
3095 799 3350 854 lantum
3402 784 3658 870 indzqet

2106 911 2354 976 virtute
2392 920 2691 975 movente
2721 910 2794 974 in
2837 909 2998 987 loco,
3035 905 3151 971 sed
3188 906 3388 970 etiam
3447 902 3657 967 virtu-

2109 1039 2169 1094 te
2211 1028 2544 1114 larqiente
2574 1047 2708 1091 8338
2739 1038 2799 1091 et
2827 1024 3265 1090 substantiam
3302 1032 3361 1087 et
3387 1040 3657 1108 perma-

2106 1144 2411 1209 nentiam
2442 1154 2784 1219 aeternam,
2822 1152 2945 1207 etc.
2989 1143 3067 1205 Et
3109 1149 3331 1226 postea
3387 1158 3399 1202 :
3450 1138 3657 1202 Dime-

2108 1267 2266 1323 rtmt
2302 1256 2580 1342 quidam
2619 1255 2835 1341 ipsum
2871 1254 3152 1342 (supple,
3217 1251 3657 1338 Aristotelem)

2107 1393 2243 1437 novt
2294 1372 2515 1438 dicere
2554 1393 2819 1437 causam
2873 1381 3172 1457 aqcmcm
3222 1370 3477 1446 coelum,
3543 1356 3661 1433 scd*

2109 1497 2368 1553 tantum
2399 1507 2666 1552 causam
2707 1497 3093 1559 moventem,
3159 1497 3218 1549 et
3275 1483 3450 1549 illud
3521 1483 3658 1567 sicit

2108 1599 2306 1664 valde
2369 1598 2750 1673 absurdum,
2821 1609 2945 1663 etc.
2998 1618 3155 1684 ergo
3211 1596 3360 1662 licet
3417 1595 3653 1661 coelum

2106 1713 2303 1779 fuerit
2393 1734 2582 1800 aeque
2676 1712 3146 1793 necessarium,
3200 1732 3281 1777 ex
3338 1709 3658 1776 sententia

2107 1829 2499 1907 AristoteliS,
2547 1849 2742 1915 quam
2784 1827 3266 1915 Intelligentiaej
3293 1838 3655 1909 moventes,

2109 1946 2260 2034 quia
2326 1945 2544 2032 posuit
2583 1964 2777 2010 omne
2820 1944 3291 2030 sempiternum
3343 1962 3488 2007 esse
3545 1961 3655 2006 ne-

2103 2062 2494 2138 cessarium,
2560 2062 2625 2125 9.
2708 2061 2999 2147 Metaph.
3072 2082 3219 2145 cap.
3284 2063 3348 2126 7.
3419 2061 3645 2123 8ι12.

2098 2178 2389 2263 Metaplz.
2458 2197 2604 2262 cap.
2660 2180 2722 2255 ὃ,
2795 2176 3079 2242 admittit
3151 2174 3517 2262 dependere
3584 2173 3650 2239 in

2097 2315 2230 2359 8338
2270 2314 2306 2359 a
2333 2298 2462 2359 Deo
2502 2305 2815 2381 tanquam
2857 2303 3222 2359 causatum.
3274 2294 3421 2376 lpse
3450 2290 3648 2355 etiam
3708 2300 3993 2351 Avicenna.

2103 2410 2438 2477 Avicenna
2464 2430 2669 2495 supra
2702 2408 2889 2475 docet
2929 2429 3239 2494 expresse
3268 2405 3651 2493 Intelligen
3685 2362 3988 2430 philosoph,

2101 2527 2227 2594 tias
2294 2547 2441 2593 esse
2499 2537 2815 2604 causataS,
2862 2536 2925 2590 et
2962 2523 3345 2591 Aristoteles
3409 2527 3472 2589 2.
3525 2524 3652 2584 Me-

2091 2646 2288 2739 ‚taplu
2325 2644 2881 2729 sempiternorum
2972 2642 3321 2728 principia
3399 2661 3655 2726 semper

2103 2784 2239 2828 8338
2282 2761 2652 2839 verissima,
2721 2759 2831 2826 ubi
2885 2758 3197 2845 supponit
3258 2756 3656 2842 sempiterna

2103 2878 2346 2944 habere
2421 2876 2765 2963 principia,
2847 2886 2910 2940 et
2996 2878 3067 2939 5.
3144 2874 3432 2959 Metaplt.
3502 2893 3649 2958 cap.

2104 2995 2186 3061 de
2215 2994 2644 3059 Necessario:
2686 2993 2870 3058 nihil
2898 2991 3202 3077 prohibet
3254 2990 3654 3056 necessario-

2109 3133 2261 3178 rum
2289 3108 2750 3197 quorumdam,
2791 3109 3038 3175 alteras
3069 3129 3204 3173 8338
3232 3128 3488 3187 causa-5,
3529 3119 3650 3177 etc.

2197 3229 2299 3306 Et,
2336 3238 2405 3292 ut
2443 3227 2608 3292 bene
2657 3229 2891 3290 Doctor
2948 3224 3175 3311 quodi.
3213 3226 3278 3290 7.
3326 3223 3483 3289 dicit
3532 3224 3656 3289 hoc

2109 3363 2256 3410 esse
2313 3342 2842 3420 demonstrabile,
2899 3342 3049 3428 quia
3126 3353 3450 3427 repugnat
3517 3341 3653 3406 dari

2107 3458 2270 3524 duas
2314 3469 2575 3525 naturas
2608 3456 3077 3524 intellectuales
3109 3456 3494 3543 simpliciter
3549 3457 3653 3523 in-

2102 3573 2343 3640 finitas,
2387 3574 2747 3640 Videantur
2789 3573 3097 3654 rationeS,
3137 3573 3378 3659 quibus
3418 3574 3647 3660 probat

2106 3688 2417 3755 unitatem
2462 3690 2572 3756 Dei
2633 3689 2788 3755 disc.
2845 3692 2909 3756 2.
2973 3700 3198 3776 quaesc.
3263 3694 3321 3754 l.
3386 3709 3535 3776 quae
3585 3689 3653 3755 in

2107 3805 2336 3872 ordine
2367 3805 2781 3872 resolutionis
2811 3818 2911 3871 est
2939 3804 3244 3872 secunda.

2200 3928 2369 3991 Bene
2408 3945 2567 4012 ergo
2606 3930 2926 3991 Averroes
2957 3930 3020 3991 3.
3056 3925 3157 4006 de
3184 3927 3414 3990 anima
3475 3943 3640 3991 com.
3805 3951 3884 4004 85.

2106 4045 2212 4106 14.
2249 4040 2408 4106 dicit
2450 4042 2707 4107 nnllam
2751 4042 3273 4128 Intelliqenliam
3303 4064 3438 4109 8338
3481 4045 3643 4110 libe-
3704 4018 3971 4070 Averroes.

2101 4169 2318 4224 ratam
2371 4179 2412 4222 a
2465 4159 2765 4243 potentia
2793 4170 3043 4244 proeter
3090 4160 3406 4244 primam,
3473 4162 3646 4248 quod

2105 4272 2251 4340 ideo
2300 4293 2456 4343 esse
2494 4295 2720 4340 verum
2765 4276 2996 4362 probat
3035 4279 3107 4341 D.
3143 4276 3428 4343 Thomas
3470 4283 3530 4343 1.
3575 4300 3645 4363 p.
3680 4284 3749 4336 D.
3777 4284 3963 4334 Thom-

2105 4413 2168 4478 q.
2215 4396 2278 4458 3.
2325 4403 2463 4458 art.
2520 4394 2582 4459 4.
2627 4415 2688 4480 q.
2734 4397 2797 4458 5.
2843 4403 2971 4458 are.
3023 4396 3086 4458 2.
3141 4394 3292 4479 quia
3343 4395 3654 4479 quaelibet

2107 4517 2207 4571 est
2250 4506 2606 4591 composita
2650 4527 2731 4572 ex
2773 4505 3060 4592 potentia
3109 4518 3171 4571 et
3213 4517 3385 4583 actu,
3433 4527 3651 4572 essen-

2107 4622 2197 4687 tia
2247 4633 2312 4687 et
2360 4643 2529 4700 esse,
2590 4642 2704 4688 seu
2758 4621 3186 4709 participante
3250 4632 3313 4686 et
3379 4622 3651 4708 partici-

2110 4750 2291 4824 pato.

2198 4852 2325 4919 Sed
2364 4853 2612 4919 melius
2654 4856 2886 4917 Doctor
2924 4853 2997 4918 in
3029 4853 3097 4921 1.
3128 4851 3196 4919 d.
3234 4855 3297 4919 8.
3335 4873 3396 4940 q.
3434 4857 3496 4920 2.
3536 4856 3643 4921 ubi
3731 4876 3939 4949 Triplex

2108 4970 2390 5037 adstruit
2411 4970 2650 5056 triplex
2698 4989 2909 5057 genus
2948 4970 3465 5055 compositionis.
3503 4973 3644 5038 Pri·
3677 4939 3991 5007 ‘²⁰¹¹'me

2113 5108 2214 5154 ma
2270 5099 2369 5153 est
2408 5108 2487 5153 ex
2537 5087 2805 5152 entitate
2843 5098 2906 5153 et
2946 5086 3313 5173 privatione
3372 5088 3649 5178 alicujus

2108 5206 2352 5293 gradus
2406 5216 2469 5272 et
2529 5204 2970 5291 perfectionis,
3032 5206 3222 5293 cujus
3296 5225 3494 5292 capax
3554 5222 3651 5274 est

2109 5322 2347 5389 entitas
2393 5323 2688 5387 absolute
2728 5333 3010 5407 sumpta,
3049 5321 3199 5388 licet
3237 5321 3447 5409 quoad
3497 5344 3681 5412 gra-7

2109 5441 2265 5507 dum
2323 5440 2701 5527 specificum
2761 5452 3078 5507 creaturae
3135 5440 3257 5528 ipsi
3302 5455 3644 5529 repugnet.

2109 5557 2204 5657 Ad
2248 5556 2436 5654 istam
2476 5557 2902 5646 consequitur
2944 5555 3331 5652 compositio
3371 5576 3451 5622 ex
3500 5568 3645 5647 actu
