4287 6313
1670 422 1843 484 DIST
1888 424 1932 485 1.
1981 423 2341 499 QUAESTlO
2377 424 2471 486 v1.

471 596 533 652 et
564 589 674 652 41.
719 599 778 652 el
819 588 895 653 in
927 590 992 653 3.
1030 585 1188 654 dise.
1245 591 1309 654 7.
1355 597 1590 674 quoest.
1657 591 1721 654 3.
1760 606 1888 673 qua
1920 585 2020 652 di-

468 704 557 770 cit
622 704 898 771 electum
967 702 1340 769 ordinatum
1420 724 1567 769 esse
1606 703 1684 768 ad
1744 702 2020 790 gloriam

470 821 675 905 priuS,
713 817 946 885 deinde
973 817 1406 906 adtgratiam,
1470 829 1535 885 et
1571 818 1728 885 dist.
1789 822 1898 883 44.
1943 817 2023 884 de

470 937 617 1023 lege
709 935 1064 1001 universali
1158 955 1417 1001 omnem
1528 934 2021 1023 glorificandum

140 1096 305 1146 Rom.
364 1094 417 1144 9.
475 1053 659 1139 prius
735 1073 880 1118 esse
916 1050 1448 1139 gratificandum,
1494 1052 1651 1118 dist.
1707 1055 1815 1118 46.
1853 1052 2022 1117 circa

362 1252 373 1259 ·
476 1168 630 1235 illud
662 1168 975 1254 Apostoli,
1034 1170 1209 1233 Deus
1258 1169 1398 1234 vult
1456 1189 1679 1234 omnes
1726 1169 2023 1234 homines

470 1286 690 1351 salvos
717 1285 893 1367 fieri,
936 1283 1435 1370 intelligendum
1470 1305 1615 1350 esse
1652 1283 1752 1350 de.
1787 1284 2023 1350 volun-

471 1414 602 1469 tate
633 1400 1038 1469 antecedenti
1078 1412 1142 1466 et
1173 1399 1622 1468 distributive.

230 1533 317 1585 31.
562 1515 669 1582 Sic
699 1515 892 1581 etiam
927 1514 1297 1602 supposito,
1366 1516 1538 1601 quod
1574 1513 1723 1581 finis
1778 1516 2023 1601 princi-

153 1597 420 1728 ffa‘ssiffiis
475 1633 641 1719 palis
670 1631 1017 1699 creationis
1056 1643 1376 1699 creaturae
1425 1631 1764 1697 rationalis
1827 1632 2024 1699 fuerit

153 1723 416 1833 {52¹⁸
472 1748 708 1836 gloria,
750 1748 827 1813 ad
863 1768 1057 1836 quam
1100 1747 1567 1814 determinavit
1623 1749 1792 1813 Deus
1825 1747 2024 1815 meri-

474 1880 539 1933 ta
588 1879 896 1953 tanquam
1007 1865 1319 1945 medium,
1413 1884 1563 1951 quae
1639 1876 2023 1951 supponunt

478 1983 852 2051 necessario
918 1981 1197 2068 gratiam
1267 1979 1807 2059 sanctificantem,
1873 2003 2022 2069 quae

476 2114 578 2169 est
624 2101 833 2189 gratia
880 2098 1275 2186 adoptioniS,
1329 2118 1458 2163 non
1534 2098 1794 2165 videtur
1860 2101 2023 2167 ratio

477 2218 652 2286 unde
699 2217 1021 2285 Adamum
1079 2230 1143 2284 et
1183 2217 1509 2306 Angelum
1567 2237 1695 2282 non
1778 2214 2023 2283 diceret

476 2345 730 2401 creatos
764 2334 825 2399 in
873 2333 1081 2421 gratia
1119 2334 1348 2411 fuisse,
1384 2347 1578 2419 atque
1620 2344 1687 2399 ut
1730 2332 1871 2419 ipse
1919 2333 2023 2398 in-

478 2449 577 2516 fra
627 2459 818 2537 negat
862 2448 944 2515 de
994 2448 1282 2536 potentia
1327 2446 1658 2514 ordinaria
1707 2447 1843 2514 dari
1894 2460 2023 2514 sta-

480 2580 620 2632 tum
656 2565 941 2631 medium
995 2564 1164 2631 inter
1195 2565 1445 2651 justum
1479 2576 1543 2629 et
1590 2577 2017 2650 peccatorem,

160 2683 416 2798 hggdssri
483 2694 631 2770 post
662 2681 916 2768 lapsum
959 2680 1187 2747 saltem
1221 2680 1243 2767 (
1282 2679 1450 2767 quod
1492 2678 1728 2746 addere
1766 2680 2026 2747 videtur

215 2763 405 2885 jntssssm
484 2821 566 2867 ne
606 2798 986 2886 praejudicet
1042 2798 1336 2885 opinioni
1415 2798 1766 2887 Magistri),
1813 2818 2026 2885 neque

138 2880 455 3000 Quum-et
484 2937 680 3004 posse
724 2915 861 2981 dari
903 2914 1031 2981 tale
1093 2914 1381 2981 medium
1424 2915 1785 2982 secundum
1844 2914 2025 3002 leges

342 3038 356 3050 ”
480 3032 728 3099 divinae
794 3031 1158 3118 sapientiae,
1233 3031 1318 3097 ita
1358 3030 1552 3097 etiam
1613 3050 1825 3119 neque
1874 3043 2025 3098 ante

480 3149 737 3236 lapsum
768 3148 990 3217 datum
1023 3148 1227 3215 fuisse
1260 3148 1388 3214 tale
1444 3146 1757 3230 medium,
1813 3148 2024 3236 magis

478 3279 992 3334 consentaneum
1026 3277 1125 3334 est
1154 3269 1296 3355 ejus
1338 3266 1677 3352 principiis
1727 3266 2018 3347 assertis,

481 3383 656 3449 sicut
699 3383 763 3448 in
796 3382 1053 3470 legibus
1092 3381 1336 3448 divinae
1376 3381 1740 3468 sapientiae,
1784 3381 2025 3469 quibus

214 3529 390 3593 nequ„
480 3509 693 3564 status
764 3496 994 3585 glorias
1023 3509 1087 3564 et
1133 3496 1612 3585 reprobationis
1661 3495 2019 3582 regulatur,

150 3593 615 3713 ειθζξζξξωιζωῐιοη
673 3614 861 3681 datur
931 3613 1218 3680 medium
1280 3614 1448 3680 inter
1487 3612 1763 3679 electum
1832 3623 1896 3678 et
1934 3633 2027 3677 re-

206 3718 450 3829 m*
485 3733 825 3821 probatum

573 3849 754 3916 Sicut
782 3868 941 3935 ergo
971 3859 1262 3915 creatura
1304 3846 1639 3912 rationalis
1662 3846 1785 3913 ruit
1813 3857 2029 3912 creata

480 3966 843 4034 secundum
889 3965 1289 4031 voluntatem
1333 3963 1775 4030 universalem
1820 3963 1883 4028 in
1924 3983 2028 4027 or-

482 4084 639 4150 dine
668 4083 744 4150 ad
782 4082 1058 4171 gloriam
1093 4092 1158 4147 et
1206 4081 1400 4147 finem
1461 4079 2026 4167 supernaturalem

484 4200 953 4288 principaliter,
997 4210 1061 4264 et
1090 4198 1214 4263 hoc
1260 4195 1618 4263 secundum
1650 4195 1830 4282 leges
1860 4194 2029 4261 divi-

485 4336 592 4382 nae
622 4313 960 4402 sapientiae
990 4311 1336 4379 statuentis
1369 4309 1579 4377 media
1618 4309 1907 4377 ordinata
1950 4310 2029 4375 ad

484 4430 685 4496 talem
727 4428 948 4507 finem,
986 4427 1086 4493 vel
1126 4425 1516 4493 sufficientia
1558 4424 1663 4491 vel
1701 4424 2027 4503 efficacia3

488 4547 579 4613 ita
617 4545 810 4612 etiam
878 4543 1102 4611 debuit
1177 4543 1381 4610 fuisse
1437 4553 1652 4608 creata
1710 4561 1856 4607 cum
1926 4541 2032 4608 his

225 4698 393 4770 ιαμ,
494 4661 729 4728 mediis
785 4660 1141 4727 secundum
1191 4658 1448 4725 easdem
1508 4657 1711 4744 legeS,
1756 4677 2031 4744 quarum

182 4760 437 4887 „Qmffae
493 4777 951 4845 determinatio
998 4795 1125 4841 non
1175 4775 1435 4842 videtur
1493 4773 1838 4839 admittere
1897 4785 2034 4839 sta-

157 4887 466 4999 grgffgnffi·
501 4909 640 4961 tum
676 4892 962 4960 medium
1012 4911 1195 4978 purae
1263 4904 1540 4968 naturae‚
1575 4889 1687 4978 qui
1722 4910 1848 4955 non
1882 4909 2037 4954 con·

495 5011 673 5078 ducit
724 5010 798 5076 ad
836 5008 1031 5075 finem
1069 5007 1412 5095 praefixum
1462 5019 1526 5073 et
1571 5006 1904 5073 videretur
1933 5027 2036 5072 su-

498 5127 820 5216 perfluus.

271 5256 353 5305 32.
577 5244 685 5309 Sic
745 5263 905 5329 ergo
963 5241 1353 5327 interpretor
1427 5238 1787 5306 secundum
1873 5239 2041 5303 hanc

273 5381 365 5432 tia.
421 5345 442 5355 ’
498 5377 750 5454 partem
783 5381 857 5427 ea
891 5381 1039 5448 quae
1082 5361 1143 5425 in
1181 5358 1345 5425 infra
1386 5359 1580 5424 habet
1619 5361 1653 5443 g
1698 5359 1789 5423 De
1817 5368 2042 5443 poten-

498 5483 594 5547 tia
655 5499 813 5545 vero
878 5476 1220 5560 ordinata,
1293 5485 1417 5544 etc.
1452 5473 1760 5540 conducit
1790 5473 1868 5539 ad
1918 5474 2043 5539 hoc

501 5593 965 5687 congruentia,
991 5613 1185 5682 quam
1218 5589 1513 5680 assignat
1536 5591 1609 5656 in
1639 5593 1710 5660 3.
1745 5588 1899 5656 dist.
1927 5592 2037 5656 23.

3551 430 3669 495 215

2140 589 2174 673 g
2207 587 2303 653 Ad
2339 590 2764 674 quoeslionem
2789 600 3011 657 tamen
3059 592 3231 674 dico,
3279 603 3402 661 etc.
3439 592 3549 660 ubi
3582 593 3675 659 di-

2136 704 2224 769 cit
2264 704 2455 771 fidem
2528 705 2810 773 infusam
2870 707 3085 774 datam
3163 730 3308 776 esse
3346 731 3382 776 a
3424 715 3573 795 Deo,
3611 725 3680 779 ut

2135 818 2428 905 perficiat
2502 821 2783 888 animam
2844 823 2908 888 in
2975 836 3119 891 actu
3175 826 3384 911 primo
3418 850 3433 894 ε
3504 829 3680 902 Quia

2136 938 2260 1001 Dei
2281 948 2394 1015 ese,
2442 938 2676 1024 inquit,
2718 941 3012 1025 perfecte
3051 942 3372 1026 perficere
3414 944 3680 1029 quando

2130 1053 2420 1138 perficit,
2479 1054 2654 1119 unde
2704 1057 2972 1141 qnando
3021 1068 3218 1123 sancte
3256 1059 3546 1144 aquuem
3582 1081 3677 1125 se-

2135 1171 2426 1236 cundum
2473 1194 2729 1258 corpuS,
2792 1177 3085 1260 perfecte
3112 1188 3308 1243 εαηαι
3333 1199 3460 1264 pro
3498 1190 3676 1245 static

2134 1289 2208 1353 in
2238 1308 2364 1373 quo
2394 1298 2506 1368 est,
2548 1290 2642 1355 ila
2683 1292 2885 1356 etiam
2922 1293 3280 1358 secundum
3321 1296 3621 1360 animam
3649 1320 3675 1376 ,·

2136 1414 2197 1469 e!
2245 1405 2404 1490 quia
2444 1406 2517 1470 in
2547 1407 2780 1471 anima
2826 1418 2918 1471 est
2985 1409 3206 1493 imayo
3255 1409 3383 1478 Dei
3451 1431 3673 1476 secun-

2134 1518 2294 1584 dum
2328 1530 2458 1584 tres
2483 1522 2840 1605 potentias,
2886 1543 3030 1608 quae
3058 1522 3453 1606 deformatoe
3484 1533 3675 1588 erant
3810 1522 3905 1574 Dei

2132 1655 2258 1721 per
2283 1646 2644 1720 peceatum,
2677 1637 2824 1702 ideo
2869 1637 3175 1703 Christus
3213 1638 3670 1721 reformandO,
3705 1589 4018 1716 suffe-{egles

2132 1751 2317 1814 sicut·
2349 1752 2615 1835 perficit
2654 1752 3060 1817 volunlatem
3096 1774 3218 1838 per
3256 1754 3674 1832 charitatem,

2130 1866 2227 1929 sie
2275 1866 2680 1932 intellectum
2733 1889 2856 1953 per
2895 1869 3117 1951 sidem,
3165 1882 3287 1935 etc.
3339 1869 3519 1935 Sicut
3563 1888 3673 1933 au-

2133 1990 2266 2046 tem
2331 1986 2500 2049 Deus
2577 1982 2860 2069 perfecte
2925 1995 3246 2051 restaurat
3321 1984 3680 2051 secundum

2137 2110 2529 2186 praesentem
2590 2111 2652 2165 et
2695 2099 3033 2166 mortalem
3102 2112 3374 2181 statum,
3431 2100 3541 2190 qui
3584 2112 3685 2166 est

2137 2236 2254 2301 per
2284 2228 2644 2301 peccatum,
2695 2215 2780 2281 ita
2831 2214 3116 2282 instituit
3163 2215 3494 2283 hominem
3540 2238 3682 2305 per-

2138 2332 2303 2398 fecte
2335 2330 2399 2397 in
2433 2342 2603 2398 statu
2639 2331 2958 2417 primaevo
2996 2352 3144 2399 cum
3180 2332 3412 2400 mediis
3462 2356 3577 2421 per
3609 2355 3681 2402 se

2136 2447 2471 2535 requisitis
2501 2447 2578 2513 ad
2631 2446 2854 2514 finem.

2224 2568 2300 2630 Et
2331 2564 2383 2631 si
2428 2563 2698 2649 objicias
2738 2564 2846 2630 hic
2883 2568 3312 2652 responsione
3348 2568 3438 2633 ad
3477 2571 3539 2633 Ξ.
3568 2567 3677 2634 Ri-
3708 2588 4025 2661 objectio-ex

2138 2680 2386 2761 ohardi,
2425 2691 2488 2747 et
2528 2683 2602 2747 in
2648 2685 2712 2748 2.
2747 2681 2903 2747 dist.
2940 2685 3048 2749 31.
3086 2703 3232 2748 eum
3281 2683 3681 2751 constituere
3741 2656 3993 2779 ⁸2J¹1ffi¹21²0¹²

2138 2807 2471 2884 peccatum
2506 2797 2825 2883 originale
2856 2818 2980 2863 non
3024 2798 3087 2862 in
3133 2799 3494 2884 privatione
3523 2821 3676 2887 gra·
3706 2782 3997 2906 οβιὲξξξῖξζ

2135 2914 2271 2993 tiae,
2326 2911 2437 2979 sed
2480 2911 2758 3000 justitiae
2809 2912 3193 2999 originalis;
3256 2936 3413 3003 ergo
3454 2929 3676 2983 censet

2137 3026 2420 3116 gratiam
2456 3050 2582 3095 non
2623 3029 2920 3096 collatam
2955 3030 3156 3097 fuisse
3184 3032 3430 3098 Adamo
3479 3034 3674 3099 simul

2136 3169 2286 3215 cum
2330 3147 2610 3235 justitia.
2670 3148 3120 3236 Respondetur
3161 3160 3341 3217 extra
3408 3148 3678 3217 dubium

2140 3286 2286 3332 esse
2316 3265 2483 3352 apud
2516 3285 2746 3332 omnes
2787 3266 3156 3354 Theologos
3214 3268 3677 3347 communiter,

2140 3381 2459 3448 Adamum
2525 3394 2676 3449 ante
2739 3383 2989 3469 lapsum
3062 3384 3268 3451 fuisse
3335 3384 3399 3449 in
3474 3384 3684 3471 gratia

2137 3496 2627 3577 sanctificante3
2690 3498 2745 3564 si
2816 3509 3033 3581 autem
3096 3520 3226 3565 non
3278 3498 3397 3565 fuit
3459 3498 3686 3566 collata

2137 3635 2286 3680 cum
2329 3613 2607 3701 justitia,
2670 3612 2782 3682 sed
2833 3637 2914 3682 ex
2971 3614 3396 3700 dispositione
3428 3613 3687 3702 propria

2140 3721 2263 3788 fuit
2319 3723 2714 3808 personaliS,
2785 3735 2849 3791 et
2932 3743 3061 3789 non
3121 3722 3688 3788 transfunderetur

2140 3839 2206 3904 in
2255 3852 2573 3925 posteros,
2649 3840 2751 3906 vel
2810 3840 2865 3906 si
2915 3850 3215 3906 teneatur
3291 3838 3485 3905 etiam
3528 3859 3678 3904 sen·
3755 3856 3986 3908 Gratiam

2138 3956 2337 4022 tentia
2388 3976 2637 4035 eorum,
2682 3956 2794 4043 qui
2835 3955 3063 4021 dicunt
3101 3956 3377 4041 gratiam
3432 3956 3684 4042 potuis·
3746 3927 3989 4053 ρέἶζῗῖἑξζ,

2140 4094 2209 4140 se
2240 4071 2448 4139 amitti
2481 4071 2623 4137 sine
2648 4071 2900 4160 justitia
2931 4071 3262 4158 originali,
3301 4083 3363 4137 et
3405 4072 3500 4138 sic
3530 4092 3682 4139 con·
3738 4059 4006 4158 amsssssi‘one

2136 4191 2369 4277 tigisse
2401 4190 2465 4254 in
2507 4193 2667 4270 Eva,
2704 4210 2853 4278 quae
2895 4189 3187 4276 peccavit
3225 4198 3376 4255 ante
3434 4189 3679 4271 virum,
3712 4168 3997 4296 οὲῑὲξξζὲᾓξ

2141 4327 2354 4394 neque
2393 4306 2614 4372 amisit
2650 4305 2969 4391 justitiam
3023 4305 3434 4391 originalem,
3481 4303 3688 4372 donec

2142 4424 2362 4500 Adam,
2411 4421 2725 4509 peccavit,
2789 4422 2978 4488 facile
3053 4422 3177 4486 erit
3271 4420 3686 4507 distinguere

2143 4537 2578 4627 privationem
2616 4536 2896 4625 justitiae
2963 4535 3306 4622 originalis
3337 4556 3372 4602 a
3422 4535 3686 4623 privati-

2146 4677 2271 4722 one
2317 4654 2580 4742 gratiae.

2237 4770 2517 4838 Dicendo
2577 4788 2732 4834 vero
2776 4768 3098 4856 justitiam
3150 4769 3564 4856 originalem,
3620 4783 3688 4837 ut
3830 4793 3915 4844 33.
3961 4858 3972 4868 ·

2147 4888 2347 4975 aliqui
2397 4886 2592 4952 etiam
2632 4883 2881 4964 dicunt,
2944 4903 3073 4948 non
3127 4883 3335 4951 fuisse
3383 4885 3574 4951 aliam
3610 4887 3690 4952 ab
3717 4860 4035 4973 ξθῇζζῗζίζᾶ

2151 5004 2290 5090 ipsa
2330 5001 2537 5089 gratia
2587 4998 3060 5080 sanctificante,
3098 5001 3208 5087 qui
3242 5021 3317 5066 ex
3370 5001 3688 5069 eminenti
3718 4985 4026 5101 Dffnssffg‘ni.

2152 5117 2430 5207 quodam
2463 5115 2654 5183 modo
2691 5118 2860 5204 ejuS,
2897 5116 2960 5181 in
3001 5114 3110 5182 illo
3140 5127 3310 5182 statu
3345 5116 3466 5183 fuit
3494 5118 3694 5186 colla-

2153 5247 2258 5302 tus
2289 5234 2582 5312 effectuS,
2612 5232 2722 5320 qui
2754 5232 2992 5298 dicitur
3031 5230 3288 5319 justitia
3320 5232 3687 5321 originalis,

2154 5353 2232 5419 ad
2274 5351 2442 5440 quod
2485 5351 2650 5417 forte
2696 5347 2926 5415 alludit
2965 5353 3036 5414 D.
3086 5348 3367 5415 Thomas
3410 5354 3468 5415 1.
3504 5363 3686 5437 part.

2155 5479 2379 5558 quoest.
2407 5471 2515 5535 97.
2561 5477 2693 5532 art.
2751 5470 2811 5531 1.
2857 5465 2948 5531 ad
2983 5470 3048 5533 3.
3084 5485 3384 5532 asserens
3413 5469 3690 5554 gratiam
3775 5537 3780 5540 ,

2158 5582 2525 5673 recuperari
2562 5603 2676 5672 pro
2708 5582 2830 5649 boc
2877 5593 3073 5662 statu,
3132 5592 3447 5673 quantum
3479 5584 3557 5652 ad
3591 5606 3690 5653 re-

3710 3227 3989 3296 Responsio
4001 3267 4012 3280 .
