4287 6313
1689 394 1888 466 DIST.
1936 396 1981 459 1.
2020 393 2382 472 QUAESTIO
2419 398 2460 461 1.
3590 400 3660 464 31

427 555 795 634 principali,
859 563 923 620 et
991 558 1118 621 hoc
1165 559 1438 623 denotat
1487 561 1595 623 illa
1659 560 1972 636 particula

100 672 400 721 tnstrumen-
426 678 780 751 propriam
824 681 1159 749 actionem,
1210 683 1336 739 etc.
1380 683 1448 738 et
1487 677 1580 738 sic
1624 692 1757 739 non
1809 680 1986 737 esset

155 741 341 859 utmssit
434 789 968 865 instrumentum,
1031 792 1208 870 quod
1283 795 1357 853 ut
1417 798 1665 855 motum
1735 795 1978 864 movet,

144 868 346 990 ἔξουςῗὲἒ
435 923 654 987 neque
708 908 909 970 habet
969 910 1362 988 principium
1418 911 1665 989 agendi
1723 911 1788 970 in
1834 925 1981 971 esse

105 990 404 1093 ¹³ffiffieffl‘
436 1023 686 1100 quiet0,
735 1022 856 1085 sed
885 1021 950 1084 in
994 1024 1231 1085 actuali
1281 1025 1598 1097 motione,
1644 1024 1980 1102 loquendo

181 1116 306 1158 ²⁰⁰¹·
435 1137 524 1200 de
580 1141 1011 1202 instrumento
1071 1141 1359 1218 proprie,
1415 1145 1481 1201 et
1532 1157 1664 1202 non
1709 1139 1865 1211 late,
1909 1144 1985 1200 ut

436 1254 816 1317 extenditur
867 1254 950 1316 ad
1024 1272 1288 1317 causam
1341 1255 1704 1318 secundam
1761 1272 1982 1336 respe-

435 1378 547 1434 ctu
606 1374 744 1445 Dei,
805 1371 911 1433 vel
954 1369 1036 1431 ad
1095 1370 1404 1434 accidens
1467 1377 1778 1449 respectu
1832 1373 1983 1434 sub·

432 1490 721 1550 stantiae.

208 1650 286 1699 5,-
518 1606 907 1686 intelligitur
984 1622 1141 1687 ergo
1231 1606 1407 1684 quod
1477 1606 1983 1668 instrumentum

434 1738 557 1800 per
599 1722 866 1800 aliquod
911 1722 1030 1784 sibi
1084 1724 1419 1799 proprium
1476 1727 1629 1801 agat
1673 1720 1755 1781 ad
1820 1720 1979 1783 effe-

437 1842 618 1899 ctum
670 1853 876 1899 causae
918 1836 1313 1915 principalis,
1361 1843 1427 1899 et
1466 1841 1716 1900 tantum
1769 1837 1984 1914 dispo-

433 1954 647 2015 sitive.
704 1954 914 2015 Prima
955 1969 1108 2031 pars
1152 1952 1348 2032 hujus
1407 1952 1790 2030 copulativae
1833 1968 1986 2014 con-

437 2069 585 2130 cedi
672 2074 895 2147 potest
984 2085 1129 2130 cuni
1221 2071 1356 2130 suis
1439 2069 1978 2143 probationibus3

434 2186 641 2247 altera
682 2203 862 2260 vel-0,
910 2201 1153 2262 nempe
1212 2184 1390 2264 quod
1447 2189 1601 2264 agat
1663 2184 1983 2262 dispositi-

434 2320 539 2374 ve,
584 2304 738 2364 licet
777 2301 1129 2380 aliquando
1174 2303 1256 2363 sit
1313 2318 1489 2375 vera,
1536 2302 1989 2364 universaliter

436 2426 658 2481 tamen
688 2419 1028 2480 intellectu
1058 2416 1370 2493 estfalsa,
1405 2418 1553 2496 quia
1603 2434 1721 2495 per
1769 2416 1984 2495 ipsum

434 2544 738 2602 sanctum
806 2540 1118 2600 Thomam
1179 2540 1246 2598 in
1288 2539 1411 2599 hac
1466 2540 1608 2600 dist.
1660 2546 1874 2615 quaesc.
1921 2540 1981 2599 4.

434 2661 937 2723 instrumentum
999 2660 1323 2738 attingere
1383 2665 1605 2736 potest
1675 2660 1985 2721 effectum

436 2796 650 2841 causae
708 2780 1125 2858 principalis;
1174 2783 1242 2840 et
1297 2783 1479 2857 patet
1518 2777 1583 2838 in
1629 2780 1848 2839 multis
1894 2776 1985 2838 in-

434 2900 817 2961 strumentis
871 2902 936 2959 et
998 2897 1346 2958 effectibus
1396 2899 1576 2970 artie,
1634 2900 1700 2959 in
1746 2895 1984 2973 quibus

188 3032 304 3110 oggi,
436 3013 669 3075 artifex
711 3030 833 3093 per
867 3016 1370 3076 instrumentum
1416 3013 1665 3074 inducit
1705 3009 1983 3073 formam

112 3113 407 3222 {dmm}
436 3131 894 3210 principalem,
933 3146 1057 3192 seu
1094 3130 1320 3192 ultimo
1351 3129 1701 3202 intentam,
1749 3134 1817 3190 ut
1847 3144 1983 3191 mo·

110 3251 400 3363 prigffifis.
439 3250 734 3312 netarius
782 3248 1283 3326 impressionem
1335 3262 1665 3307 armorum
1715 3245 1780 3306 in
1838 3261 1979 3306 mo-

433 3370 683 3436 netam,
733 3362 1051 3443 sigillatur
1088 3367 1153 3423 in
1213 3379 1429 3423 ceram
1481 3361 1980 3439 impressionem

429 3481 664 3560 sigilli3
716 3485 872 3541 tunc
928 3496 1087 3558 ergo
1145 3495 1299 3540 vera
1359 3484 1459 3540 est
1509 3478 1719 3557 maj0r
1784 3480 1847 3538 in
1905 3478 1981 3538 iis

430 3596 908 3668 instrumentiS,
953 3611 1234 3674 quorum
1286 3611 1447 3656 usus
1504 3599 1606 3655 est
1675 3602 1985 3672 respectu

428 3718 715 3796 alicujus
770 3715 1047 3777 actionis
1124 3716 1356 3792 prioris
1415 3720 1482 3776 et
1536 3714 1984 3776 subordinatae

426 3832 513 3894 ad
558 3817 889 3895 actionem
959 3830 1185 3894 formae
1256 3831 1486 3893 ultimo
1560 3832 1851 3902 intentae,
1912 3832 1984 3889 ut

424 3955 612 4027 patet
655 3951 847 4011 etiam
898 3952 963 4011 in
1011 3948 1313 4026 exemplo
1360 3947 1445 4010 de
1489 3948 1732 4020 securi,
1793 3946 1980 4025 quod

426 4062 706 4126 adhibet
749 4065 827 4125 D.
887 4064 1195 4124 Thomas.

511 4183 876 4258 Propositio
953 4196 1112 4258 ergo
1184 4178 1646 4241 universaliter
1727 4183 1985 4255 sumpta

434 4306 536 4361 est
581 4296 742 4360 falsa
804 4313 886 4359 ex
932 4295 1160 4367 dictis;
1210 4301 1467 4371 sumpta
1515 4297 1736 4355 autem
1784 4296 1980 4371 parti·

174 4464 343 4515 Deficit
438 4415 764 4484 culariter,
823 4411 1133 4473 videlicet
1193 4410 1449 4488 adjecta
1538 4410 1659 4471 hac
1744 4409 1981 4470 limita-

154 4529 378 4590 poi-uo.
437 4533 641 4606 tione,
724 4544 965 4605 nempe
1042 4526 1220 4607 quod
1280 4527 1789 4587 instrumentum
1866 4541 1986 4601 per

434 4644 707 4726 aliquod
749 4645 874 4706 sibi
919 4645 1247 4721 proprium
1309 4649 1460 4721 agat
1527 4658 1795 4719 semper
1851 4640 1982 4702 dis·

434 4765 716 4842 positive
776 4761 862 4823 ad
928 4760 1239 4822 effectum
1327 4775 1539 4820 causae
1584 4757 1982 4836 principalis,

434 4880 705 4960 quando
777 4878 1009 4956 nequit
1079 4877 1407 4955 attingere
1453 4874 1765 4936 eumdem
1821 4873 1982 4936 effe-

435 5004 611 5057 ctum
671 4996 737 5054 in
795 4993 1030 5056 virtute
1104 5007 1313 5054 causae
1388 4989 1788 5067 principalis,
1850 5004 1985 5049 non

434 5113 778 5190 probatur,
827 5112 894 5170 et
936 5111 1029 5170 sic
1085 5106 1284 5169 etiam
1356 5109 1692 5183 assumpta
1749 5104 1984 5165 minori

435 5227 865 5291 committitur
919 5225 1167 5286 fallacia
1219 5224 1713 5300 consequentis.
1767 5223 1987 5297 Impu-

432 5346 822 5426 gnationem
864 5343 1032 5402 hanc
1076 5341 1274 5418 aliqui
1318 5340 1687 5417 approbant
1718 5335 1981 5398 moder-

180 5474 353 5540 Mina,
435 5468 521 5537 ni,
596 5469 672 5524 ut
738 5460 975 5521 Molina
1038 5463 1103 5520 et
1182 5460 1484 5536 vasquez
1556 5455 1608 5516 l.
1679 5459 1857 5532 part.
1920 5456 1985 5512 in

158 5536 375 5605 usqum.
431 5587 677 5647 didam
735 5581 1175 5657 quaestionem,
1233 5584 1288 5640 et
1365 5583 1493 5638 art.
1562 5579 1638 5637 D.
1705 5576 1981 5647 Thomu,

2096 561 2204 622 ille
2234 564 2657 638 disputatione
2696 536 2896 627 21113
2939 567 3171 642 disput.
3226 565 3356 629 176.
3404 583 3543 645 cap.
3575 567 3638 627 2.

2095 683 2163 738 31
2234 676 2561 741 difficilem
2632 686 2863 759 putant
2933 683 3038 744 alii
3097 682 3418 745 rationem
3476 698 3636 759 prae-

2092 799 2359 858 missam
2429 800 2505 861 D.
2579 801 2861 876 'Phomae‚
2929 802 3087 881 quin
3146 802 3336 863 etiam
3407 801 3641 863 Molina

2093 917 2327 976 asserit
2378 931 2549 995 aegre
2623 917 3014 995 responderi
3072 933 3269 996 posse
3328 917 3412 979 ad
3484 918 3645 979 rati-

2094 1048 2292 1093 onem
2337 1034 2535 1097 Scoti.
2609 1035 2716 1096 Hic
2777 1036 3054 1112 praecise
3109 1041 3368 1114 tangam
3433 1040 3641 1115 ipsam

2094 1151 2413 1212 rationem
2510 1154 2832 1223 DoctoriS,
2903 1152 3303 1215 remittendo
3375 1154 3441 1216 in
3520 1171 3640 1216 sua

2094 1266 2240 1327 loca
2313 1283 2453 1344 quae
2500 1265 2582 1328 de
2630 1268 3081 1332 instrumentis
3143 1268 3314 1343 dicit,
3376 1287 3635 1333 earum·

2097 1398 2226 1459 que
2258 1385 2537 1456 actione,
2588 1391 2659 1444 ut
2701 1384 2906 1461 infra,
2939 1387 3061 1447 hac
3098 1387 3241 1463 ipsa
3273 1388 3639 1464 quaestione,

2097 1502 2154 1556 ει
2184 1501 2524 1573 quaestz’one
2577 1500 2639 1561 4.
2688 1502 2751 1562 d.
2813 1503 2874 1565 6.
2924 1518 2985 1577 q.
3021 1503 3082 1564 5.

2176 1614 2556 1689 Respondet
2626 1616 3056 1677 Ferrariensis
3102 1616 3434 1694 duplicem
3490 1634 3639 1680 esse
3785 1655 3866 1705 22.

2099 1729 2411 1789 effectum
2459 1729 2873 1793 instrumenti
2920 1734 2985 1792 et
3029 1732 3352 1793 actionem
3382 1752 3396 1805 ;
3432 1746 3640 1793 unum
3669 1717 3968 1831 Ἑξῇξὲἳζῑξέῡ

2100 1844 2210 1922 qui
2254 1848 2555 1923 proprius
2615 1853 2713 1908 est
2785 1846 2989 1923 ipsius
3054 1847 3494 1924 instrumenti,
3557 1865 3638 1910 ex
3757 1858 3902 1955 ²1⁵3th

2095 1961 2300 2023 forma
2351 1966 2608 2041 propria
2656 1967 2720 2025 et
2760 1968 3232 2039 permanente;
3283 1964 3479 2025 alium
3530 1965 3640 2041 qui
3713 1967 3940 2080 {3333

2099 2094 2198 2152 est
2266 2088 2541 2150 effectus
2615 2093 2682 2149 et
2755 2091 2924 2151 actio
3014 2089 3182 2168 ejus,
3269 2091 3334 2151 in
3405 2092 3638 2153 virtute
3670 2091 3981 2164 instrumen-

2096 2205 2356 2284 agentis
2412 2202 2808 2281 principalis,
2872 2220 2992 2281 per
3032 2205 3336 2269 virtutem
3394 2207 3638 2285 agendi
3788 2161 3850 2206 ω’

2096 2318 2620 2397 superadditam,
2683 2324 2749 2381 et
2791 2321 2885 2383 sic
2931 2321 3191 2401 attingit
3246 2322 3492 2402 aliquid
3534 2339 3639 2384 su-

2095 2450 2212 2512 pra
2257 2435 2590 2511 propriam
2620 2433 2946 2505 virtutem,
2980 2434 3065 2495 ita
3115 2439 3332 2499 tamen
3361 2442 3435 2497 ut
3471 2453 3639 2499 sem-

2096 2567 2218 2628 per
2260 2556 2411 2629 agat
2453 2549 2697 2628 aliquid
2743 2567 2824 2611 ex
2866 2553 3124 2628 propria
3183 2554 3412 2628 forma,
3460 2554 3640 2633 quod

2100 2666 2474 2746 dispositive
2517 2685 2590 2729 se
2648 2668 2847 2729 habet
2903 2667 2989 2731 ad
3048 2670 3358 2732 effectum
3430 2688 3642 2734 causae

2096 2784 2495 2861 principaliS,
2567 2789 2753 2861 putat
2811 2786 3105 2847 actiones
3154 2787 3272 2847 has
3336 2803 3484 2849 esse
3534 2805 3639 2849 re-

2097 2900 2285 2962 aliter
2334 2899 2651 2976 diversaS,
2699 2900 2851 2979 quia
2896 2901 3257 2979 procedunt
3288 2919 3324 2963 a
3368 2903 3642 2965 diversis

2096 3015 2452 3092 principiiS,
2503 3021 2565 3078 et
2612 3015 2695 3077 ad
2750 3016 3043 3079 diversos
3104 3022 3440 3082 terminos,

2176 3130 2521 3210 Cajetanus
2578 3139 2800 3195 autem
2855 3135 3132 3213 perinde
3178 3137 3482 3200 eamdem
3522 3137 3644 3202 do·
3694 3154 3970 3228 Responsio

2098 3247 2368 3310 ctrinam
2399 3250 2721 3328 sequitur,
2757 3251 2876 3312 nisi
2909 3250 3089 3329 quod
3120 3260 3323 3332 neget
3350 3256 3644 3315 actiones
3700 3220 3950 3285 C⁸j⁶²¹¹⁰¹'

2097 3378 2246 3424 esse
2307 3364 2621 3437 diversae,
2681 3365 2802 3427 sed
2847 3367 3172 3440 eamdem,
3220 3374 3293 3429 ut
3347 3369 3647 3445 procedit

2095 3495 2132 3540 a
2195 3494 2390 3540 causa
2454 3479 2789 3556 principali
2859 3486 2924 3542 et
2980 3484 3486 3555 instru'mentali,
3558 3485 3644 3545 ita

2096 3599 2319 3660 tamen
2381 3601 2455 3657 ut
2511 3596 2830 3673 procedat
2899 3598 2980 3658 ab
3034 3598 3469 3661 instrumento
3530 3600 3646 3662 du-

2096 3712 2373 3787 pliciter.
2422 3711 2630 3774 Primo
2701 3714 3072 3776 secundum
3139 3717 3472 3794 propriam
3514 3718 3647 3778 vir-

2097 3831 2324 3899 tutem,
2362 3843 2511 3905 quae
2543 3828 2747 3890 influit
2799 3831 2862 3891 in
2913 3833 3238 3893 actionem
3288 3831 3645 3911 quamdam

2098 3942 2244 4021 ejus
2289 3942 2840 4008 modificationem
2884 3962 3005 4008 seu
3046 3947 3341 4020 modum,
3408 3952 3477 4009 et
3534 3964 3645 4009 se·-

2098 4058 2389 4121 cundum
2435 4062 2614 4136 prius
2659 4066 2894 4124 natura
2939 4067 3129 4137 actio,
3160 4070 3235 4125 ut
3270 4063 3643 4126 modificata

2099 4180 2202 4238 est
2239 4177 2440 4254 prior,
2503 4184 2568 4239 et
2622 4178 2958 4255 dispositio
3005 4180 3088 4240 ad
3145 4181 3375 4258 ipsam,
3428 4186 3500 4242 111
3544 4186 3645 4243 est

2098 4309 2135 4354 a
2194 4293 2534 4372 principali
2590 4300 2867 4375 agente;
2920 4295 3163 4359 deinde
3217 4296 3514 4375 procedit
3562 4298 3643 4358 ab

2096 4415 2557 4484 instrumentO,
2618 4418 2693 4473 ut
2749 4415 3007 4494 altingit
3064 4417 3413 4475 terminum
3472 4418 3647 4492 prin-

2099 4527 2396 4603 cipaliter
2467 4529 2813 4600 intentum,
2884 4529 3273 4607 inquantum
3352 4530 3648 4591 elevatur

2097 4658 2219 4719 per
2272 4642 2576 4704 virtutem
2636 4646 3183 4705 communicatam
3227 4644 3349 4706 sibi
3393 4643 3476 4706 ad
3519 4645 3646 4708 hoc

2099 4774 2133 4818 3
2188 4759 2528 4836 principali
2577 4764 2848 4839 agente.

2180 4877 2466 4953 Uterque
2507 4892 2666 4955 ergo
2713 4874 2869 4938 dicit
2915 4877 3423 4940 instrumentum
3470 4895 3640 4941 sem-

2097 5007 2219 5067 per
2257 4990 2504 5052 habere
2550 4993 2878 5054 actionem
2910 4994 3261 5070 propriam,
3285 5011 3486 5072 quam
3516 5011 3647 5059 non

2095 5108 2298 5171 habet
2352 5109 2417 5169 in
2457 5111 2690 5171 virtute
2747 5111 3004 5189 agentis
3051 5112 3447 5189 principem,
3522 5116 3641 5177 sed

2098 5238 2182 5284 ex
2214 5222 2469 5301 propria
2516 5220 2743 5299 forma,
2780 5241 2929 5303 quae
2961 5242 3229 5304 semper
3262 5234 3363 5290 est
3405 5231 3643 5305 activa,

2097 5337 2255 5399 alias
2310 5335 2547 5402 frustra
2620 5346 3084 5415 assumeretur,
3163 5347 3229 5405 et
3285 5344 3380 5406 sic
3435 5348 3645 5423 prima

2097 5455 2459 5532 propositio
2522 5455 2814 5519 Doctoris
2859 5457 3099 5518 corruit
3143 5475 3292 5520 cum
3339 5475 3456 5522 sua
3501 5479 3645 5539 pro-

2096 5572 2390 5633 batione.
2422 5570 2730 5634 Secundo
2777 5573 3026 5647 dicunt,
3059 5574 3240 5653 quod
3285 5577 3454 5640 actio
3492 5594 3641 5656 pro·

3727 4080 3868 4132 Ordo
3892 4080 3944 4128 in

3751 4143 3929 4214 eadem

3729 4214 3942 4257 actione.
