4287 6313
568 318 686 380 268
1707 328 1855 394 ΜΒ.
1913 325 2009 389 lv.
2058 325 2653 395 SENTENTIARUM

579 487 845 549 suntab
874 491 1233 567 Apostolis,
1254 494 1381 553 Act.
1429 494 1491 554 2.
1528 498 1583 552 et
1625 492 1683 552 4.
1733 505 2127 569 praesumen-
2236 488 2450 554 fidelis
2490 497 2590 555 est
2643 491 3117 571 baptizandus3
3153 495 3336 555 tenet
3389 495 3646 554 tantum
3718 490 3786 553 in
3889 515 4069 566 causae

582 594 740 658 dum
796 603 899 661 est
941 597 1145 661 fuisse
1187 601 1439 680 aliquos
1469 601 1831 679 baptizatos
1870 616 1908 662 a
1941 603 2131 665 Joan·
2246 610 2457 672 causis
2485 611 2798 688 praecisis‚
2842 611 2909 671 in
2950 610 3192 689 quibus
3246 609 3417 671 sicut
3444 606 3786 670 affirmatio

577 729 688 788 ne,
752 718 903 795 quia
950 719 1090 781 loco
1121 721 1315 782 citato
1349 721 1650 793 Matthaei,
1724 721 1959 783 dicitur
2001 725 2129 782 tota
2245 725 2346 781 est
2376 737 2571 782 causa
2630 719 3100 797 affirmationiS‚
3136 722 3226 783 ita
3285 720 3480 781 etiam
3524 718 3789 799 negatio

582 834 1016 916 Jerosolyma,
1064 837 1130 898 in
1193 854 1321 915 qua
1362 837 1775 916 baptizarunt
1813 836 2129 917 Apostoli,
2246 845 2347 900 est
2409 854 2606 900 causa
2677 837 3070 918 negationiS,
3145 842 3415 915 propter
3496 840 3793 897 mutuam

583 949 1047 1028 frequentasse
1093 954 1499 1030 Baptismum
1527 955 1813 1016 Joannis.
2246 955 2765 1034 adae¹1uationem
2836 971 3043 1016 causae
3095 960 3161 1016 et
3217 953 3517 1024 effectuS,
3563 955 3638 1011 ut
3701 954 3801 1010 est

663 1067 739 1127 Et
807 1066 1128 1147 quidquid
1212 1071 1293 1132 sit
1350 1068 1435 1131 de
1491 1070 1641 1144 hoc,
1703 1070 1995 1133 doctrina
2053 1070 2135 1131 de
2246 1073 2419 1135 inter
2450 1071 2899 1135 definitionem
2940 1078 3007 1134 et
3062 1072 3535 1149 proprietatem
3579 1067 3803 1147 subje-

597 1182 950 1261 Baptism0‚
1001 1185 1282 1265 ejusque
1315 1190 1706 1250 necessitate
1738 1193 2070 1268 proposita
2102 1208 2139 1253 a
2251 1191 2361 1262 cti,
2410 1205 2553 1268 quae
2600 1188 2974 1267 adaequatio
3046 1189 3112 1248 in
3157 1187 3281 1248 hoc
3356 1184 3666 1258 salvatur,
3731 1186 3804 1243 ut

539 1369 542 1374 .
587 1303 780 1364 Petro
808 1307 936 1366 Act.
961 1305 1021 1366 2.
1057 1322 1191 1367 non
1222 1307 1460 1385 excipit
1488 1307 1850 1385 baptizatos
1880 1324 1915 1368 a
1942 1310 2135 1371 Joan·
2248 1305 2648 1384 ubicumque
2697 1305 2984 1367 salvetur
3039 1318 3269 1378 unum,
3294 1299 3542 1363 ibidem
3588 1298 3800 1360 salve-

591 1434 717 1492 ne;
781 1437 922 1498 quae
963 1418 1262 1483 doctrina
1302 1422 1688 1485 universalis
1720 1422 1864 1498 fuit,
1912 1439 2136 1503 respe·
2255 1425 2356 1483 tur
2413 1427 2479 1484 et
2538 1421 2819 1484 alterum
2878 1426 3270 1483 extremum.
3366 1415 3803 1479 Auctoritates

595 1540 702 1597 ctu
752 1535 949 1599 totius
991 1538 1239 1616 populi,
1287 1540 1353 1600 in
1400 1556 1530 1620 quo
1588 1539 1858 1602 fuerunt
1925 1541 2136 1619 bapti·
2251 1544 2470 1601 autem
2518 1535 2897 1619 Hieronymi
2929 1542 2990 1599 et
3024 1535 3353 1597 Ambrosii
3408 1548 3446 1593 a
3494 1532 3803 1610 Magistro

593 1652 716 1714 zati
787 1670 826 1713 a
869 1654 1147 1728 Joanne,
1218 1672 1438 1734 neque
1509 1658 1920 1736 respondere
1990 1661 2142 1722 licet
2250 1654 2554 1718 adductae
2614 1654 2965 1733 designant
3037 1658 3290 1715 tanturn
3346 1648 3805 1711 infidelitatem

591 1768 794 1831 fuisse
830 1771 1029 1832 etiam
1062 1770 1127 1831 in
1173 1773 1418 1850 populo
1465 1775 1832 1851 Baptizatos
1861 1793 1898 1839 a
1956 1776 2133 1839 Chri·
2253 1790 2401 1836 esse
2455 1770 2892 1834 sufficientem
2937 1784 3203 1830 causam
3250 1763 3627 1843 applicandi
3683 1764 3800 1822 Ba·

590 1891 713 1947 sto.
761 1885 1226 1963 Respondetur
1269 1892 1444 1963 enim
1487 1890 1611 1953 illis
1675 1895 2140 1956 necessitatem
2251 1894 2593 1968 ptismum,
2641 1905 2771 1952 non
2804 1889 3033 1961 solam,
3064 1901 3281 1965 neque
3316 1882 3681 1961 praecisam.
3729 1883 3803 1941 El

594 2002 934 2079 Baptismi‚
962 2003 1241 2083 ejusque
1287 2007 1781 2085 susceptionem
1825 2027 1958 2073 non
1987 2009 2142 2073 fuis·
2250 2012 2309 2070 si
2360 2011 2662 2087 objicias,
2725 2006 2953 2085 inquit,
3015 2004 3208 2066 illam
3247 2003 3639 2073 maoeimam,
3693 1998 3809 2058 ubi

3816 576 4048 645 praecisae
4093 590 4148 625 se

3843 640 4075 690 inferunt
4086 678 4099 691 .

3897 1984 4110 2043 Quando

3831 2047 4023 2109 aliquid
4046 2064 4158 2113 sup-

590 2133 663 2177 se
697 2118 1126 2195 propositam,
1180 2124 1330 2200 quia
1380 2124 1523 2203 jam
1593 2127 1824 2187 initiati
1879 2134 2033 2190 sunt
2077 2134 2145 2190 et
2254 2131 2567 2191 omissum
2633 2130 2722 2185 est
2793 2107 3071 2199 aliqum,
3134 2123 3319 2181 caute
3375 2115 3804 2193 supplendum
3863 2110 4112 2181 'piendum

3859 2188 3914 2220 in
3948 2172 4129 2221 Sacra-

591 2234 916 2306 instructi‚
950 2242 1305 2315 antequam
1329 2239 1412 2301 ad
1442 2240 1846 2319 Baptismurn
1878 2242 2142 2304 admissi
2263 2260 2414 2317 esse,
2448 2248 2576 2306 etc.
2610 2255 2744 2303 non
2787 2236 3065 2317 intelligi
3109 2235 3192 2297 de
3252 2232 3545 2312 partibus
3577 2243 3808 2290 essen-
3890 2233 4099 2286 mentis.

594 2356 769 2411 sunt.
845 2352 1178 2429 Respectu
1235 2355 1678 2433 ignorantium
1735 2361 2141 2437 Baptismum
2265 2360 2525 2424 tialibus
2582 2355 2906 2438 ejusdem,
2966 2354 3115 2432 quia
3160 2351 3216 2411 si
3275 2347 3606 2418 deficient,
3656 2342 3810 2405 nihil

594 2465 885 2544 loquitur
955 2484 1038 2529 ex
1092 2470 1394 2551 subjecto
1439 2479 1829 2554 argumento
1887 2474 2140 2550 Petrus,
2249 2477 2384 2554 fit,
2435 2474 2655 2539 deficit
2699 2475 2876 2535 enim
2925 2469 3429 2531 fundamentum
3478 2459 3806 2542 significa·

600 2586 666 2645 et
722 2583 1267 2665 interrogantium
1316 2587 1475 2668 quid
1519 2588 1737 2653 facere
1796 2591 2139 2657 deberent.
2256 2607 2447 2670 tionis
2530 2597 3047 2670 sacramentalis,
3118 2592 3239 2655 sed
3300 2585 3812 2668 intelligendum

257 2704 530 2770 Angustia.
603 2701 1112 2767 conclusionem
1152 2707 1322 2767 hanc
1383 2708 1574 2770 tradit
1628 2710 1690 2771 S.
1741 2711 2146 2790 Augustinus
2256 2747 2402 2796 esse
2486 2730 2552 2791 in
2620 2727 3040 2790 sacramento
3093 2717 3353 2783 Ordinis
3408 2714 3511 2777 vel
3569 2711 3813 2773 nucha..

603 2827 792 2888 tract.
825 2825 885 2885 5.
921 2824 988 2885 in
1029 2828 1376 2900 Ioannem;
1408 2829 1475 2886 et
1520 2825 1803 2887 habetur
1852 2827 1933 2889 de
1982 2845 2138 2890 con-

608 2957 778 3003 secr.
824 2941 974 3005 dist.
1034 2944 1094 3001 4.
1131 2958 1273 3020 cap.
1308 2942 1503 3005 Aliud
1531 2947 1644 3018 est,
1674 2947 1800 3004 etc.
1838 2950 1895 3005 et
1939 2945 2042 3006 cib.
2086 2948 2147 3008 5.

606 3065 833 3122 contra
914 3061 1281 3120 Donatistas
1353 3059 1433 3120 de
1505 3059 1833 3135 baptismo.

383 3200 434 3249 9.
686 3175 1209 3239 Fundamentum
1264 3175 1550 3255 Magistri
1608 3177 1860 3238 nullum
1915 3184 2040 3253 est,
2088 3187 2158 3245 ut

258 3263 579 3375 Funffigen-
609 3292 974 3372 respondet
1015 3294 1257 3355 Doctor
1305 3291 1371 3352 in
1426 3292 1666 3365 littera,
1726 3292 1876 3373 quia
1919 3294 2151 3357 infide-

327 3386 577 3503 Ἐξξῗζῗ
608 3415 754 3477 litas
808 3428 943 3475 non
1016 3415 1117 3473 est
1172 3410 1437 3490 praecisa
1504 3429 1696 3474 causa
1754 3416 2156 3493 suscipiendi

613 3531 1042 3608 Baptismum;
1078 3528 1372 3607 quamvis
1419 3544 1577 3607 ergo
1609 3529 1908 3592 infideles
1939 3532 2155 3611 bapti-

615 3645 985 3718 znadisunt,
1019 3660 1151 3707 non
1193 3650 1408 3707 tamen
1455 3645 1598 3707 soli.
1639 3648 1713 3708 Et
1757 3648 1880 3710 iste
1920 3649 2159 3715 modus
2265 3628 2306 3690 d

610 3761 1116 3845 argumentandi
1146 3780 1277 3825 non
1311 3760 1665 3838 concludit,
1708 3766 1888 3827 verbi
1919 3772 2154 3846 gratia,
2267 3762 2434 3824 tum,
2468 3755 2534 3813 θῑ
2563 3752 2636 3811 D·
2684 3745 3003 3807 Thomam
3031 3724 3196 3815 329·
3232 3736 3447 3813 qum-3²·
3482 3730 3579 3792 33·
3615 3733 3670 3790 εἰ
3713 3744 3814 3788 ⁸⁶·

612 3880 896 3946 infidelis
923 3878 1357 3959 baptizandus
1401 3885 1523 3956 est,
1585 3897 1743 3961 ergo
1790 3884 2004 3945 solum
2051 3885 2151 3946 in·
2270 3882 2505 3961 quenti.
2541 3878 2683 3939 Haec
2707 3888 2789 3935 ex
2808 3868 3101 3932 instituto
3136 3858 3435 3943 praesenti
3467 3852 3810 3918 sufficiant.

2263 2861 2485 2933 ristiae,
2561 2855 2736 2937 quod
2856 2857 2951 2916 ex¹
3066 2848 3336 2924 diversis
3415 2845 3807 2923 integratur,

2264 3002 2543 3067 quorum
2727 2977 3070 3061 quodlibet
3222 2971 3498 3036 seorsim
3658 2965 3810 3045 poni

2266 3120 2505 3194 potest.
2621 3110 2907 3172 Habetur
3029 3103 3135 3165 illa
3251 3098 3533 3160 maxima
3661 3107 3807 3170 cap.

2276 3244 2470 3305 unico
2531 3243 2609 3301 de
2638 3236 2886 3298 clerico
2914 3247 3034 3309 per
3088 3230 3329 3291 saltum
3389 3223 3711 3289 ordinato,
3745 3221 3813 3278 et

2270 3372 2347 3432 de
2450 3359 2897 3429 sacramentis
2995 3371 3120 3415 non
3221 3349 3559 3420 iterandis,
3667 3359 3808 3417 cap.

2272 3495 2328 3556 l.
2397 3492 2516 3567 Qui
2604 3483 2901 3552 voluerit,
2991 3480 3161 3540 circa
3235 3474 3405 3534 banc
3471 3464 3812 3531 materiam

2312 3646 2349 3691 ε
2392 3625 2720 3703 Baptismo
2749 3615 3017 3681 Joannis
3061 3612 3240 3689 legat
3295 3607 3602 3668 Alensem
3658 3600 3811 3660 cita-

3926 3634 4095 3684 Ateus.

3844 3697 3914 3747 D.
3967 3698 4131 3746 Thom
4145 3733 4160 3749 .
