4287 6313
1670 454 1870 523 Dlsr.
1917 454 2020 520 ln.
2069 453 2433 533 QUAES'l'lO
2465 451 2565 523 lv.

288 620 523 733 0¹51th
604 630 815 701 vetuS,
870 639 1017 707 quae
1055 618 1418 706 praecessit,
1478 629 1542 685 et
1600 640 1634 685 a
1693 622 1822 685 Deo
1861 617 1988 685 lata
2018 630 2140 698 est,

241 699 571 859 lesstffiffieet
602 739 826 806 debuit
891 740 1085 806 etiam
1131 738 1615 826 praecipitanter
1662 738 1988 825 abrogari,
2033 738 2147 805 sed

328 878 485 920 vetus.
601 857 871 932 sensim,
926 867 991 922 et
1046 856 1384 942 supposita
1456 855 1674 922 debita
1722 855 2152 921 instructione

599 973 679 1039 de
737 973 882 1059 eJus
940 972 1426 1059 adimpletione,
1470 973 1789 1059 completa
1845 973 2146 1052 veritate,

601 1110 796 1177 quam
846 1090 1124 1156 obscure
1175 1089 1521 1176 figurabat.
1587 1090 1804 1157 Tertio
1843 1090 1990 1156 addi
2034 1112 2152 1177 po-

603 1220 755 1288 test,
801 1205 952 1294 quia
991 1226 1120 1272 non
1161 1218 1298 1273 erat
1337 1217 1467 1273 tam
1518 1207 1729 1274 facilis
1766 1209 2085 1275 transitus
2115 1229 2153 1274 a

602 1324 749 1408 lege
787 1323 993 1389 veteri
1024 1323 1103 1389 ad
1144 1344 1406 1401 novam,
1452 1335 1515 1391 et
1545 1346 1580 1389 a
1639 1324 2154 1392 circumcisione

248 1422 564 1549 eongSritffebat
604 1440 680 1505 ad
722 1439 1123 1526 Baptismum
1165 1439 1374 1527 quoad
1404 1440 1688 1518 Judaeos,
1744 1441 1854 1528 qui
1888 1444 2148 1507 Patrum

301 1547 514 1601 Judaeis.
601 1554 1061 1621 traditionibus
1104 1553 1559 1633 inhaerebant;
1625 1555 1727 1623 bis
1770 1569 1985 1624 autem
2018 1558 2148 1644 pri-

605 1690 782 1737 mum
825 1671 1200 1758 propositus
1266 1685 1365 1738 est
1405 1674 1797 1759 Baptismus,
1846 1693 1975 1740 non
2031 1676 2148 1741 de-

604 1786 744 1854 buit
774 1808 932 1874 ergo
966 1788 1301 1875 praescribi
1333 1789 1454 1855 sub
1486 1801 1836 1878 praeceptO,
1872 1790 1985 1858 sed
2025 1791 2149 1858 sub

602 1902 902 1972 consilio.

246 2040 361 2090 Non
420 2039 571 2111 debet
687 2024 821 2086 Hoc
875 2033 1091 2088 tamen
1150 2021 1495 2090 consilium
1556 2023 1853 2091 divinum
1897 2027 2143 2114 nequit,

279 2106 546 2238 ξξέζῧῖᾙ
602 2137 814 2225 inquit
864 2142 1119 2214 Doctor,
1183 2140 1535 2220 contemni,
1588 2139 1739 2206 licet
1795 2162 1924 2208 non
1989 2145 2150 2210 obli-

278 2229 535 2282 d¹v¹¹¹¹¹¹¹¹·
600 2268 732 2343 get,
778 2255 950 2323 sicut
989 2275 1200 2344 neque
1256 2256 1604 2323 consilium
1648 2260 2140 2345 Evangelicum,

598 2373 751 2459 quia
789 2394 1050 2461 semper
1088 2385 1187 2440 est
1217 2373 1622 2454 rationabile,
1667 2386 1730 2441 et
1778 2377 1857 2443 de
1897 2378 2149 2444 meliori

601 2489 793 2568 bono,
838 2511 967 2556 non
1007 2490 1102 2558 sic
1140 2491 1490 2558 consilium
1530 2491 1843 2574 hominis,
1888 2496 2149 2582 quando

247 2618 570 2728 sempeffist
595 2617 695 2673 est
761 2607 1223 2686 irrationabile,
1303 2609 1559 2675 etiamsi
1626 2624 1799 2677 esset
1866 2595 2147 2695 P‘raelati,

243 2684 503 2791 ’8ἓὲἓῖιὲ
518 2694 564 2741 ⁰⁹
597 2723 711 2790 sed
760 2745 907 2791 cum
959 2725 1175 2792 debita
1207 2724 1652 2793 moderatione
1685 2728 1899 2810 debet,
1937 2752 2150 2818 quan-

266 2803 560 2858 h⁰¹¹¹⁸¹¹¹¹m⁸
602 2846 736 2905 tum
815 2838 954 2907 sieri
1024 2852 1258 2930 potest,
1331 2840 1569 2907 irritari
1651 2857 1715 2911 et
1791 2849 2143 2924 contemni,

602 2969 917 3040 quantum
965 2957 1044 3024 ad
1107 2980 1294 3025 usum
1354 2962 1520 3048 ejus,
1584 2960 1755 3048 quod
1815 2962 2143 3049 intelligit,

601 3074 858 3159 quando
890 3074 1035 3163 ipso
1065 3076 1234 3143 facto
1280 3088 1531 3143 constat
1561 3076 1641 3144 de
1670 3077 2150 3169 incongruitate

600 3200 664 3255 et
715 3207 1105 3261 nocumento
1139 3194 1301 3262 «talis
1332 3196 1588 3264 consilii
1618 3218 1632 3274 ;
1681 3217 1810 3263 non
1844 3210 2059 3265 autem
2092 3202 2149 3268 si

267 3319 552 3433 Cssnsillgum
605 3318 703 3372 est
764 3309 1109 3376 consilium
1197 3312 1556 3397 probabile,
1648 3327 1759 3380 aut
1844 3294 2140 3396 dubium,

289 3388 542 3509 qifffr‘notio
604 3423 753 3508 quia
795 3424 857 3489 in
900 3425 1118 3493 dubiis
1149 3428 1462 3513 praevalet
1500 3428 1820 3495 sententia
1862 3430 2141 3513 Praelati,

243 3507 575 3573 sequendum.
605 3553 668 3607 et
716 3541 772 3607 si
811 3542 1002 3609 addat
1070 3556 1494 3632 praeceptum,
1558 3556 1655 3613 est
1712 3549 2140 3634 sequendum,

601 3657 754 3744 quia
827 3671 927 3724 est
991 3659 1058 3725 in
1129 3662 1543 3749 possessione
1625 3664 2028 3732 auctoritatis
2084 3684 2149 3737 et

590 3773 762 3860 juris
811 3774 877 3840 in
936 3777 1330 3858 subsidium,
1385 3780 1535 3867 quia
1595 3780 1652 3847 ei
1693 3780 1884 3849 debet
1931 3783 2145 3851 defer-

596 3909 687 3967 re,
762 3890 957 3957 etiam
1018 3893 1082 3959 in
1152 3894 1349 3961 rebus
1405 3894 1935 3967 indifferentibus
1984 3903 2145 3969 sub-

593 4004 794 4073 ditus.

1152 4251 1554 4311 SCHOLIUM.

666 4424 983 4479 Sententia
1036 4424 1100 4480 D.
1152 4423 1367 4481 Thom.
1397 4424 1453 4482 3.
1505 4440 1568 4497 p.
1622 4441 1681 4498 q.
1738 4429 1829 4486 66.
1864 4435 1978 4487 art.
2004 4434 2056 4488 2.
2087 4437 2148 4490 et

599 4523 646 4578 1.
707 4524 761 4577 2.
795 4536 850 4593 q.
883 4522 1000 4578 103.
1050 4525 1164 4579 art.
1225 4524 1279 4579 3.
1334 4525 1738 4597 Βαριὶεῐηιιῐη,
1771 4529 1967 4586 ruisse
2028 4532 2143 4589 sub

592 4620 855 4677 consilio
886 4635 1085 4692 usque
1131 4620 1209 4677 ad
1240 4622 1609 4694 passionem,
1665 4629 1724 4682 et
1751 4632 1960 4698 postea
2016 4635 2141 4687 sta-

593 4720 699 4775 tim
759 4717 872 4774 sub
940 4723 1251 4791 praecepto
1281 4737 1296 4790 ;
1362 4716 1915 4780 circumcisionem
1992 4742 2143 4783 vero

597 4831 790 4889 usque
820 4815 897 4873 ad
928 4818 1276 4889 passionem
1308 4804 1724 4877 necessariam
1750 4823 1964 4892 ruisse,
1997 4824 2145 4881 inde

593 4913 670 4970 ad
703 4916 1099 4972 Pentecosten
1131 4916 1397 4984 licitam,
1428 4916 1536 4973 sed
1567 4918 1879 4987 inutilem,
1917 4936 1953 4978 a
1985 4923 2145 4979 Pen-

593 5017 820 5069 tecoste
888 5016 1098 5069 autem
1177 5013 1585 5072 mortiferam.
1665 5018 1834 5073 Hanc
1909 5018 2145 5078 refutat

599 5112 811 5167 Doctor
831 5110 1033 5183 quoad
1053 5111 1338 5182 singulas
1359 5112 1496 5183 ejus
1515 5119 1746 5185 partes,
1781 5117 1928 5173 satis
1947 5118 2139 5176 clare.

291 5301 516 5410 mc‘sffid
683 5291 796 5362 De
828 5290 1172 5364 secundo
1204 5292 1302 5383 (d)
1334 5291 1795 5386 principali,
1828 5296 2141 5372 scilicet

239 5425 551 5553 quf‘if'eff‘
596 5427 700 5479 an
765 5427 863 5480 ex
931 5407 1208 5479 eodem
1276 5407 1526 5481 fuerit
1603 5409 2138 5487 Circumcisio

268 5555 389 5604 viae
423 5567 538 5601 eum
594 5526 1018 5608 evacuata,
1109 5545 1208 5597 ex
1271 5546 1424 5617 qno
1501 5524 1654 5599 fuit
1724 5530 2136 5622 susceptio

307 5618 499 5747 gff⁶²gss¹tj
594 5641 994 5734 Baptismi
1083 5642 1570 5737 simpliciter
1642 5649 2132 5749 necessaria,

3684 449 3805 521 345

2259 617 2561 691 dicitur
2626 620 2830 711 quod
2901 615 3250 713 tempus,
3314 639 3472 712 quo
3531 621 3808 712 Bapti-

2263 755 2486 807 smus
2521 735 2673 809 fuit
2707 735 2853 808 sub
2893 736 3261 818 consilio,
3319 741 3502 810 erat
3552 756 3599 807 a
3652 736 3812 829 pri·

2267 871 2397 924 ma
2486 851 3033 945 publicatione
3116 852 3317 944 ejus,
3393 873 3643 945 usque
3710 854 3806 925 ad

2264 968 2569 1044 Christi
2651 970 3139 1062 passionem,
3234 974 3315 1044 et
3409 968 3562 1044 hoc
3646 989 3808 1042 non

2262 1086 2690 1160 evacuavit
2742 1086 3495 1169 Circumcisionem,
3557 1085 3809 1161 etiam

2267 1205 2657 1294 quantum
2752 1203 2846 1274 ad
2951 1203 3558 1285 necessarium;
3665 1201 3806 1274 illo

2262 1317 2477 1391 enim
2557 1321 2926 1410 tempore
3003 1318 3557 1392 necessarium
3627 1320 3808 1391 erat

2263 1434 2538 1506 Judaeo
2678 1433 3254 1507 circumcidere
3375 1434 3807 1527 parvulum

2266 1570 2525 1633 suum,
2598 1550 2787 1643 quia
2851 1551 3203 1623 nondum
3262 1551 3417 1625 fuit
3475 1550 3617 1623 illa
3677 1551 3807 1623 lex

2263 1671 2674 1750 revocata,
2730 1668 2941 1742 sicut
2990 1688 3134 1741 nec
3188 1668 3350 1740 alia
3394 1668 3805 1761 imposita.

2264 1787 2328 1857 A
2377 1789 2749 1878 tempore
2790 1790 3061 1859 autem
3111 1785 3515 1878 passionis
3558 1806 3811 1877 usque

2264 1903 2359 1974 ad
2399 1906 2717 1994 tempus
2753 1899 3326 1994 publicationis
3362 1900 3806 1993 Evangelii,

2261 2019 2414 2091 fuit
2494 2017 3031 2093 circumcisio
3100 2017 3355 2100 licita,
3448 2018 3582 2089 sed
3658 2035 3802 2089 nec

2261 2135 2753 2214 necessaria,
2791 2155 2934 2207 nec
2967 2133 3219 2217 utilis,
3258 2133 3445 2227 quia
3480 2133 3804 2208 inChri-

2265 2251 2373 2326 sti
2412 2253 2674 2323 morte
2712 2250 3004 2341 legalia
3056 2256 3246 2326 sunt
3296 2270 3811 2324 consumma-

2224 2385 2229 2392 ·
2264 2372 2372 2441 ta.
2411 2367 2631 2449 Quod
2664 2366 3063 2459 probatur
3093 2388 3191 2440 ex
3240 2367 3383 2439 illo
3420 2368 3652 2439 Joan.
3697 2370 3805 2441 19.

2266 2486 2530 2556 morte
2643 2482 3117 2556 imminente
3211 2482 3415 2557 dixit
3507 2483 3742 2555 Jesus
3787 2508 3803 2554 z

2267 2605 2804 2670 Consummatum
2862 2613 2978 2670 est.
3050 2602 3149 2672 Et
3229 2598 3297 2672 Si
3382 2600 3806 2694 quaeritur,

2265 2719 2450 2810 quid
2497 2724 2681 2793 erat
2726 2718 3070 2811 parvulo
3113 2716 3367 2789 Judaei
3419 2717 3499 2789 in
3558 2737 3808 2790 reme·

2263 2839 2477 2910 dium
2524 2843 2815 2912 contra
2860 2836 3286 2928 originale,
3332 2857 3379 2908 a
3428 2837 3815 2930 passione

2264 2976 2515 3047 usque
2549 2955 2641 3026 ad
2670 2953 3299 3048 publicationem
3324 2952 3746 3044 Evangelii
3772 2959 3807 3024 ’ὲ

2272 3072 2600 3155 dicitur,
2641 3073 2843 3167 quod
2877 3092 3039 3144 non
3072 3071 3636 3154 Circumcisio‚
3673 3071 3807 3145 sed

2260 3190 2452 3263 fides
2504 3195 2962 3283 parentum,
3025 3194 3114 3263 ut
3174 3194 3543 3281 tempore
3600 3189 3807 3280 legis
3881 3264 3887 3270 ,

2260 3310 2602 3379 naturae.
2639 3307 2914 3380 Tertio
2955 3326 3151 3379 vero
3203 3310 3574 3399 tempore
3623 3311 3808 3398 post

2262 3422 2894 3515 publicationem
2945 3421 3395 3512 Evangelii,
3449 3421 3807 3497 Circum-

2260 3538 2463 3612 cisio
2499 3538 2648 3610 fuit
2695 3538 3149 3618 mortifera.
3198 3558 3346 3631 pro
3398 3557 3553 3630 quo
3604 3542 3807 3612 tem-

2262 3654 2857 3749 poreloquitur
2908 3653 3204 3727 Paulus
3247 3655 3341 3726 ad
3403 3653 3663 3727 Galat.
3733 3658 3799 3729 5.

2266 3774 2455 3851 Quod
2481 3776 2543 3839 si
2572 3773 3178 3854 circumcidamini,
3206 3776 3364 3844 eto.

2347 3891 2653 3962 Contra
2709 3887 3058 3980 primum
3136 3886 3520 3977 arguitur
3598 3886 3712 3959 sic
3777 3913 3792 3957 ε
3857 3913 4124 3986 necantqr

2260 4005 2340 4079 Si
2400 4023 2646 4076 unum
2735 4008 3232 4098 praeceptum
3324 4003 3797 4096 impositum
3854 3982 4124 4090 ffffissffiff

2257 4121 2633 4194 totaliter
2674 4125 3004 4195 revocat
3076 4120 3315 4201 aliud,
3370 4118 3801 4193 consilium

2259 4259 2396 4311 seu
2429 4239 2773 4312 monitio
2838 4238 2928 4309 de
2960 4258 3120 4310 uno
3155 4237 3349 4311 facit
3389 4236 3604 4308 aliud
3643 4257 3804 4309 non

2256 4356 2840 4437 necessarium,
2936 4355 3125 4449 quia
3220 4355 3453 4449 cujus
3569 4359 3802 4429 actus

2258 4477 2759 4566 praeceptum
2791 4477 2916 4546 est
2951 4472 3294 4546 alterius
3329 4471 3801 4565 prohibitio,

2256 4592 2431 4683 ejus
2475 4596 2707 4665 actus
2775 4588 3209 4664 consilium
3304 4594 3427 4663 est
3478 4590 3809 4664 licentia

2255 4708 2347 4779 de
2386 4727 2544 4779 non
2590 4708 3089 4779 observando
3133 4704 3570 4798 reliquum:
3609 4726 3807 4797 ergo

2258 4824 2326 4897 si
2398 4829 2893 4916 praeceptum
2953 4824 3044 4895 de
3123 4823 3546 4915 Baptismo
3627 4826 3808 4896 erat

2257 4939 2700 5033 prohibitio
2794 4938 3464 5014 Circumcisionis
3563 4961 3804 5033 quan-

2255 5059 2427 5128 tum
2474 5057 2569 5128 ad
2638 5055 3027 5136 fructum,
3072 5060 3151 5128 et
3203 5056 3637 5130 consilium
3707 5059 3799 5131 de

2254 5172 2677 5264 Baptismo
2736 5176 2918 5245 erat
2978 5172 3313 5244 reddens
3364 5174 3800 5249 Circumci-

2218 5338 2223 5345 -
2255 5289 2758 5362 sionem‘non
2790 5290 3367 5364 necessariam.

2346 5404 2529 5478 Hoc'
2573 5407 3136 5490 confirmatur,
3215 5408 3403 5500 quia
3481 5408 3548 5480 si
3608 5413 3794 5482 ante
3919 5413 4058 5526 pis,-

2255 5524 2715 5614 passionem
2758 5525 3052 5619 aliquis
3085 5527 3406 5600 Judaeus
3449 5528 3542 5599 ad
3600 5547 3790 5619 prae·
3842 5538 4127 5651 “pfiffiffl

2251 5640 2735 5715 dicationem
2797 5642 3104 5718 Christi
3145 5645 3273 5716 vel
3334 5646 3554 5718 Petri
3617 5664 3792 5739 par·
3840 5662 4142 5732 passionem,

4026 5954 4114 6012 A*
