4287 6313
567 422 655 486 86
1720 411 1866 472 [ΑΒ.
1893 409 1998 469 JV.
2031 404 2624 477 SENTEN'HARUM

555 585 846 657 contra
885 597 1219 653 causam
1261 571 1796 669 principalem
1830 568 2098 662 primo
2128 586 2171 594 ·‘
2216 566 2375 658 plo,
2405 564 2537 637 ubi
2584 562 2776 637 talis
2825 566 3042 636 esset
3080 554 3624 653 repugnantia
3663 553 3758 631 ad

557 700 789 771 modo
846 696 1145 770 dictam
1204 692 1755 783 distinguatur
1797 687 2101 759 instru-
2217 681 2634 774 agendum.

557 819 944 897 mentum,
1000 812 1116 885 sic
1170 809 1433 882 omnis
1475 826 1724 880 causa
1759 803 2103 877 secunda

559 935 830 1026 potest
886 929 1038 1003 dici
1093 923 1771 1001 instrumentalis.
1827 920 1909 995 Si
1963 938 2103 990 au-

558 1056 722 1124 tem
791 1053 1084 1124 contra
1134 1045 1568 1120 secundum
1631 1040 1950 1114 modum
2001 1036 2104 1109 di-

562 1167 1031 1258 stinguatur
1072 1162 1734 1238 instrumentum,
1782 1159 1970 1228 tunc
2014 1153 2106 1224 il-

562 1280 698 1353 lud
822 1281 1094 1371 potest
1172 1275 1324 1348 dici
1441 1274 2103 1350 instrumentum,

565 1394 768 1486 quod
800 1412 962 1466 non
1004 1392 1239 1465 habet
1291 1389 1370 1462 in
1413 1410 1498 1461 se
1533 1387 1882 1459 formam
1915 1382 2109 1456 acti·

560 1530 747 1582 vam
807 1506 887 1580 in
940 1528 1083 1579 suo
1154 1505 1454 1588 ordine,
1511 1503 1758 1576 etiam
1826 1502 2112 1593 depen-

561 1624 807 1696 dendo
853 1623 932 1695 in
967 1622 1286 1695 actione
1337 1641 1484 1693 sua
1526 1620 1622 1691 ab
1674 1618 1836 1690 alio
1881 1636 2112 1709 supe-

568 1742 815 1823 riore,
866 1741 997 1813 sed
1052 1744 1372 1813 tantum
1443 1737 1615 1829 agit
1687 1756 1831 1827 per
1899 1740 2112 1807 actu-

567 1859 778 1931 alem
849 1858 1292 1928 motionem
1356 1852 1701 1944 alicujus
1770 1850 2114 1925 alterius

569 1973 994 2056 moventiS,
1031 1978 1120 2046 ut
1156 1974 1378 2065 patet
1420 1974 1510 2043 de
1547 1967 2113 2042 instrumentis

573 2088 943 2171 artificis,
990 2092 1075 2161 ut
1119 2087 1413 2170 securi,
1461 2106 1696 2160 serra
1727 2090 1806 2158 et
1840 2084 2116 2177 hujus-

307 2232 469 2300 oqme
576 2206 813 2287 modi,
893 2205 1082 2297 quia
1153 2203 1221 2277 si
1285 2204 1917 2278 instrumentum
1988 2221 2119 2292 po-

277 2299 498 2403 affii'ssin
574 2326 819 2393 natur
853 2321 1184 2414 proprie
1235 2321 1592 2394 activum
1620 2320 1712 2392 ad
1766 2317 2116 2409 aliquem

242 2422 543 2550 pffiffiffin.
569 2437 1039 2517 terminum,
1076 2457 1404 2509 necesse
1434 2440 1558 2509 est
1591 2436 1857 2527 ipsum
1892 2433 2120 2505 habe-

228 2546 542 2665 veii‘ffiera
575 2573 663 2626 re
732 2551 1086 2626 formam
1166 2551 1520 2645 aliquam
1593 2551 2117 2623 intrinsecam

255 2685 353 2737 qua
391 2670 514 2734 asit-
576 2668 957 2751 activam,
1019 2669 1145 2741 vel
1225 2668 1304 2740 in
1372 2692 1506 2735 esse
1583 2667 1853 2758 quieto
1934 2672 2120 2740 ante

578 2807 895 2859 omnem
932 2786 1371 2859 motionem
1398 2787 1739 2860 alterius
1773 2786 2117 2877 agentiS‚

571 2902 697 2974 vel
751 2902 832 2973 in
875 2906 1050 2988 sieri,
1100 2902 1413 2993 quando
1457 2900 1830 2974 totaliter
1865 2922 2123 2973 move·

570 3023 712 3091 tur
778 3037 824 3089 a
894 3017 1321 3111 superiore
1381 3023 1708 3107 agente;
1773 3016 1839 3089 si
1907 3017 2121 3088 enim

575 3136 867 3207 neutro
905 3132 1136 3204 modo
1188 3130 1479 3206 habeat
1529 3129 1883 3205 formam
1933 3131 2123 3206 acti·

574 3268 784 3333 vam,
866 3249 1091 3320 nullo
1185 3250 1416 3320 modo
1506 3249 1838 3341 proprie
1905 3253 2117 3340 agot.

577 3367 778 3438 Cum
810 3363 1023 3436 enim
1057 3367 1291 3436 actus
1329 3363 1638 3454 primus
1676 3364 1781 3439 sit
1827 3365 2121 3457 princi-

580 3479 799 3573 pium
841 3483 1072 3551 actus
1134 3479 1479 3561 secundi,
1538 3481 1742 3571 quod
1810 3482 2116 3554 nullum

576 3601 850 3670 actum
910 3594 1267 3688 primum
1329 3594 1565 3669 habet
1636 3596 1716 3668 in
1782 3620 1866 3669 se
1928 3599 2121 3672 acti-

575 3732 765 3783 vum
843 3711 923 3782 in
1028 3732 1174 3784 suo
1265 3711 1566 3795 ordine,
1664 3713 1741 3784 in
1810 3715 2121 3786 nullum

575 3830 851 3902 actum
893 3828 1327 3900 secundum
1371 3834 1637 3921 potest
1684 3829 1762 3901 in
1812 3832 1952 3903 illo
1999 3853 2120 3904 or·

575 3939 786 4020 dine;
825 3939 1186 4031 alioquin
1230 3941 1633 4032 quodlibet
1679 3948 1949 4034 posset
1993 3965 2120 4036 po-

577 4059 661 4129 ni
715 4057 1350 4131 instrumentum
1414 4062 1786 4151 respectu
1855 4061 2119 4153 cujus·

574 4175 796 4256 libet,
833 4176 910 4247 et
951 4178 1224 4266 posset
1260 4175 1441 4257 dici,
1482 4177 1685 4267 quod
1717 4179 1931 4251 Deus
1978 4200 2123 4272 per

577 4311 962 4374 muscam,
1065 4295 1150 4364 ut
1239 4312 1380 4384 per
1458 4292 2116 4378 instrumentum,

569 4413 895 4482 crearet
948 4409 1367 4500 Angelum,
1435 4410 1639 4501 quod
1698 4409 1898 4482 nihil
1958 4417 2115 4494 est;

573 4526 639 4598 si
709 4526 924 4599 enim
1004 4525 1250 4597 alicui
1332 4529 1650 4599 naturae
1721 4531 2120 4619 repugnat

574 4642 782 4737 quod
832 4642 935 4715 sit
1002 4629 1493 4736 principium
1562 4644 1920 4717 activum
1981 4645 2121 4716 ali-

576 4778 920 4850 quarum
984 4759 1422 4842 actionum,
1488 4780 1648 4833 non
1708 4764 1833 4835 est
1874 4761 2123 4854 possi-

575 4874 756 4957 bile,
822 4876 1027 4968 quod
1113 4895 1258 4969 per
1327 4876 1776 4968 potentiam
1856 4897 2127 4969 quam-

579 5011 922 5084 cumque
1001 4990 1107 5063 sit
1187 4990 1677 5083 principium
1766 4991 2121 5065 illarum.

239 5131 389 5184 caim·
450 5142 553 5178 non
585 5107 757 5183 Etsi
822 5106 1036 5180 enim
1109 5109 1380 5199 posset
1466 5110 1679 5182 Deus
1760 5109 2128 5182 absolute

266 5196 560 5328 Θεὲἕῑῖζῖιω
585 5241 871 5299 creare
943 5221 1233 5314 frigus,
1294 5243 1453 5295 non
1521 5226 1794 5297 tamen
1855 5229 2130 5317 posset

291 5321 519 5385 mgm·
590 5362 734 5435 per
774 5340 1158 5423 calorem,
1221 5339 1336 5414 ita
1378 5339 1582 5432 quod
1622 5342 1851 5413 calor
1902 5341 2010 5416 sit
2052 5341 2132 5414 in

588 5459 861 5553 aliquo
889 5458 1165 5531 ordine
1199 5477 1444 5532 causa
1465 5458 1734 5531 activa
1758 5463 2129 5552 respectu

588 5577 957 5672 frigoris,
1015 5577 1140 5651 vel
1193 5577 1275 5649 in
1323 5576 1597 5668 aliquo
1645 5578 1806 5650 alio
1865 5598 2134 5651 exem-

2309 801 2427 869 Ex
2494 797 2646 869 hoc
2699 797 2947 889 patet,
3014 790 3220 885 quod
3278 790 3767 863 instrumen-

2221 919 2419 997 tum,
2457 914 2525 985 si
2567 916 2923 1007 ponatur
2988 906 3324 1003 proprie
3370 926 3616 997 agere
3676 904 3770 977 ad

2222 1031 2622 1111 effectum,
2668 1028 2796 1100 vel
2837 1027 3075 1100 babet
3134 1026 3215 1097 in
3274 1043 3359 1096 se
3418 1022 3769 1096 formam

2224 1147 2575 1220 activam
2646 1145 2726 1215 in
2784 1167 2919 1212 esse
2968 1143 3241 1236 quieto
3302 1143 3490 1214 ante
3534 1139 3771 1212 moti-

2227 1286 2485 1346 onem,
2533 1263 2741 1337 sicut
2777 1282 3025 1335 causa
3058 1262 3430 1348 secunda,
3466 1259 3590 1330 vel
3622 1258 3773 1330 sal-

2224 1386 2388 1455 tem
2432 1383 2515 1455 in
2562 1381 2917 1455 motione
2950 1379 3251 1454 actuali
3287 1377 3579 1470 recipit
3611 1375 3771 1448 for-

2230 1516 2443 1569 mam
2478 1494 2858 1578 activam,
2906 1513 3063 1586 qua
3105 1494 3287 1585 agit
3321 1493 3401 1566 in
3441 1513 3585 1565 suo
3641 1512 3773 1564 or-

2227 1613 2407 1687 dine
2471 1611 2794 1704 agendi3
2839 1617 2920 1687 et
2968 1611 3118 1685 hoc
3166 1611 3293 1684 vel
3352 1610 3447 1683 ad
3499 1608 3775 1685 termi-

2228 1753 2422 1805 num
2457 1731 3018 1824 principalem,
3072 1731 3201 1803 vel
3270 1730 3366 1803 ad
3415 1728 3772 1821 aliquam

2229 1847 2848 1940 dispositionem
2882 1846 3298 1939 praeviam,
3330 1847 3416 1918 ut
3460 1843 3575 1917 sic
3607 1843 3776 1916 uni-

2228 1964 2669 2038 versaliter
2704 1963 2811 2037 sit
2843 1962 3004 2037 ista
3038 1961 3496 2056 propositio
3529 1979 3766 2032 vera:

2232 2085 2482 2158 Omne
2512 2083 3173 2162 instrumentum,
3203 2080 3410 2174 quod
3439 2081 3562 2152 est
3596 2098 3775 2171 pro·

2234 2199 2409 2292 prie
2451 2197 2835 2279 activum,
2877 2198 3004 2270 vel
3045 2197 3216 2289 agit
3256 2199 3347 2271 ad
3418 2197 3775 2290 aliquam

2231 2314 2845 2408 dispositionem
2953 2315 3344 2408 praeviam
3423 2315 3774 2389 termino

2234 2432 2696 2525 principali,
2767 2432 2894 2505 vel
2953 2453 3097 2526 per
3164 2432 3521 2525 aliquam
3610 2432 3776 2505 for-

2237 2568 2450 2620 mam
2500 2547 3030 2621 intrinsecam
3102 2549 3435 2641 attingit
3503 2548 3780 2623 termi-

2234 2685 2427 2736 num
2490 2664 3050 2757 principalem,
3113 2665 3302 2739 licet
3345 2665 3424 2737 in
3473 2665 3781 2740 virtute

2238 2783 2716 2877 principalis
2777 2784 3139 2875 agentis;
3222 2787 3302 2858 et
3380 2784 3532 2858 hoc
3610 2785 3779 2860 sive

2239 2901 2378 2972 illa
2420 2901 2687 2973 forma
2726 2900 3172 2973 intrinseca
3206 2902 3588 2995 praecedit
3622 2924 3783 2977 mo·

2241 3017 2570 3098 tionem,
2610 3015 2778 3087 sive
2812 3019 3130 3099 tantum
3165 3015 3360 3092 insit
3393 3018 3568 3100 sibi,
3594 3020 3778 3093 dum

2238 3132 2674 3208 actualiter
2726 3138 3123 3209 movetur.

2323 3251 2435 3323 Ad
2471 3250 3009 3344 propositum,
3045 3255 3293 3345 patet.
3341 3255 3547 3346 quod
3578 3254 3781 3327 nihil
3909 3263 3996 3315 27-

2235 3368 2449 3441 aliud
2518 3387 2565 3439 a
2630 3370 2795 3442 Deo
2866 3375 3135 3461 potest
3214 3371 3781 3464 principaliter

2235 3506 2478 3577 agere
2551 3485 2629 3558 in
2690 3506 3189 3580 quacumque
3247 3488 3592 3571 actione,
3656 3511 3782 3562 su-

2237 3603 2519 3674 mendo
2560 3607 3032 3692 principaliter
3073 3603 3339 3695 primo
3396 3606 3653 3687 modo,
3699 3610 3781 3680 et

2236 3719 2386 3791 hoc
2437 3719 2766 3811 planum
2807 3724 2932 3793 est
2975 3721 3405 3794 secundum
3451 3722 3781 3796 Theolo-

2237 3852 2406 3924 gos,
2455 3833 2588 3925 qui
2619 3834 2891 3909 dicunt
2922 3836 3176 3907 Deum
3214 3836 3782 3931 principaliter

2235 3968 2479 4040 agere
2513 3949 2595 4021 in
2639 3951 2855 4023 omni
2890 3951 3234 4025 actione.
3274 3954 3422 4028 Sed
3461 3976 3780 4029 sumen-

2233 4069 2329 4140 do
2373 4069 2717 4142 secundo
2778 4071 3037 4152 modo,
3096 4072 3398 4165 triplex
3447 4080 3572 4150 est
3616 4096 3778 4148 1no-

2235 4188 2379 4259 dus
2420 4188 2725 4262 dicendi
2761 4214 2776 4258 :
2837 4190 3082 4271 Unus,
3122 4192 3326 4283 quod
3359 4195 3772 4268 conclusio
3800 4180 4056 4297 Vffigtfi}
4086 4185 4146 4236 2·

2241 4302 2397 4376 ista
2472 4303 2852 4395 negativa
2936 4308 3262 4379 tenetur
3337 4309 3514 4380 sola
3599 4310 3772 4394 fide,
3800 4285 4153 4421 q·„},'ig²¹¹,}²¹t

2238 4422 2579 4512 propter
2638 4421 3179 4496 auctoritates
3264 4428 3774 4511 Sanctorum,
3920 4389 4045 4483 1101?

2237 4556 2381 4608 nec
2446 4543 2713 4630 potest
2792 4539 3111 4612 ratione
3185 4542 3557 4634 probari;
3619 4566 3779 4619 non
3850 4501 4099 4622 ωᾶιιῗεξῗῖθ

2238 4653 2449 4724 enim
2496 4657 2718 4745 patet
2767 4653 3179 4729 evidenter
3239 4679 3490 4750 quare
3552 4682 3782 4754 repu-
3861 4635 4098 4746 ηἶῗιῗὲἒι

2241 4772 2436 4858 gnat
2486 4773 2888 4842 creaturae
2933 4772 3377 4863 producere
3430 4776 3781 4867 aliquem
3833 4750 4109 4800 mum·

2242 4885 2614 4958 effectum
2683 4889 2947 4959 totum
2991 4892 3072 4961 et
3116 4890 3512 4977 totaliter,
3557 4895 3781 4967 nullo

2242 5002 2418 5095 ejus
2490 5004 3112 5096 praesupposito,
3194 5027 3377 5080 cum
3447 5011 3784 5102 quilibet

2243 5119 2580 5193 effectus
2626 5120 2731 5193 sit
2791 5120 3356 5213 imperfectior
3413 5127 3559 5200 tali
3604 5151 3786 5203 cau·

2247 5256 2336 5308 sa
2369 5241 2681 5327 agente,
2734 5242 2816 5311 et
2856 5258 3001 5330 per
3049 5260 3549 5334 consequens
3614 5267 3789 5339 pos-

2248 5354 2353 5426 sit
2397 5353 2798 5429 contineri
2850 5355 2928 5427 in
3005 5377 3099 5428 ea
3166 5358 3644 5444 eminenter,
3690 5384 3783 5438 ac

2248 5492 2393 5566 per
2442 5472 2591 5545 hoc
2634 5472 3109 5547 virtualiter
3154 5480 3235 5549 et
3275 5477 3564 5550 active.
3619 5482 3786 5557 Hoc

2248 5591 2473 5681 patet
2535 5588 3007 5683 explicando
3065 5612 3355 5667 causas
3396 5595 3781 5684 effectus,
