4287 6313
614 409 686 474 10
1720 408 1864 472 1213.
1899 410 1999 471 lv.
2031 406 2650 471 SENTENTIARUM.

614 572 810 645 ordo
882 573 1035 646 iste
1102 571 1354 647 fuerit
1423 592 1687 645 causae
1738 571 1831 642 ad
1881 587 2158 641 causa-

610 690 809 771 tum,
855 689 981 761 vel
1042 688 1253 780 signi
1316 693 1636 762 tantum
1698 688 1791 759 ad
1853 685 2159 777 signifi-

609 809 908 887 catum,
954 803 1389 879 difficultas
1434 805 1704 877 oritur
1758 802 2161 898 principa-

611 919 801 992 liter
868 943 966 993 ex
1033 922 1338 994 duobus
1410 946 1425 991 ε
1502 940 1849 1012 quorum
1909 939 2158 990 unum

610 1042 734 1110 est
784 1040 1189 1128 generale,
1264 1038 1577 1111 scilicet
1641 1039 1732 1110 de
1794 1035 2159 1129 potentia

612 1160 1017 1229 creaturae
1087 1156 1180 1229 ad
1248 1155 1684 1229 creandum
1752 1153 2152 1247 gratiam;

614 1272 1045 1344 secundum
1141 1275 1266 1346 est
1326 1267 1762 1363 speciale,
1845 1267 2160 1342 scilicet

360 1447 500 1497 Ordo
619 1388 955 1480 propria
985 1387 1197 1460 ratio
1239 1392 1318 1462 et
1358 1386 1835 1460 excellentia
1878 1389 2159 1457 Sacra-

269 1507 600 1620 dioenidg‘rum
625 1504 873 1576 menti
924 1505 1017 1576 ad
1066 1503 1730 1576 sanctificandum
1772 1501 2154 1573 animam.

298 1637 392 1684 11⁸0
433 1634 555 1686 dist.
621 1621 1068 1695 Secundum
1159 1620 1307 1693 hoc
1401 1620 1658 1711 igitur
1737 1618 1814 1690 in
1896 1618 2160 1710 prima

614 1737 1158 1819 distinctione,
1242 1736 1400 1827 (ubi
1469 1737 1559 1808 de
1628 1737 2157 1809 sacramento

611 1853 888 1945 agitur
929 1853 1008 1927 in
1062 1852 1495 1935 communi,
1558 1858 1639 1925 et
1701 1871 1846 1944 per
1886 1870 2159 1923 conse-

611 1992 859 2063 quens
917 1972 1008 2042 de
1073 1970 1349 2042 ordine
1391 1970 1565 2061 ejus
1627 1970 1721 2040 ad
1773 1966 2158 2059 gratiam)

611 2087 1179 2179 principaliter
1232 2090 1357 2159 est
1398 2086 1939 2157 tractandum.
1990 2082 2158 2154 Pri-

613 2224 741 2275 mo
784 2205 1186 2295 quaeritur
1220 2203 1297 2275 in
1332 2200 1768 2281 communi,
1806 2219 1907 2271 an
1940 2217 2159 2271 crea·

608 2324 797 2393 tura
860 2318 1118 2412 possit
1174 2318 1474 2390 habere
1535 2317 1891 2410 aliquam
1963 2316 2164 2389 acti-

611 2455 841 2508 onem
900 2438 1268 2528 respectu
1318 2432 1648 2507 termini
1684 2432 2155 2505 creationis.

611 2552 969 2626 Secundo
1010 2552 1101 2624 de
1139 2551 1474 2644 propria
1520 2550 1835 2623 ratione
1880 2552 2162 2623 Sacra-

615 2668 862 2742 menti
921 2673 1000 2742 et
1059 2668 1234 2761 ejus
1289 2665 1828 2741 institutione.
1884 2664 2159 2738 Tertio

611 2805 711 2856 ex
773 2785 979 2868 istis,
1061 2784 1125 2856 si
1200 2786 1822 2857 Sacramentum
1895 2785 2162 2874 potest

614 2902 904 2974 habere
993 2905 1364 2994 respectu
1436 2899 1728 2991 gratiae
1797 2897 2160 2971 creandae

613 3018 968 3110 aliquam
1002 3016 1600 3089 causalitatem.

1072 3287 1706 3351 COMMENTARIUS.

294 3487 508 3604 Para¹fiol
694 3485 780 3566 (a)
850 3486 1311 3547 Samaritanus
1372 3483 1509 3556 ille,
1574 3487 1699 3543 etc.
1769 3481 1878 3544 Hic
1922 3483 2163 3543 Doctor

512 3573 564 3607 θ’
614 3620 951 3665 assumens
996 3601 1441 3680 praefationem
1498 3600 1780 3679 Magistri
1838 3603 1904 3660 in
1956 3616 2158 3674 quar·

611 3724 748 3778 tum
792 3720 1295 3790 Sententiarum,
1344 3715 1629 3791 applicat
1684 3711 1995 3775 eumdem
2050 3730 2162 3773 or-

615 3835 866 3907 dinem,
900 3840 966 3895 et
1000 3832 1526 3893 distributionem
1557 3829 1774 3909 operis
1806 3829 1999 3891 totius
2044 3846 2159 3890 ex-

609 3953 921 4032 primens,
999 3948 1228 4010 alludit
1297 3951 1579 4026 uterque
1638 3926 1722 4007 ad
1780 3947 2160 4023 parabolam

610 4070 787 4131 illam
820 4066 1227 4139 Samaritani,
1265 4068 1443 4126 Lucae
1479 4065 1571 4126 10.
1597 4063 1788 4142 juxta
1820 4063 2164 4141 mysticam

609 4188 1239 4264 interpretationem,
1278 4198 1423 4260 quae
1452 4179 1989 4242 accommodatur
2017 4180 2163 4258 lap-

610 4302 712 4363 sui
735 4306 801 4362 et
821 4297 1258 4375 redemptioni
1289 4296 1556 4375 generis
1576 4294 1960 4369 humani,ex
1990 4311 2162 4356 com·

609 4420 787 4481 muni
846 4417 1108 4479 Patrum
1166 4416 1519 4487 sententia,
1570 4412 1875 4492 Origenis
1935 4413 2159 4474 homil.

320 4537 557 4587 Nazianz.
610 4538 677 4597 in
722 4540 984 4608 Lucam,
1020 4530 1406 4593 Nazianzent
1440 4533 1617 4591 Orat.
1655 4531 1714 4590 4.
1753 4532 1830 4591 de
1865 4528 2157 4603 Theoloy.

289 4601 554 4726 (ὶιιιιῗξῖἑιέι.
616 4650 825 4712 Basilii
879 4651 1048 4710 hom.
1115 4649 1184 4708 in
1243 4647 1469 4722 aliqua
1533 4646 1923 4720 Secrzpturae
1992 4643 2158 4716 loca,

310 4730 545 4776 Ambros.
1041 4766 1052 4777 .
1392 4762 1404 4774 .

318 4788 531 4840 Hieron.
614 4769 1055 4847 chrysostomi
1102 4763 1325 4824 homil.
1376 4778 1443 4823 m
1490 4761 1782 4823 eumdem
1819 4761 2056 4833 locum,
2106 4766 2164 4822 et

322 4854 438 4964 ἓξὲξ
443 4856 541 4964 “5131
617 4887 684 4946 in
724 4879 948 4942 homil.
983 4880 1058 4939 de
1086 4877 1406 4939 Anatltem.
1453 4876 1773 4937 Ambrosii
1805 4876 1869 4936 in
1899 4878 2159 4949 Lucam,

285 4978 566 5103 Thlggpffil·
621 4998 991 5077 Hieronym.
1021 4995 1213 5070 Epist.
1242 4995 1331 5055 ad
1359 4992 1715 5065 Fabiolam,
1750 4997 1805 5054 et
1835 4995 1901 5054 in
1930 5007 2157 5055 comm,

299 5103 557 5155 Boi-nard.
613 5138 756 5197 cap.
816 5118 917 5181 20.
979 5116 1277 5188 Matthaei,
1344 5111 1687 5193 Augustini
1732 5129 1925 5175 serm.
1970 5115 2030 5174 7.
2085 5115 2164 5174 de

611 5237 822 5299 verbis
864 5237 1123 5297 Domini
1150 5234 1216 5293 in
1257 5235 1513 5304 Lucam,
1561 5236 1618 5289 et
1665 5230 1777 5292 lib.
1822 5231 1886 5292 2.
1940 5236 2156 5306 quaest.

615 5353 916 5432 Evanyel.
966 5369 1109 5428 cap.
1144 5352 1238 5413 19.
1274 5348 1572 5428 Gregorii
1611 5346 1723 5408 lib.
1776 5347 1877 5409 20.
1928 5346 2155 5408 Moral.

616 5490 757 5549 cap.
803 5474 905 5534 27.
960 5468 1171 5539 Redin,
1230 5464 1697 5545 'theophylacti
1741 5467 1809 5525 in
1865 5466 2162 5526 eumdem

619 5591 855 5662 locum,
912 5583 1227 5651 Bernardi
1282 5598 1474 5646 serm.
1541 5584 1595 5645 l.
1658 5583 1736 5647 de
1793 5583 2159 5646 Annuntiat.

2271 571 2341 631 B.
2397 571 2650 646 Μανίου,
2713 574 2781 631 et
2823 570 3091 633 aliorum
3139 572 3591 648 interpretum,
3640 570 3818 650 apud

2271 702 2437 764 quos
2469 686 2988 749 accommodatio
3022 686 3151 767 legi
3182 691 3422 764 potest,
3469 685 3813 748 reddendo

2268 800 2527 882 singula
2557 803 2859 883 singulis

2350 927 2551 985 Homo
2620 927 2992 988 descendens
3060 925 3140 986 ab
3209 925 3594 997 Jerusalem,
3669 924 3812 1004 quae
3859 939 4162 1006 Acoommo·

2272 1040 2772 1117 interpretratur
2815 1044 2999 1118 pacis
3047 1042 3230 1116 visi0,
3258 1046 3358 1102 est
3383 1040 3613 1112 Adam,
3663 1057 3811 1101 cum
3928 1000 4088 1052 datio.

2270 1159 2445 1219 omni
2501 1173 2621 1219 sua
2678 1159 3088 1236 posteritate,
3155 1164 3428 1236 peccato
3501 1158 3726 1237 lapsus
3780 1174 3816 1218 a

2272 1276 2556 1338 culmine
2612 1291 2745 1338 suae
2795 1276 3210 1348 innocentiae,
3259 1277 3325 1337 in
3383 1291 3513 1354 qua
3560 1292 3817 1337 summa

2272 1407 2437 1469 pace
2466 1388 2827 1464 fruebatur,
2876 1398 2947 1452 ut
2976 1392 3382 1470 Augustinus
3412 1391 3522 1451 lib.
3556 1392 3634 1452 de
3666 1395 3818 1452 Cor·

2271 1512 2433 1583 rept.
2481 1512 2536 1567 et
2577 1512 2749 1583 qrat.
2797 1524 2938 1581 cap.
2979 1507 3067 1567 11.
3102 1512 3158 1567 et
3202 1506 3369 1567 alibi
3392 1524 3554 1582 saepe
3597 1504 3812 1567 docet.

2270 1623 2394 1684 Per
2451 1624 2706 1685 Jericho
2775 1622 3178 1703 significatur
3244 1624 3811 1700 status'peccati;

2267 1737 2524 1804 Iericho
2595 1740 2770 1801 enim
2839 1740 3310 1816 interpretatur
3386 1740 3587 1808 Luna,
3677 1753 3817 1815 quae

2269 1858 2624 1921 menstruis
2693 1856 3187 1929 mutationibus»,
3260 1855 3681 1915 incrementis
3755 1860 3819 1915 et

2273 1970 2710 2032 decrementis
2766 1968 3090 2045 subiacet,
3151 1974 3219 2029 et
3272 1967 3550 2046 proinde
3603 1966 3818 2029 Eccle-

2270 2088 2446 2148 siast.
2496 2087 2596 2147 27.
2656 2091 3067 2162 comparatur
3109 2085 3169 2147 ei
3209 2085 3446 2147 stultus
3491 2100 3615 2146 seu
3655 2100 3816 2161 pec-

2274 2207 2470 2262 cator.
2505 2202 2808 2261 Latrones
2835 2200 2901 2260 in
2934 2216 3099 2278 quos
3129 2198 3352 2261 incidit
3380 2205 3532 2283 sunt
3564 2200 3812 2261 Daemo·

2274 2333 2417 2390 neS,
2461 2316 2574 2395 qui
2610 2316 3102 2393 eoepoliaverunt
3152 2333 3303 2378 eum
3351 2317 3647 2393 gratuitis
3697 2333 3818 2393 per

2277 2439 2641 2511 peccatum.
2689 2433 3078 2495 Coelestinus
3124 2437 3177 2496 1.
3225 2435 3419 2510 Epist.
3465 2435 3525 2497 2.
3574 2451 3716 2509 cap.
3749 2437 3807 2494 4.

2269 2548 2720 2612 Tridentinum
2752 2563 2898 2609 sess.
2948 2549 3006 2609 5.
3049 2566 3191 2610 can.
3244 2552 3298 2610 l.
3345 2564 3587 2625 nempe
3616 2548 3808 2628 justi-

2277 2668 2362 2728 tia
2405 2666 2728 2746 originali,
2776 2671 2842 2727 et
2884 2664 3024 2727 aliis
3074 2665 3284 2741 doniS,
3340 2683 3483 2744 quae
3527 2664 3815 2727 bonitate

2271 2784 2374 2845 sui
2404 2782 2724 2845 Creatoris
2756 2783 3032 2860 accepit,
3071 2800 3201 2844 non
3231 2783 3510 2861 propriis
3537 2782 3816 2858 meritis;

2271 2900 2772 2963 vulneraverunt
2846 2915 3000 2961 eum
3063 2899 3132 2961 in
3188 2901 3613 2974 naturalibuS,
3672 2902 3823 2979 quia

2272 3020 2618 3080 secundum
2674 3032 2909 3093 corpus
2963 3020 3020 3076 et
3076 3020 3367 3078 animam
3427 3017 3494 3077 in
3550 3018 3829 3079 deterius

2274 3137 2761 3197 commutatum.
2808 3132 3282 3194 Arausicanum
3355 3149 3497 3195 can.
3572 3135 3625 3197 l.
3686 3134 3828 3196 Tri-

2275 3253 2621 3315 dentinum
2661 3264 2887 3324 supra.
2934 3249 3057 3310 Per
3099 3251 3383 3311 Levitam
3412 3256 3469 3311 et
3500 3253 3820 3314 Sacerdo-

2273 3375 2422 3442 tem,
2480 3369 2590 3447 qui
2626 3367 2962 3448 jacentem
3015 3378 3082 3429 et
3128 3368 3494 3428 sauciatum
3545 3368 3822 3444 praeteri-

2276 3495 2492 3560 erunt,
2541 3487 2927 3567 designatur
2993 3487 3095 3547 lex
3169 3486 3472 3559 Mosaica,
3541 3489 3818 3566 ejusque

2267 3606 2603 3671 infirmitas
2651 3605 2737 3667 ad
2787 3604 3155 3667 sanandum
3196 3605 3530 3666 bominem
3573 3621 3609 3665 a
3655 3621 3811 3683 pec-

2274 3730 2444 3797 cate,
2477 3726 2551 3783 ut
2579 3725 2758 3800 patet
2786 3737 2862 3782 ex
2888 3719 3267 3782 Tridentino
3298 3736 3446 3780 sess.
3477 3719 3538 3780 6.
3574 3737 3715 3796 cap.
3758 3723 3807 3781 l.

2275 3845 2331 3900 et
2383 3855 2526 3900 can.
2597 3841 2649 3899 l.
2719 3837 3179 3898 Samaritanus
3234 3839 3455 3896 autem
3513 3835 3810 3908 veniens,

2277 3953 2383 4030 qui
2442 3967 2664 4013 curam
2718 3952 2861 4030 eJus
2914 3950 3141 4029 gessit,
3209 3950 3592 4028 intelligitur
3645 3949 3813 4012 filius
3879 3934 4171 4048 3212?ng-

2279 4068 2415 4142 Dei,
2450 4066 2713 4146 quando
2742 4069 2920 4130 venit
2945 4066 3286 4144 plenitudo
3326 4067 3635 4144 temporis
3667 4070 3813 4130 mis·
3879 4075 4111 4172 Chfigfus

2274 4199 2386 4245 sus
2431 4201 2468 4244 a
2511 4184 2695 4244 Patre
2745 4181 3335 4244 misericordiarum
3380 4181 3465 4243 ad
3492 4183 3815 4257 homineS,

2274 4303 2347 4360 ut
2373 4298 2664 4372 JudaeOS,
2698 4299 2810 4376 qui
2855 4297 2975 4358 sub
3006 4297 3160 4376 lege
3194 4301 3403 4370 erant,
3436 4298 3818 4373 redimeret,

2277 4422 2345 4481 et
2387 4417 2654 4489 GenteS‚
2688 4430 2827 4491 quae
2859 4429 2992 4475 non
3021 4412 3446 4474 sectabantur
3476 4413 3817 4494 justitiam,

2267 4531 2581 4612 justitiam
2656 4526 3259 4606 apprehenderent,
3331 4532 3530 4605 atque
3588 4545 3820 4590 omnes

2279 4645 2696 4725 adoptionem
2739 4642 3019 4705 filiorum
3067 4643 3185 4704 Dei
3239 4649 3737 4722 recuperarent.

2355 4764 2447 4844 (b)
2494 4767 2582 4823 De
2616 4763 2740 4823 ista
2774 4762 2985 4823 saucii
3017 4766 3361 4835 sanatione,
3409 4764 3534 4821 etc.
3583 4758 3818 4823 Reddit
3969 4800 3998 4849 2

3850 1542 4163 1608 Augustinus

3845 2402 4163 2457 Caelestinus.

3861 3809 4142 3862 Infirmitas

3921 3871 4067 3935 legis·

2274 4884 2594 4945 rationem
2627 4877 2893 4951 ordinis,
2943 4893 3140 4956 quem
3186 4877 3485 4956 sequitur
3513 4877 3819 4956 Magister
3884 4839 4139 4988 Mffgg‘t’ri·

2272 4997 2339 5058 in
2396 4996 2580 5057 libris
2625 4996 3126 5064 Sententiarum,
3168 4994 3359 5074 juxta
3409 4993 3707 5055 ordinem
3752 4995 3818 5054 in

2273 5129 2548 5192 genere,
2592 5129 2722 5191 quo
2774 5116 3091 5173 creaturae
3137 5112 3203 5169 in
3249 5112 3451 5170 Deum
3484 5108 3812 5172 reducun-

2273 5239 2397 5302 tur,
2457 5236 2768 5310 tanquam
2812 5228 3197 5306 principium
3248 5232 3313 5288 et
3360 5228 3581 5302 finem,
3611 5230 3819 5308 Alpha

2276 5353 2342 5411 et
2386 5349 2662 5427 Omega,
2699 5346 3077 5423 Apocalyps.
3130 5348 3182 5406 1.

2354 5467 2421 5526 ln
2473 5466 2689 5541 primo
2753 5464 2863 5525 tib.
2923 5465 3200 5524 Sentent.
3248 5461 3464 5543 agitur
3507 5460 3590 5524 de
3635 5462 3815 5539 prin·
3910 5470 4119 5524 Primus

2278 5582 2445 5659 cipio
2493 5580 2574 5644 ad
2621 5581 2784 5643 intra
2819 5586 2881 5642 et
2912 5584 3117 5656 extra,
3152 5578 3398 5644 scilicet
3443 5580 3526 5643 de
3570 5581 3707 5644 Deo
3748 5580 3813 5643 in
3875 5534 4093 5648 sessffl.
