4287 6313
289 957 535 1008 Creatura

325 1026 485 1069 movet

270 1097 555 1132 occasmna-

363 1145 465 1194 tivo

277 1207 341 1258 ad
371 1220 551 1270 cogno·

285 1271 527 1320 scendum

312 1334 474 1383 Deum
485 1369 499 1384 .

258 3573 515 3632 Quomodo

291 3638 378 3686 fiat
399 3635 485 3686 illa

265 3697 518 3764 cognitio?

612 330 692 400 82

593 512 751 579 tam,
797 499 1035 567 falsum
1075 503 1454 580 assumitur,
1493 499 1645 587 quia
1680 500 1775 565 sic
1807 518 2142 584 nunquam

592 616 1014 683 deveniretur
1075 616 1138 682 in
1189 617 1631 703 cognitionem
1674 616 1787 681 Dei
1842 635 1957 702 per
2004 635 2146 680 cre-

595 745 872 812 aturam,
921 732 1047 799 nisi
1088 754 1202 818 per
1275 734 1451 799 viam
1518 731 1996 819 dependentiae,
2058 749 2141 796 ex

596 870 721 937 qua
773 849 1063 935 procedit
1095 850 1561 935 Philosophus,

683 966 790 1031 Sic
886 979 1102 1031 autem
1187 964 1645 1051 cognoscendo
1714 969 1917 1030 Deum
2014 981 2142 1027 non

597 1097 815 1148 movet
845 1096 1140 1149 creatura
1189 1082 1266 1148 ad
1298 1082 1742 1168 cognitionem
1788 1081 1958 1169 ejuS,
2016 1079 2141 1144 nisi

596 1199 1096 1279 occasionative,
1164 1210 1227 1264 et
1276 1209 1584 1284 tanquam
1652 1196 1815 1263 ratio
1868 1214 2143 1283 cognos-

595 1314 782 1380 cendi
826 1315 1111 1401 cognita,
1158 1335 1288 1380 non
1337 1326 1553 1379 autem
1608 1325 1917 1400 tanquam
1976 1310 2137 1377 ratio

597 1450 724 1495 non
790 1429 1051 1515 cognita
1121 1429 1330 1516 primo
1390 1449 1662 1494 movens
1720 1426 1798 1493 ad
1857 1426 2135 1513 cogniti-

585 1566 779 1611 onem
863 1546 1040 1631 ejus;
1123 1544 1295 1611 unde
1395 1565 1522 1610 non
1622 1552 2137 1629 cognosceretur

587 1664 756 1726 Deus
788 1681 958 1737 esse,
992 1660 1116 1725 nisi
1157 1671 1664 1746 cognosceretur
1704 1656 2137 1743 dependentia

583 1789 902 1844 creaturae
945 1776 1022 1844 ad
1083 1774 1356 1862 aliquid,
1404 1774 1574 1862 quod
1619 1774 1876 1841 excedit
1924 1784 2131 1839 totum

581 1913 793 1979 genus
832 1892 1002 1959 entis
1061 1892 1288 1958 creati.
1336 1893 1564 1978 Neque
1605 1903 1881 1971 motum,
1919 1910 2135 1977 neque

581 2009 879 2076 ordinem
912 2029 1256 2076 causarum
1288 2007 1630 2074 reduceret
1683 2006 2133 2093 Philosophus

581 2124 659 2190 ad
716 2125 977 2212 aliquod
1037 2124 1366 2203 ultimum,
1412 2123 1538 2189 nisi
1608 2143 1691 2189 ex
1756 2123 2132 2209 cognitione

582 2255 921 2319 creaturae,
960 2242 1024 2306 in
1068 2260 1195 2327 qua
1236 2260 1366 2305 non
1400 2240 1654 2305 invenit
1714 2237 1962 2325 aliquid
2017 2259 2132 2324 per

585 2378 658 2424 se
687 2357 1012 2436 ultimum,
1076 2356 1247 2445 quod
1324 2356 1728 2422 causalitatis
1791 2368 1854 2421 et
1906 2368 2126 2421 motus

585 2471 1084 2559 dependentiam
1128 2472 1360 2539 ultimo
1424 2472 1826 2537 terminaret.
1877 2472 1954 2536 Et
2003 2471 2127 2536 hoc

583 2600 756 2674 patet
796 2588 989 2654 etiam
1024 2608 1104 2654 ex
1135 2587 1835 2668 demonstrationibus,
1880 2586 2126 2674 quibus

581 2705 893 2792 Theologi
929 2707 1205 2793 probant
1239 2710 1438 2771 Deum
1471 2725 1640 2785 esse,
1686 2704 1828 2770 sive
1861 2700 2127 2769 morali-

579 2820 726 2899 buS,
791 2821 935 2887 sive
984 2822 1280 2908 Physicis
1321 2833 1384 2886 et
1437 2819 1926 2906 Metaphysicis,
1975 2840 2125 2906 quae

576 2936 900 3022 incipiunt
930 2958 1013 3003 ex
1040 2948 1357 3013 creatura,
1383 2933 1482 3002 'ut
1511 2936 1774 3021 cognita
1800 2958 1815 3014 ;
1868 2934 2122 3000 sublato

573 3051 750 3117 enim
816 3052 1043 3118 ordine
1109 3051 1441 3119 essentiali
1520 3070 1896 3131 causarum,
1989 3064 2119 3115 tam

576 3168 965 3234 naturalium
1000 3189 1193 3254 quam
1238 3167 1606 3246 moralium,
1643 3166 1941 3233 aufertur
1981 3188 2118 3233 me-

574 3282 754 3350 dium
785 3282 1273 3350 demonstrandi
1307 3286 1508 3349 Deum
1542 3303 1731 3359 esse;
1778 3303 1859 3347 ex
1892 3281 2119 3368 cogni-

578 3401 754 3467 tione
806 3421 962 3487 ergo
1021 3413 1339 3466 creaturae
1396 3398 1689 3485 assurgit
1745 3398 2117 3464 intellectus

579 3538 694 3603 per
722 3517 937 3583 varias
968 3515 1344 3582 collationes
1393 3526 1455 3581 et
1495 3514 1837 3580 discursus
1869 3514 1947 3579 ad
1981 3515 2117 3580 for-

579 3630 885 3696 mandum
958 3641 1342 3715 conceptum
1420 3629 1751 3715 proprium
1816 3629 1928 3696 Dei
1989 3632 2113 3697 sub

571 3747 822 3813 ratione
851 3746 1019 3813 entis
1066 3744 1327 3820 infiniti,
1390 3744 1620 3830 primae
1660 3765 1900 3826 causae,
1964 3745 2112 3812 ulti-

567 3863 658 3928 mi
702 3863 876 3942 finis,
920 3874 1042 3928 etc.
1107 3860 1335 3927 Habita
1390 3871 1608 3927 autem
1666 3860 2110 3929 intellectione

561 3979 685 4044 hac
723 3977 980 4065 propria
1024 3976 1158 4055 Dei,
1205 3976 1377 4043 sicut
1442 3975 1547 4041 via
1593 3988 1844 4043 naturae
1886 3977 2105 4044 inves-

557 4094 749 4180 tigari
787 4099 1020 4178 potest,
1062 4097 1229 4158 Deus
1273 4104 1341 4158 ut
1407 4092 1711 4179 cognitus
1767 4093 1961 4158 habet
2001 4113 2105 4158 ra-

556 4210 796 4276 tionem
828 4208 1060 4293 objecti
1116 4207 1340 4272 motivi
1378 4219 1676 4291 respectu
1731 4207 2101 4274 intellectus
2138 4243 2143 4248 ·

553 4337 617 4392 et
651 4325 1002 4392 voluntatis
1043 4325 1108 4389 in
1140 4335 1310 4390 statu
1346 4334 1618 4402 naturae,
1656 4321 1825 4388 sicut
1878 4344 2100 4410 proce-

554 4442 764 4509 dendo
794 4442 870 4507 ad
913 4461 1174 4508 causam
1221 4460 1302 4505 ex
1352 4438 1610 4519 effectu,
1669 4439 1954 4523 primum
1987 4439 2100 4505 de·

553 4560 815 4626 venitur
842 4558 920 4624 ad
951 4555 1392 4643 cognitionem
1456 4554 1787 4640 propriam
1845 4575 2094 4638 causae,

552 4695 633 4740 ex
673 4674 797 4738 hoc
825 4685 1040 4737 autem
1079 4668 1386 4753 deinceps
1427 4667 1802 4753 proceditur
1836 4688 1871 4734 a
1925 4669 2097 4755 prio-

554 4789 606 4855 ri
639 4810 752 4875 per
790 4806 1052 4854 causam
1086 4783 1163 4849 ad
1203 4784 1537 4853 effectum.

641 4904 821 4972 Unde
855 4923 982 4969 non
1022 4902 1234 4967 solum
1283 4901 1611 4985 objectum
1654 4900 1899 4982 dicitur
1959 4922 2092 4967 mo-

548 5022 782 5101 tivum,
819 5030 1141 5105 quatenus
1181 5014 1247 5081 in
1307 5036 1380 5081 se
1410 5028 1630 5081 movet
1688 5014 2085 5095 immediate,

547 5136 649 5204 vel
680 5135 873 5201 etiam
909 5134 974 5199 in
1004 5153 1120 5199 sua
1154 5131 1370 5219 specie
1401 5132 1747 5218 impressa,
1782 5132 1896 5197 sed
1930 5153 2090 5220 qua-

545 5266 733 5321 tenus
811 5260 1028 5316 movet
1093 5249 1160 5314 in
1227 5247 1459 5315 effectu
1511 5248 1591 5314 ad
1640 5248 2084 5335 cognitionem

541 5370 668 5449 sui,
724 5367 826 5434 vel
879 5367 945 5432 in
993 5365 1210 5454 specie
1268 5385 1618 5451 expressa;
1681 5366 1776 5432 sic
1859 5387 2083 5454 appre-

543 5487 892 5556 hensiones
983 5492 1253 5568 causant
1329 5481 1771 5569 cognitionem
1842 5483 2082 5569 princi-

1752 334 1898 399 LIB.
1927 334 2030 398 IV.
2075 332 2673 400 SENTENTIARUM

2261 497 2373 584 pii.
2409 509 2473 563 et
2554 497 2842 585 cognitio
2910 494 3380 584 principiorum
3448 513 3795 562 assensum

2254 611 2715 679 conclusionis.
2781 612 2949 692 Dixi,
3011 623 3082 677 ut
3132 621 3346 677 movet
3394 612 3470 676 in
3529 613 3791 696 effectu,
3956 639 3985 669 ο

2257 750 2384 796 non
2418 730 2588 817 quod
2629 730 2897 798 effectus
2937 729 3296 797 secundum
3339 728 3655 795 rationem
3689 726 3798 791 ab·

2254 847 2533 913 solutam
2611 845 2780 913 entis
2851 858 3073 913 causet
3143 845 3613 933 cognitionem,
3684 841 3796 909 sed

2254 975 2575 1049 quatenus
2640 984 2720 1029 ex
2786 963 3001 1050 aliqua
3067 962 3446 1030 conditione
3496 961 3793 1041 effectuS,

2254 1100 2403 1166 quae
2452 1080 2770 1147 redundat
2805 1081 2866 1145 in
2909 1101 3195 1159 causam,
3244 1091 3313 1146 ut
3364 1077 3797 1165 dependentia

2254 1197 2633 1282 pervenitur
2697 1197 2777 1263 ad
2837 1196 3280 1283 cognitionem
3358 1215 3604 1275 causae,
3641 1193 3796 1281 quia

2252 1312 2348 1379 sic
2397 1314 2669 1380 effectus
2729 1324 2948 1380 movet
2996 1313 3062 1379 in
3114 1313 3357 1379 virtute
3425 1332 3664 1379 causae.
3724 1311 3792 1376 Si

2249 1428 2426 1496 dicas
2465 1429 2643 1499 hunc
2676 1430 2938 1497 modum
2981 1429 3285 1497 sufficere
3315 1427 3395 1496 ad
3449 1426 3792 1494 beatitudi-

2248 1565 2398 1612 nem
2455 1546 2715 1633 Angeli,
2758 1559 3008 1627 contra,
3066 1545 3175 1612 hic
3228 1543 3461 1612 modus
3514 1563 3792 1631 cognos-

2247 1661 2429 1727 cendi
2489 1675 2589 1729 est
2645 1684 2761 1749 per
2819 1663 3214 1741 discursum,
3263 1682 3459 1750 quem
3504 1680 3631 1725 non
3681 1658 3790 1726 ad-

2249 1776 2513 1844 mittunt
2578 1778 2957 1865 Philosophi
3016 1778 3082 1844 in
3153 1776 3616 1863 Intelligentia,
3674 1796 3790 1842 nec

2244 1892 2488 1960 sufficit
2534 1893 2614 1960 ad
2662 1893 3151 1961 conclusionem
3206 1891 3616 1960 inferendam
3654 1890 3789 1957 sola

2241 2008 2675 2093 apprehensio
2708 2011 2844 2090 Dei,
2899 2021 2967 2075 ut
3004 2030 3220 2075 causae
3268 2008 3522 2094 primae,
3585 2026 3621 2071 a
3663 2025 3788 2092 qua

2240 2123 2628 2190 terminatur
2671 2123 3105 2211 dependentia
3137 2122 3601 2210 Intelligentiae
3646 2121 3790 2186 sine

2240 2237 2385 2304 aliis
2440 2239 2804 2325 principiis.
2853 2240 3096 2307 Deinde
3161 2239 3394 2306 saltem
3454 2237 3783 2324 objectum

2241 2354 2560 2421 motivum
2623 2355 3045 2423 beatitudinis
3090 2355 3212 2422 erit
3261 2358 3456 2433 DeuS,
3519 2366 3582 2420 et
3640 2374 3791 2420 con·

2239 2484 2588 2555 sequenter
2631 2472 3151 2559 distingueretur
3188 2471 3269 2537 ab
3326 2470 3612 2536 essentia
3657 2474 3784 2535 An-

2236 2584 2391 2670 geli‚
2437 2586 2691 2674 eritque
2743 2600 3001 2653 causata
3045 2586 3217 2674 quod
3270 2597 3371 2652 est
3429 2586 3779 2652 intentum.

2327 2700 2420 2766 Ad
2460 2702 3021 2769 confirmationem
3052 2702 3372 2768 dictorum
3404 2701 3653 2768 adduco
3684 2722 3782 2767 ra-

2237 2816 2479 2882 tionem
2524 2818 2816 2886 Doctoris
2861 2820 3018 2885 ini.
3073 2819 3142 2885 d.
3187 2822 3249 2885 8.
3296 2841 3357 2905 q.
3403 2821 3467 2884 2.
3518 2839 3667 2906 quae
3698 2838 3778 2885 ex

2235 2930 2425 2997 dictis
2456 2952 2584 2997 non
2624 2945 2724 2999 est
2773 2933 3179 3000 sufficienter
3254 2933 3604 3012 declarata,
3649 2944 3778 3000 est-

2232 3067 2359 3133 que
2397 3047 2545 3114 talis
2582 3071 2597 3114 ;
2642 3049 2804 3125 Quia
2844 3050 2898 3115 si
2942 3048 3294 3116 intellectio
3327 3049 3562 3136 Angeli
3605 3061 3776 3116 esset

2232 3183 2426 3230 suum
2465 3187 2619 3244 esse,
2679 3187 2806 3232 non
2836 3166 3232 3253 dependeret
3274 3166 3353 3232 ab
3408 3166 3626 3254 aliquo
3667 3166 3774 3232 ob·

2224 3277 2420 3364 ject0,
2487 3281 2610 3347 nisi
2672 3301 2708 3346 a
2765 3302 2894 3369 quo
2942 3281 3341 3368 dependeret
3377 3304 3570 3350 suum
3612 3303 3768 3360 esse,

2230 3406 2294 3459 et
2335 3397 2423 3462 ita
2480 3398 2640 3463 nihil
2685 3396 2958 3468 inferius
3007 3421 3099 3479 se,
3169 3420 3380 3487 neque
3430 3400 3635 3467 etiam
3699 3423 3770 3469 se

2229 3526 2448 3596 posset
2507 3514 2873 3602 intelligere
2911 3514 2978 3580 in
3028 3537 3271 3602 genere
3303 3516 3590 3605 proprie,
3644 3517 3755 3583 sed

2228 3638 2477 3694 tantum
2509 3629 2573 3694 in
2614 3630 2865 3716 objecto
2906 3632 3246 3718 superiore
3291 3645 3618 3712 movente,
3661 3632 3761 3698 vel

2227 3761 2418 3808 causa
2461 3744 2892 3829 producente;
2931 3746 3060 3812 imo
3092 3748 3254 3813 nihil
3298 3763 3520 3834 posset
3551 3749 3766 3838 aliqua

2225 3857 2660 3946 Intelligent.ia
2712 3861 3101 3949 intelligere,
3168 3864 3294 3931 nisi
3358 3866 3422 3931 in
3480 3869 3629 3946 Dec,
3666 3866 3770 3934 vel

2223 3994 2338 4060 per
2404 3977 2909 4045 intellectionem
2989 3979 3370 4067 productam
3450 3984 3530 4049 ab
3595 3984 3762 4071 ipse,

2220 4104 2350 4157 etc.
2395 4093 2648 4180 supple,
2686 4096 2941 4182 objecto
2974 4109 3304 4165 movente.

2309 4207 2494 4274 Ratio
2562 4210 2704 4276 haec
2761 4212 3092 4298 supponit,
3165 4214 3338 4302 quod
3409 4216 3764 4285 intellectio

2217 4336 2533 4392 creaturae
2569 4326 2891 4412 dependet
2920 4328 3001 4394 ab
3034 4330 3288 4416 objecto
3329 4332 3579 4400 motivo
3610 4355 3755 4414 su0;

2217 4439 2270 4503 si
2310 4457 2466 4523 ergo
2508 4439 2859 4510 intellectio
2899 4444 3041 4530 ejus
3082 4456 3181 4511 est
3211 4467 3328 4512 sua
3361 4450 3752 4529 substantia,

2214 4555 2357 4621 haec
2386 4567 2603 4622 autem
2653 4557 3033 4644 producitur
3070 4581 3106 4626 a
3148 4561 3286 4627 solo
3342 4566 3495 4641 Dec,
3542 4585 3577 4631 a
3625 4583 3755 4655 quo

2213 4669 2350 4735 solo
2380 4670 2722 4758 dependet,
2760 4672 2929 4739 sicut
2984 4675 3352 4742 substantia
3409 4679 3577 4765 ejuS,
3647 4681 3754 4747 cui

2211 4797 2310 4852 est
2345 4785 2571 4853 eadem
2601 4807 2637 4853 a
2675 4788 2813 4853 solo
2847 4791 2973 4854 Deo
3006 4787 3348 4874 dependet,
3387 4812 3569 4880 ergo,
3623 4805 3746 4861 etc.

2296 4903 2413 4967 Hic
2450 4915 2670 4986 posset
2698 4902 2778 4968 de
2819 4902 2988 4969 facili
3033 4904 3409 4992 impugnari
3466 4910 3749 4976 Durandi

2207 5017 2527 5082 sententia
2610 5016 2689 5084 de
2752 5018 3006 5106 objecto
3075 5020 3320 5086 motivo
3379 5022 3749 5093 intellectus
3774 5030 4140 5106 Impugnatur

2204 5130 2523 5216 Angelici,
2570 5133 2682 5200 sed
2726 5134 3066 5203 brevitatis
3097 5137 3308 5223 gratia
3358 5139 3421 5205 id
3465 5142 3750 5209 remitti-
3802 5102 4081 5213 ffss-ffgfiff

2204 5268 2350 5313 mus
2382 5248 2447 5314 in
2483 5250 2819 5337 proprium
2852 5252 3104 5330 locum;
3152 5268 3539 5341 sequeretur
3569 5259 3746 5326 enim

2201 5363 2375 5451 quod
2452 5365 2743 5451 Angelus
2801 5365 3198 5454 intelligeret
3254 5392 3369 5457 per
3444 5374 3746 5444 accidens

3926 2764 3990 2816 96
3999 2803 4013 2818 0

3886 2826 4039 2877 Ratio

3831 2890 4092 2945 Ductoris.

2198 5500 2451 5556 tantum
2487 5490 2739 5578 reliqua
2784 5511 2818 5556 a
2854 5512 2949 5570 se,
3007 5492 3062 5558 si
3109 5505 3360 5568 tantum
3416 5498 3539 5564 sub
3591 5500 3745 5567 rati·
