4287 6313
1613 377 1811 440 DlS'l'.
1861 379 1961 441 lV.
1998 381 2362 457 QUAEST10
2412 391 2536 451 vll.

3616 404 3741 469 ‘481

545 516 625 588 te
663 538 841 593 esse
892 522 1230 611 intenta,
1268 534 1499 605 actus
1535 534 1818 620 bonu8,
1904 560 2087 611 cum
2204 548 2374 628 ejuS,
2429 558 2491 613 et
2551 560 3073 632 acceptationem
3135 562 3485 640 diversam,
3551 568 3744 629 aliter
3847 592 4029 644 oblatae

544 652 697 725 quo
740 644 1165 719 concurrit
1243 650 1580 734 veniale,
1627 656 1750 726 est
1816 659 2086 731 minus
2200 667 2370 726 enim
2443 668 2564 735 fuit
2636 675 2879 750 passiO,
2978 683 3050 739 ut
3141 684 3406 757 praevisa
3485 689 3734 746 tantum
3774 664 4089 717 possetesse

541 753 934 846 intensus,
961 766 1040 837 et
1065 764 1239 838 ideo
1277 767 1540 841 minus
1577 772 2082 862 meritorius,

539 892 780 963 quam
851 877 1066 955 foret
1145 882 1317 955 sine
1388 886 1549 959 ullo
1599 891 1926 964 veniali.
1982 896 2082 967 Et

540 980 635 1051 ad
756 989 1268 1080 propositum
1377 996 1771 1086 sequitur,
1875 1002 2079 1092 quod

536 1097 881 1186 adultuS‚
928 1105 996 1177 si
1063 1127 1220 1181 non
1268 1112 1496 1203 ponit
1558 1114 1866 1187 obicem
1912 1138 2082 1210 pec-

535 1216 700 1288 cati
789 1223 1196 1307 mortalis,
1274 1229 1353 1299 et
1424 1227 1503 1300 in
1565 1233 2080 1325 susceptione

538 1331 940 1425 Baptismi
1019 1344 1450 1426 consentit,
1519 1346 1873 1439 aliquem
1921 1371 2080 1423 mo-

537 1449 709 1520 tum
751 1450 988 1528 habet
1020 1455 1605 1551 disponentem,
1645 1487 1801 1557 quo
1854 1472 2081 1542 caret

537 1568 953 1656 parvulus,
1026 1593 1184 1665 non
1238 1571 1615 1654 'obstante
1679 1584 1884 1674 quod
1944 1584 2080 1656 ille

410 1756 415 1759 Α
532 1682 823 1759 habeat
906 1691 1221 1764 veniale
1302 1704 1721 1788 peccatum
1805 1701 2073 1776 simul.

619 1802 734 1873 Ad
776 1813 1351 1895 argumentum
1428 1813 1627 1892 dico,
1669 1820 1873 1910 quod
1933 1822 2075 1893 Ba-

533 1917 878 2009 ptismus
922 1922 1103 2014 plus
1144 1926 1527 2020 dependet
1572 1950 1619 2002 a
1663 1933 2069 2019 ministro,

533 2034 628 2105 ad
668 2033 821 2109 hoc
874 2042 962 2113 ut
1032 2041 1137 2114 sit
1182 2046 1830 2135 Sacramentum,
1888 2053 2075 2144 quia

532 2145 613 2219 in
679 2170 776 2223 eo
856 2153 1347 2248 simpliciter
1429 2164 1886 2254 requiritur
1963 2167 2075 2240 in-

531 2266 829 2350 ten·tio;
912 2290 1074 2343 non
1170 2275 1284 2348 sic
1383 2277 1461 2349 in
1551 2281 2069 2374 suscipiente,

531 2386 718 2477 quia
785 2409 943 2461 non
1006 2396 1273 2484 potest
1343 2397 1462 2470 uti
1524 2400 1880 2484 ratione3
1941 2403 2074 2475 sed

529 2504 785 2594 quoad
851 2505 1028 2589 hoc,
1084 2511 1169 2581 ut
1212 2510 1341 2585 hic
1415 2514 1748 2591 effectus
1807 2519 2073 2612 major

524 2619 653 2691 vel
724 2623 993 2695 minor
1059 2627 1534 2721 recipiatur,
1621 2635 1880 2726 magis
1948 2638 2075 2709 de-

521 2726 805 2826 pendet
848 2758 895 2810 a
936 2738 1374 2834 baptizato.

979 3066 1615 3137 COMMENTARIUS.

302 3346 376 3437 5..
600 3333 687 3416 (c)
746 3340 833 3400 De
880 3340 1153 3401 secundo
1203 3348 1403 3417 potest
1459 3345 1611 3418 dici,
1661 3351 1787 3407 etc.
1838 3350 2061 3410 Decla-

180 3409 494 3607 Effilffigss'r‘e
520 3456 622 3513 rat
678 3453 1011 3531 quomodo
1075 3456 1280 3533 possit
1330 3463 1673 3535 provenire
1722 3464 2054 3542 inaequali-

174 3601 344 3657 posset
377 3612 496 3647 mae-
526 3572 623 3631 tas
664 3573 886 3650 gratiae
929 3588 1008 3634 ex
1054 3574 1493 3651 applicatione
1542 3576 1795 3640 diversa
1845 3598 2061 3645 causae

172 3658 496 3784 peffifflssssg,
522 3694 890 3768 meritoriae,
963 3714 1108 3776 quae
1166 3697 1507 3762 diversitas
1577 3707 1798 3778 potest
1885 3720 2059 3778 esse,

201 3785 471 3898 mezigwori-
522 3812 628 3874 vel
672 3828 756 3874 ex
814 3818 996 3892 parte
1046 3815 1406 3892 offerentis,
1467 3818 1570 3878 vel
1615 3834 1695 3879 ex
1730 3824 1917 3897 parte
1963 3822 2060 3882 rei

519 3928 775 3991 oblatae.
847 3929 937 3989 Ex
982 3936 1165 4007 parte
1229 3930 1588 4006 offerentis,
1650 3950 1895 4013 nempe
1941 3954 2057 3997 vo-

515 4043 789 4106 luntatis
833 4044 1088 4116 Christi,
1136 4062 1279 4125 quae
1336 4048 1522 4110 aliter
1570 4065 1686 4125 pro
1732 4052 2056 4129 reprobiS‚

514 4161 703 4224 aliter
730 4179 847 4239 pro
895 4163 1366 4250 praedestinatis
1410 4166 1873 4252 obtulit-suam
1918 4188 2061 4248 pas·

168 4334 246 4383 Ex
278 4333 482 4395 speciali
514 4277 792 4353 sionem,
840 4281 993 4359 quia
1037 4297 1154 4358 pro
1213 4281 1335 4343 illis
1383 4286 1697 4360 quantum
1744 4285 1827 4346 ad
1885 4285 2058 4348 suffi-

194 4393 449 4469 oblatione
515 4396 846 4468 cientiam,
893 4413 1010 4477 pro
1061 4397 1161 4458 his
1207 4397 1406 4458 etiam
1452 4406 1772 4476 quantum
1818 4401 1901 4462 ad
1961 4400 2055 4463 ef-

194 4471 456 4525 pasznoms.
511 4516 805 4579 ficaciam
890 4517 1148 4590 obtulit,
1239 4517 1392 4594 quia
1461 4522 1732 4596 propter
1817 4521 2062 4583 electos

513 4631 959 4713 principaliter
1035 4636 1232 4709 venit,
1297 4640 1364 4697 et
1433 4635 1517 4696 ad
1591 4638 2059 4714 complendum

516 4751 828 4814 effectum
893 4752 1123 4815 divinae
1166 4753 1781 4832 praedestinationiS,
1844 4760 1917 4816 ut
1970 4755 2060 4817 di·

513 4869 599 4930 cit
668 4869 956 4944 Doctor;
1030 4871 1121 4930 sic
1206 4873 1402 4932 etiam
1473 4874 1687 4949 potuit
1742 4871 2059 4932 obtulisse

516 4985 888 5064 passionem
962 5001 1144 5047 suam
1225 4984 1555 5050 efficacius
1627 5004 1743 5065 pro
1816 4988 2061 5066 aliquO,

509 5102 619 5180 qui
663 5101 986 5181 majorem
1018 5101 1102 5163 ad
1145 5103 1453 5181 gloriam,
1504 5109 1604 5166 est
1635 5103 2057 5182 praedestina-

516 5224 647 5291 tuS,
690 5221 881 5283 verbi
925 5221 1161 5300 gratia,
1205 5237 1322 5298 pro
1370 5230 1580 5284 matre
1624 5236 1765 5284 sua.
1798 5221 1873 5283 Et
1914 5221 2059 5282 baec

513 5332 610 5389 est
686 5332 919 5407 quarta
978 5326 1172 5406 hujus
1244 5329 1627 5406 quaestionis
1696 5326 2055 5394 conclusiO.

234 5431 421 5493 Quinta

178 5496 437 5550 conclusio
593 5444 951 5507 Diversitas
1022 5452 1245 5508 autem
1292 5462 1373 5508 ex
1432 5452 1617 5523 parte
1680 5448 1774 5508 rei
1830 5448 2063 5513 oblatae

188 5566 269 5616 Ex
304 5565 457 5628 parte
516 5563 845 5644 contingit
922 5563 1295 5626 secundum
1383 5561 1714 5626 diversum
1818 5571 2060 5636 statum

641 5677 792 5730 Tom.
844 5676 983 5732 xvl.

3775 716 4064 775 diversitas.

2190 790 2565 863 acceptata,
2615 791 2804 853 aliter
2842 800 2919 856 -ut
2967 797 3283 873 exhibita,
3343 801 3494 879 quia
3540 804 3734 865 obse·

2196 899 2423 976 quium
2466 908 2830 979 praestitum
2880 914 3091 990 magis
3123 918 3503 991 acceptatur
3534 935 3730 996 quam

2195 1018 2558 1091 praevisum.
2631 1022 2841 1086 Primo
2900 1024 3022 1088 fuit
3076 1031 3399 1107 applicata
3449 1033 3743 1097 Patribus

2194 1148 2314 1209 per
2359 1136 2656 1199 remedia
2703 1140 2868 1219 legis
2923 1148 3172 1207 naturae
3222 1155 3287 1207 et
3331 1150 3627 1229 scriptae3
3678 1160 3742 1215 et

2191 1249 2284 1308 sic
2355 1252 2713 1315 attenditur
2769 1258 3176 1338 inaequalitas
3255 1266 3484 1343 gratiae
3570 1266 3743 1328 inter

2193 1363 2770 1432 circumcisionem
2852 1379 2918 1435 et
3003 1377 3392 1454 Baptismum
3467 1391 3739 1459 propter

2191 1480 2582 1561 inaequalem
2668 1489 3176 1564 applicationem
3263 1510 3342 1555 ex
3401 1501 3587 1574 parte
3642 1500 3738 1560 rei

2192 1601 2447 1667 oblatae.
2508 1607 2584 1667 Et
2639 1608 2782 1670 haec
2830 1617 2930 1672 est
2961 1614 3187 1691 quinta
3240 1619 3573 1683 conclusio
3619 1623 3734 1683 hu·

2185 1718 2300 1798 jus
2387 1725 2828 1801 quaestionis·
2870 1730 2960 1790 Ex
3047 1734 3231 1812 cujus
3304 1733 3733 1800 fundamento

2191 1832 2460 1898 deducit
2531 1841 2722 1903 aliam
2806 1847 3240 1925 probabilem,
3315 1852 3467 1913 licet
3516 1852 3736 1916 incer-

2194 1957 2348 2028 tam,
2423 1974 2665 2036 nempe
2741 1978 2823 2021 ex
2921 1964 3155 2026 eadem
3247 1968 3499 2033 ratione
3605 1975 3724 2034 Ba·

2188 2067 2496 2145 ptismum
2571 2082 2722 2138 ante
2774 2080 3148 2155 passionem
3207 2101 3339 2146 non
3409 2087 3724 2150 habuisse
3807 2119 3816 2126 ·

2192 2178 2500 2240 eumdum
2578 2183 2888 2247 effectum
2945 2190 3191 2266 gratiae,
3250 2210 3450 2271 quem
3503 2195 3734 2260 habuit

2193 2305 2340 2373 post
2406 2301 2836 2377 Baptismum,
2913 2306 2994 2368 de
3047 2325 3177 2388 qua
3224 2327 3418 2388 supra
3493 2314 3622 2376 dixi
3667 2319 3732 2377 in

2186 2420 2538 2477 commento
2604 2423 2970 2495 quaestionis
3018 2426 3070 2485 1.
3141 2428 3285 2488 dise.
3334 2430 3391 2488 2.
3463 2432 3730 2494 tandem

2189 2516 2524 2590 concludit
2574 2539 2884 2611 quantum
2942 2539 3020 2599 ad
3068 2538 3336 2603 factum.
3401 2546 3463 2606 Si
3509 2552 3731 2607 autem

2168 2644 2392 2720 -prim'o
2451 2648 2674 2723 modo,
2729 2652 2981 2714 scilicet
3038 2662 3307 2734 propter
3366 2662 3725 2737 specialem

2181 2762 2580 2824 oblationem
2655 2766 2720 2827 in
2791 2770 3125 2832 voluntate
3191 2774 3445 2850 Christi,
3492 2779 3574 2841 stt
3619 2781 3726 2841 ali-

2182 2894 2311 2956 qua
2355 2867 2759 2960 inaequalitas
2829 2885 2894 2945 in
2966 2887 3292 2965 aliquibus
3344 2908 3519 2954 nunc
3603 2895 3725 2957 ba-

2180 2994 2457 3071 ptizatis,
2494 2997 2772 3060 dubium
2826 3005 2926 3062 est
2972 3001 3055 3064 de
3105 3004 3300 3080 fact0‚
3349 3009 3470 3070 sed
3514 3014 3720 3088 possi·

2174 3112 2389 3177 bilitas
2438 3120 2538 3178 est
2578 3121 2867 3197 ostensa,
2925 3126 3052 3183 etc.
3115 3126 3205 3186 Ex
3263 3126 3503 3206 quibus
3564 3146 3716 3192 con·
3751 3152 4075 3212 Nihildeflnit

2175 3235 2303 3292 stat
2359 3234 2711 3297 Ductorem
2757 3239 2915 3300 nihil
2960 3238 3234 3302 definire
3269 3248 3585 3320 quantum
3632 3244 3712 3306 ad
3822 3228 4030 3272 ⁰⁸¹¹²¹¹¹¹¹

3750 3300 3776 3335 a
3858 3286 4068 3346 sai-tum,

2172 3345 2441 3424 factum,
2491 3351 2612 3414 sed
2656 3355 2863 3417 solum
2911 3362 3231 3434 quantum
3265 3358 3346 3419 ad
3396 3361 3717 3436 possibili·
3750 3347 3838 3394 δρᾶ
3904 3350 4069 3419 quoad

2173 3469 2379 3528 tatem
2456 3470 2678 3546 quoad
2748 3475 3304 3552 inaequalitatem.
3335 3476 3559 3555 gratiae
3642 3493 3716 3538 ex
3751 3410 4032 3521 poszgffima

2173 3588 2357 3659 parte
2431 3601 2644 3649 causae
2692 3588 3065 3666 principalis
3126 3597 3192 3652 et
3264 3593 3630 3655 meritoriae.

2257 3700 2588 3763 Immerito
2647 3707 2872 3782 itaque
2946 3709 3141 3767 Sotus
3201 3709 3266 3768 in
3322 3712 3384 3771 4.
3444 3713 3588 3772 dist.
3651 3712 3710 3773 6.
3819 3709 3999 3823 Segia.

2170 3821 2386 3890 quaesl.
2454 3819 2508 3878 1.
2572 3825 2692 3878 art.
2741 3820 2802 3881 6.
2851 3827 3252 3883 assertorem
3314 3825 3511 3906 hujus
3568 3842 3716 3889 sen·
3775 3835 4043 3960 imzqnuuefft

2173 3932 2390 3995 tentiae
2447 3935 2799 3997 Doctorem
2850 3936 3027 4014 facit,
3090 3940 3258 4003 sicut
3300 3949 3364 4002 et
3421 3944 3718 4022 vasquez
3789 3961 4041 4075 Pi‘fffissm

2172 4050 2334 4124 disp.
2408 4051 2542 4112 135.
2616 4070 2755 4130 cap.
2812 4056 2871 4114 4.
2923 4060 2987 4115 et
3045 4057 3311 4133 quidam
3376 4060 3506 4133 alii,
3567 4064 3716 4138 quia
3767 4087 4037 4137 sententia.

2172 4163 2336 4225 nihil
2365 4169 2598 4227 asserit
2642 4169 2886 4229 Doctor
2933 4172 3151 4250 quoad
3186 4172 3455 4248 factum,
3505 4176 3719 4238 solum
4066 4168 4072 4174 ’

2173 4282 2543 4344 extendens
2615 4287 2999 4362 potentiam,
3076 4295 3146 4349 ut
3203 4290 3378 4352 bene
3439 4292 3721 4355 advertit

2175 4399 2368 4461 etiam
2440 4401 2838 4465 scholiastes
2887 4406 3304 4469 venerandus
3364 4425 3554 4471 meus
3587 4414 3714 4473 Ma·

2159 4517 2386 4596 gister
2481 4524 2547 4579 et
2627 4519 2835 4582 Pater.
2928 4521 3432 4587 Conclusionem
3514 4528 3720 4605 ipsam

2172 4639 2482 4696 asserunt
2526 4636 2642 4697 alii
2676 4637 2756 4698 ab
2805 4654 2882 4698 eo
2926 4639 3120 4712 citati,
3174 4648 3239 4703 et
3284 4658 3412 4720 prae
3471 4647 3720 4707 caeteris

2176 4752 2550 4815 Paludanus
2600 4762 2816 4831 quaest.
2883 4760 2937 4819 1.
2972 4763 3096 4820 art.
3144 4760 3202 4820 9.
3249 4776 3330 4821 ex
3387 4762 3510 4823 alio
3569 4762 3715 4825 fun—

2174 4869 2482 4931 damento
2540 4871 2607 4932 id
2667 4876 2901 4935 asserit
2958 4876 3022 4934 in
3069 4878 3374 4954 parvulis,
3411 4880 3523 4956 qui
3569 4889 3718 4942 ante

2178 5001 2373 5047 usum
2415 4986 2682 5049 rationis
2738 4989 3131 5064 moriuntur,
3164 4993 3315 5070 quia
3347 4997 3531 5071 putat
3576 5009 3717 5053 om-

2174 5119 2294 5164 nes
2360 5110 2489 5165 tam
2549 5106 2841 5183 Angelos
2905 5122 3102 5184 quam
3165 5107 3467 5171 homines
3542 5113 3719 5172 elec-

2153 5224 2278 5280 tos
2327 5236 2474 5282 esse
2508 5220 2591 5281 ad
2643 5222 3032 5299 inaequalem
3089 5225 3387 5302 gloriam,
3451 5233 3515 5288 et
3560 5245 3716 5290 con-

2176 5342 2551 5413 sequenter
2607 5338 2906 5417 gratiam.
2961 5339 3294 5418 Quidquid
3340 5344 3422 5403 sit
3471 5343 3554 5405 do
3599 5346 3719 5405 hac

2170 5454 2525 5524 sententia,
2589 5459 2657 5515 et
2715 5454 2858 5534 ejus
2954 5454 3402 5533 fundamento,
3493 5465 3715 5524 nescio

2177 5586 2307 5649 qua
2349 5572 2604 5634 ratione
2651 5574 2754 5634 alii
2797 5574 3172 5637 existiment
3216 5595 3360 5640 eam
3393 5595 3540 5641 esse
3572 5596 3711 5640 om-

3490 5692 3549 5741 31
