4287 6313
240 976 283 1008 9.

111 985 407 1151 οξέιέὶῗιιιιξὶἓ
463 1030 805 1094 Conclusio
837 1034 972 1095 haec
995 1039 1096 1097 est
1119 1034 1483 1097 communis
1513 1033 1735 1113 quoad
1765 1038 2012 1095 utrum-

104 1226 179 1277 D.

100 1289 175 1338 D.

1566 396 1743 458 Dls'r
1810 396 1908 456 Vl.
1948 395 2308 471 QUAESTlo
2346 398 2445 458 111.

879 706 1549 772 COMMENTARIUS.

543 915 628 996 (a)
685 920 775 978 De
842 921 1030 980 tertio
1104 921 1395 1012 membro
1467 919 1830 991 divisioni&
1879 925 2009 980 etc.

165 1163 394 1216 Alensis.
464 1164 593 1226 que
633 1151 1023 1226 membrum,
1097 1167 1376 1230 eamque
1426 1153 1740 1230 supponit
1771 1154 2015 1212 Doctor

233 1226 429 1340 {3331
466 1282 543 1326 ex
571 1270 895 1330 sententia
926 1270 1207 1344 Alensis,
1256 1271 1330 1329 D.
1364 1270 1644 1340 Thomae,
1680 1270 1755 1329 D.
1792 1269 2009 1330 Bona-

150 1349 403 1465 Βξζῗζξξὶ·
464 1388 775 1457 venturae,
835 1383 1158 1448 Richardi.
1217 1387 1373 1448 Eam
1405 1386 1602 1447 etiam
1647 1383 1845 1446 docet
1889 1386 2009 1446 So-

122 1476 416 1589 cgrffgffstiig-
469 1505 613 1573 tus;
686 1500 1032 1563 videantur
1100 1503 1261 1564 locis
1326 1502 1532 1563 citatis
1601 1502 1667 1564 in
1745 1500 2010 1562 scholiis

223 1601 316 1652 ¹¹³⁸·
464 1618 808 1694 praemissis
882 1619 1080 1699 hujus
1156 1619 1547 1698 quaestionis.
1622 1615 1809 1681 Ratio
1882 1622 2006 1693 est,

466 1736 616 1813 quia
664 1736 823 1797 nihil
872 1734 1090 1797 deficit
1131 1734 1215 1796 ad
1269 1736 1560 1797 valorem
1610 1733 2010 1796 sacramenti

462 1850 874 1927 requisitum,
927 1856 1243 1930 quantum
1271 1849 1354 1911 ad
1404 1852 1741 1913 materiam
1773 1855 1841 1912 et
1880 1848 2010 1910 for·

461 1986 657 2044 mam,
692 1970 845 2047 quia
876 1968 982 2030 illa
1017 1968 1281 2030 variatio
1315 1967 1540 2030 formae
1570 1968 1654 2029 de
1690 1967 2008 2048 singulari

462 2086 528 2147 in
576 2086 852 2164 plurale,
901 2085 1122 2165 quoad
1166 2086 1554 2163 particulam
1606 2104 1739 2160 υοε,
1791 2089 2007 2165 requi·

459 2202 618 2264 ritur
648 2219 728 2264 ex
774 2208 960 2280 parte
1005 2203 1492 2283 subjectorum;
1544 2211 1607 2266 et
1635 2204 1815 2265 idem
1857 2218 2009 2264 con-

465 2319 689 2398 tigisse
738 2321 800 2379 in
850 2317 1025 2380 facto
1083 2327 1470 2397 supponunt
1513 2322 1853 2393 Doctores„
1902 2338 2006 2382 as-

461 2441 762 2498 serentes
837 2436 1185 2514 Apostolos
1263 2440 1356 2497 tot
1423 2434 1620 2498 millia
1696 2453 1828 2498 uno
1904 2436 2009 2500 die

466 2550 731 2613 tinxisse
780 2567 900 2628 per
949 2553 1426 2629 aspersionem,
1462 2552 1627 2613 etin
1678 2550 2008 2613 conversi-

465 2683 594 2731 one
642 2667 954 2729 lndorum
1007 2669 1535 2730 concurrentium
1585 2668 1669 2730 ad
1716 2668 1916 2730 fidem
1947 2669 2012 2730 in

203 2804 355 2853 Posse
466 2790 645 2846 tanta
708 2784 1145 2857 multitudine,
1207 2783 1451 2846 factum
1517 2800 1664 2847 esse
1732 2789 2009 2859 constat,

132 2864 416 2978 323}ssss
467 2917 748 2979 quorum
793 2902 1193 2979 Baptismum
1224 2907 1438 2963 ratum
1468 2902 1668 2964 habet
1697 2903 2010 2978 Ecclesia,

142 2990 407 3055 baptizari.
468 3019 534 3076 et
609 3017 970 3077 necessitas
1028 3032 1111 3077 ex
1168 3017 1502 3094 paucitate
1570 3017 2012 3078 ministrorum

465 3129 868 3194 sufficienter
943 3131 1275 3212 qualificat
1354 3137 1573 3195 actum
1642 3137 2012 3211 respective

465 3247 549 3308 ad
605 3248 851 3329 legem,
913 3248 1177 3327 quando
1256 3248 1443 3310 aliter
1506 3256 1799 3328 nequeat
1854 3249 2015 3327 ipsis

464 3364 793 3441 provideri
837 3381 919 3426 ex
978 3380 1135 3428 casu
1179 3371 1291 3427 aut
1364 3363 1630 3428 defectu
1682 3367 2014 3430 ministro-

464 3497 645 3553 rum;
704 3481 830 3543 hoc
891 3486 1111 3544 tamen
1182 3482 1592 3563 intelligitur,
1658 3486 1712 3546 si
1769 3488 2010 3547 caetera

464 3614 613 3676 quae
645 3599 729 3660 ad
770 3597 1132 3661 doctrinam
1189 3598 1460 3673 faciunt,
1509 3600 2009 3678 praemittantur,

467 3721 531 3775 et
573 3714 965 3793 inquantum
1006 3714 1149 3776 fieri
1192 3722 1406 3793 potest
1451 3715 1703 3795 reliqua
1763 3734 2007 3795 praepa-

465 3833 699 3893 ratoria
751 3829 835 3891 ad
897 3831 1326 3909 Baptismum.
1387 3833 1449 3894 Si
1505 3838 1728 3894 autem
1785 3836 2015 3912 nequit

465 3945 589 4008 hoc
642 3946 810 4020 fieri,
870 3947 1103 4009 saltem
1161 3949 1502 4010 instructio
1565 3957 1630 4012 et
1681 3948 2013 4027 dispositio

466 4065 835 4141 petentium
880 4064 1282 4143 Baptismum
1316 4067 1619 4142 praemitti
1668 4065 1888 4127 debet.
1920 4069 2013 4128 De

470 4185 700 4241 caetero
734 4196 865 4242 non
909 4178 1063 4242 licet
1102 4180 1327 4260 plures
1378 4187 1559 4242 extra
1614 4196 1839 4243 casum
1898 4198 2015 4242 ne·

468 4298 791 4360 cessitatis
820 4296 1152 4374 baptizare
1182 4296 1401 4369 simul,
1456 4300 1683 4358 contra
1732 4310 2016 4358 consue-

471 4414 768 4477 tudinem
858 4411 1192 4486 Ecclesiae,
1291 4419 1356 4474 et
1425 4427 1572 4474 cum
1653 4386 2014 4474 mutatione

472 4532 670 4592 etiam
715 4528 959 4605 formae,
1021 4544 1219 4607 quam
1276 4532 1540 4589 tenetur
1582 4543 1845 4589 servare
1891 4526 2011 4587 mi-

471 4647 675 4708 nister
724 4662 806 4708 ex
853 4661 1030 4706 casu.
1084 4645 1245 4707 Vide
1294 4646 1646 4706 Doctorem
1702 4658 1899 4705 versu
1928 4644 2019 4702 An

474 4770 711 4838 autem,
765 4767 890 4824 etc.

197 4884 377 4995 Εὲδῡζῃι
553 4879 659 4941 His
702 4877 1081 4955 suppositiS,
1130 4877 1357 4955 quaerit
1416 4892 1501 4938 an
1564 4880 1790 4939 essent
1835 4873 2020 4952 plura

154 5008 420 5122 ἓξὲξ-ἓξὲξ
476 4995 942 5057 Sacramenta?
1015 4998 1080 5056 et
1161 4992 1529 5072 respondet
1612 4991 1755 5053 fore
1834 4992 2021 5069 plura

474 5113 894 5175 Sacramenta
968 5127 1049 5172 ex
1114 5110 1651 5188 multiplicatione
1708 5108 2018 5183 materiae,

475 5245 715 5307 nempe
763 5228 1133 5299 ablutioniS,
1164 5232 1237 5289 ut
1267 5226 1580 5304 recipitur
1616 5226 1680 5287 in
1715 5223 2017 5304 subjecto

475 5358 672 5433 prout
730 5350 861 5416 dixi
917 5353 985 5413 in
1060 5357 1186 5413 art.
1271 5352 1334 5412 2.
1400 5351 1637 5429 hujus;
1719 5349 2021 5429 intelligit

478 5477 697 5532 tamen
730 5468 812 5531 de
861 5468 1196 5531 ablutione
1248 5468 1526 5544 passiva,
1558 5472 1631 5527 ut
1661 5473 1761 5528 est
1795 5482 1831 5527 a
1876 5482 2020 5544 pro-

474 5590 758 5665 ferente,
816 5595 891 5652 ut
943 5594 1130 5667 patet
1177 5594 1303 5650 art.
1338 5588 1396 5649 3.
1434 5593 1499 5650 et
1549 5602 1748 5666 supra
1776 5589 1922 5650 dist.
1955 5587 2015 5647 3.

3541 383 3659 448 557

2124 565 2344 631 quaest.
2381 559 2439 619 3.
2474 563 2669 635 prout
2699 557 2787 619 ibi
2832 562 2932 618 est
2973 554 3387 631 explicatum.
3444 550 3667 610 Forma

2124 676 2323 737 etiam
2371 673 2527 735 illa:
2567 677 2825 751 Baptizo
2870 690 2997 744 υοε,
3053 668 3470 750 aequivaleret
3518 667 3666 743 plu-

2120 791 2302 851 ribus
2379 789 2625 862 formiS,
2689 789 2840 868 quia
2887 786 3263 851 extenditur
3319 782 3405 846 ad
3448 782 3670 845 omnia

2121 905 2475 986 singularia
2526 909 2893 986 germinata
2944 922 3064 982 per
3116 917 3483 981 pronomen
3532 901 3671 978 plu-

2121 1021 2283 1094 rale,
2363 1038 2480 1099 pro
2554 1021 2794 1099 quibus
2867 1020 3135 1082 divisive
3201 1018 3534 1097 supponit,
3599 1020 3673 1076 ut

2121 1132 2364 1197 *faciant
2410 1152 2789 1200 numerum.

2202 1247 2295 1329 (b)
2327 1255 2416 1312 De
2473 1259 2708 1328 quarto
2761 1253 3073 1326 membro,
3128 1257 3254 1314 etc.
3309 1247 3471 1311 Vide
3522 1252 3663 1309 tex-

2120 1373 2282 1441 tum,
2317 1370 2382 1430 in
2417 1387 2547 1448 quo
2598 1369 2861 1449 regulas
2920 1365 3341 1431 discernendi
3400 1366 3664 1427 diversi-

2124 1496 2324 1554 tatem
2379 1509 2806 1569 personarum
2862 1498 2929 1554 et
2966 1492 3329 1555 animarum
3373 1492 3440 1552 in
3478 1503 3663 1552 mon·

2121 1615 2276 1682 str0,
2319 1606 2627 1671 fundatas
2676 1610 2964 1683 exhibet,
3013 1617 3078 1672 et
3129 1609 3397 1671 modum
3444 1611 3661 1685 ipsum
3812 1619 3889 1668 De

2120 1724 2493 1802 baptizandi
2551 1727 2723 1791 licite
2782 1735 2846 1792 et
2906 1728 3119 1791 valide
3173 1729 3363 1808 juxta
3422 1726 3664 1789 doctri·
3724 1689 3980 1733 monstro.

2121 1858 2273 1904 nam
2324 1846 2388 1906 in
2439 1845 2838 1921 praecedenti
2900 1846 3198 1907 membro
3248 1843 3660 1921 praemissam.

2201 1959 2286 2040 (c)
2315 1964 2410 2023 Ad
2445 1966 2756 2037 primam.
2792 1961 3155 2038 Responsio
3191 1959 3275 2022 ad
3305 1973 3661 2037 argumen-

2122 2084 2182 2138 ta
2214 2082 2397 2155 patet
2428 2095 2508 2138 ex
2542 2082 2750 2151 textu,
2784 2083 2846 2139 et
2879 2094 2959 2138 ex
2997 2075 3289 2138 doctrina
3342 2075 3664 2154 praemissa

2120 2198 2187 2258 in
2210 2195 2403 2256 variis
2428 2197 2738 2258 membris
2768 2213 2889 2257 seu
2933 2195 3217 2257 articulis
3260 2192 3665 2273 quaestionis.

2547 2471 3005 2553 QUAESTIO
3107 2472 3252 2542 III.

2131 2751 2364 2816 Utrum
2413 2753 2803 2838 requiratur
2848 2752 3051 2816 simul
3088 2773 3222 2817 esse
3268 2751 3672 2817 ablutionem

2337 2879 2400 2932 et
2433 2868 2881 2953 prolationem
2912 2868 3258 2934 verborum
3289 2868 3321 2933 P

2129 3087 2385 3145 Richard.
2417 3092 2474 3144 d.
2507 3091 2565 3145 3.
2606 3097 2719 3145 art.
2754 3092 2806 3146 4.
2849 3107 2901 3159 q.
2928 3093 2984 3146 2.
3017 3089 3187 3162 Cajet.
3221 3095 3355 3145 tom.
3404 3090 3452 3145 1.
3485 3105 3668 3159 opusc.

2196 3169 2357 3217 tract.
2403 3162 2494 3217 26.
2544 3164 2666 3219 Soio
2701 3164 2753 3217 d.
2784 3164 2840 3218 3.
2870 3179 2921 3230 q.
2958 3179 3058 3217 un.
3108 3168 3223 3217 art.
3257 3161 3307 3218 8.
3337 3159 3548 3217 Rubion
3578 3159 3673 3215 hic

2197 3251 2251 3300 q.
2287 3235 2333 3289 1.
2357 3234 2555 3289 Bassol.
2588 3250 2641 3301 q.
2677 3235 2727 3289 1.
2759 3233 2921 3289 Gahr.
2952 3231 3044 3287 hic
3073 3250 3125 3301 q.
3157 3234 3202 3288 1.
3233 3240 3343 3287 art.
3368 3235 3422 3289 2.
3468 3233 3671 3288 Suarez

2196 3306 2246 3361 3.
2271 3321 2327 3374 p.
2359 3311 2489 3361 tom.
2517 3307 2568 3361 3.
2597 3307 2654 3361 d.
2686 3307 2738 3360 2.
2766 3310 2896 3360 sect.
2946 3305 2997 3359 3.
3041 3307 3208 3371 qeoss.
3258 3321 3374 3373 cap.
3426 3302 3678 3370 Detrahe,

2197 3381 2248 3434 1.
2279 3394 2331 3445 q.
2368 3377 2678 3449 1.Vasquez
2734 3378 2788 3433 3.
2808 3392 2870 3445 -ρ,
2898 3378 2951 3431 d.
2984 3379 3033 3433 1.
3072 3377 3192 3432 148.
3226 3393 3273 3433 c.
3305 3376 3357 3432 7.

2212 3588 2324 3660 Ad
2386 3587 2820 3659 secundum
2886 3586 3001 3659 sic
3055 3586 3545 3679 proceditur,
3591 3589 3669 3658 et
3825 3606 3874 3657 ι.

2124 3705 2507 3796 arguitur·
2549 3704 2753 3796 quod
2795 3724 2955 3775 non
3008 3707 3386 3797 opor-teat
3430 3703 3671 3776 simul
3744 3674 3959 3735 A‘ffum‘

2126 3842 2304 3894 esse
2380 3820 2879 3893 ablutionem
2964 3821 3042 3892 et
3124 3820 3670 3912 prolationem

2124 3939 2591 4021 verborum,
2676 3936 2864 4029 quia.
2937 3936 3463 4011 Eucharistia
3550 3943 3675 4011 est

2127 4075 2374 4127 unum
2474 4036 3119 4136 Sacramentum,
3229 4059 3308 4128 et
3404 4061 3677 4128 tamen

2128 4173 2344 4245 inter
2402 4171 2648 4244 verba
2715 4171 3367 4245 consecrationis
3432 4192 3677 4265 super

2130 4309 2419 4382 panem
2515 4294 2595 4363 et
2680 4289 2926 4361 verba
3032 4288 3678 4363 consecrationis

2131 4428 2377 4498 super
2465 4407 2766 4487 vinum,
2848 4409 2973 4478 est
3067 4424 3360 4496 magna
3435 4405 3679 4478 inter-

2133 4524 2459 4617 positio,
2550 4523 2737 4615 quia,
2779 4521 3059 4594 abillo
3117 4521 3294 4595 loco
3361 4547 3375 4590 :
3450 4527 3682 4592 Simili

2129 4642 2348 4724 modo,
2391 4659 2639 4730 usque
2675 4665 2690 4708 :
2732 4642 2851 4706 Hic
2880 4651 2974 4705 est
3006 4641 3213 4705 caliae.

2220 4756 2724 4848 Oppositum,
2835 4753 3325 4846 Augustinus
3433 4773 3680 4847 super
3791 4773 3942 4849 Ratio

2131 4876 2364 4946 Joan.
2428 4871 2707 4945 homil.
2781 4874 2889 4945 80.
2946 4876 3027 4945 et
3095 4876 3158 4944 1.
3250 4891 3322 4964 q.
3395 4875 3458 4943 1.
3533 4872 3679 4944 De·
3752 4846 3969 4905 ⁰⁹⁹⁰⁸¹‘'

2130 4990 2368 5062 tt‘ahe
2436 5012 2449 5055 ε
2497 4992 2766 5058 Accedit
2815 4992 3083 5058 vsrbum
3140 4991 3229 5056 ad
3259 4992 3675 5076 clementum,

2131 5120 2192 5173 ct
2221 5109 2299 5191 fit
2333 5110 2866 5175 Sacramentum.

2699 5270 3115 5362 senonum.

2205 5486 2468 5558 Requiri
2510 5491 2571 5542 et
2600 5485 2890 5542 sufficere
2929 5486 3305 5543 simultatem
3345 5486 3681 5543 humanam

2130 5601 2239 5642 seu
2300 5586 2625 5653 moralem,
2688 5586 3238 5659 interwmateriam
3297 5590 3357 5642 et
3413 5586 3677 5641 sormam
