4287 6313
282 531 445 582 Num.
513 529 595 581 19.

278 593 365 644 22.
402 597 455 642 02
472 592 599 644 Lev-

278 656 333 707 5.
368 656 420 706 7.
448 660 499 704 et
521 654 598 707 11.

309 719 373 767 de
420 717 573 767 unico

285 779 567 890 BaptismO,

341 858 396 894 c.
482 846 527 893 3.

276 905 364 959 Vd
392 905 510 956 Gal.
537 904 592 955 2.

281 970 570 1021 comment.

280 1031 346 1081 ad
372 1031 428 1083 4.
469 1044 587 1089 cap.

279 1092 504 1145 Dubium
537 1093 591 1142 4.

277 3467 398 3520 Isid.
426 3466 517 3517 lib.
542 3471 589 3519 1.

324 3533 387 3582 de
415 3544 553 3582 sum.

309 3671 425 3719 cap.
479 3631 564 3711 2⁴.

306 4270 381 4320 De
409 4284 552 4322 cons.

328 4331 452 4385 dist.
487 4335 541 4385 4.

339 4397 515 4445 eodem

308 4457 474 4518 mod0‚
515 4463 563 4506 et

277 4521 455 4569 eadem
476 4520 593 4570 dist.

279 4583 465 4645 quaein
486 4584 593 4632 Ma-

307 4645 570 4697 trimoniO.

621 370 739 431 526

628 535 806 605 ctus
912 551 1071 602 non
1191 533 1365 610 cst;
1474 548 1656 599 cum
1768 524 2164 599 Dominus

626 648 841 722 dicat
912 646 991 719 in
1061 646 1237 737 lege
1274 670 1315 712 ἐ
1380 650 1810 732 Qucecnmque
1877 646 2166 731 tctiqerit

626 766 1027 845 immundus,
1076 764 1420 829 immunda
1487 773 1705 829 erunt.
1778 758 1972 841 Quis
2035 778 2165 849 po-

625 883 784 954 test
843 880 1035 951 dare
1088 878 1292 970 quod
1343 878 1514 970 ipse
1573 896 1733 948 non
1783 874 2079 946 habet?
2129 902 2157 935 ι

627 998 797 1069 Ηοο
861 1017 1059 1070 vero
1118 1016 1216 1067 ex
1274 994 1745 1086 ignorantia
1814 1011 1997 1064 eum
2057 990 2165 1061 di-

622 1114 866 1196 xisse,
923 1111 1422 1204 Augustinus
1503 1111 1762 1183 innuit
1834 1111 2157 1181 dicens:

626 1262 654 1296 «
746 1232 1202 1321 Martyrem
1299 1227 1755 1319 gloriosum
1824 1223 2162 1317 Cypria-

616 1367 837 1432 num,
893 1348 1024 1439 qui
1070 1346 1277 1439 apud
1318 1345 1752 1419 haereticos
1786 1342 1913 1414 vel
1967 1341 2167 1415 schi-

619 1463 1012 1537 smaticos
1062 1464 1336 1537 datum
1400 1461 1908 1553 Baptismum
1953 1458 2166 1528 nole·

616 1582 753 1655 bat
818 1600 1336 1672 cognoscere,
1433 1579 1618 1649 dum
1694 1599 1833 1650 eos
1920 1573 2162 1648 nimis

614 1699 1192 1779 detestaretur,
1286 1701 1520 1770 tanta
1603 1694 1780 1787 ejus
1868 1692 2164 1765 merita

616 1835 869 1908 usque
980 1815 1076 1886 ad
1171 1812 1676 1904 triumphum
1776 1808 2164 1900 Martyrii

616 1935 893 2004 secuta
954 1934 1168 2014 sunt,
1227 1934 1313 2003 ut
1374 1932 1452 2001 et
1513 1926 1944 2001 charitatis
2009 1946 2164 2018 qua

614 2047 1061 2121 excellebat
1166 2048 1343 2119 luce
1448 2043 1960 2115 obumbratio
2022 2041 2164 2113 illa

617 2162 1075 2255 fugaretur,
1138 2166 1217 2235 et
1283 2162 1351 2234 si
1412 2161 1596 2253 quid
1656 2159 2161 2253 purgandum

617 2285 826 2362 erat,
914 2279 1322 2374 passionis
1409 2279 1611 2350 falce
1699 2276 2158 2351 tolleretur.

621 2394 1000 2487 NecfnoS,
1067 2397 1201 2487 qui
1265 2394 1668 2487 Baptismi
1726 2391 2164 2466 veritatem

619 2517 696 2585 ct
733 2512 1313 2588 haereticorum
1371 2511 1886 2604 iniquitatem
1930 2530 2168 2600 agno-

625 2631 954 2713 scimus,
1057 2632 1230 2704 ideo
1293 2630 1701 2723 Cypriano
1744 2627 2166 2699 'meliores

622 2770 926 2829 sumus,
978 2749 1188 2821 sicut
1238 2768 1384 2820 nec
1428 2750 1698 2828 Petr0,
1747 2745 1935 2837 quia
1975 2750 2167 2816 Gren-

621 2869 742 2937 tcs
788 2866 1207 2959 judaizare
1280 2884 1440 2936 non
1500 2863 1890 2956 cogimus.

626 3089 815 3167 Quod
882 3089 1109 3158 nultus
1159 3087 1265 3177 ‘jn
1322 3097 1509 3153 utero
1576 3096 1876 3152 materno
1951 3085 2168 3172 bapti-

1295 3215 1516 3273 zatur.

716 3440 887 3513 Hoc
937 3441 1185 3515 etiam
1240 3441 1646 3513 sciendum
1706 3443 1854 3523 est,
1896 3472 1924 3507 «
1970 3443 2171 3536 quod

626 3556 816 3630 licet
860 3560 988 3630 ter
1047 3556 1590 3647 immergatur
1623 3562 1964 3650 propter
2008 3578 2173 3652 my-

630 3674 973 3749 sterium
1042 3674 1498 3758 TrinitatiS,
1574 3678 1847 3747 tamen
1924 3697 2170 3748 unum

631 3789 1054 3881 Baptisma
1105 3794 1564 3882 reputatur.
1620 3819 1647 3852 ³0
1688 3791 1888 3863 Illud
1923 3791 2169 3867 etiam

628 3907 1165 3999 ignorandum
1205 3928 1366 3981 non
1408 3916 1557 3990 est,
1622 3908 1830 4000 quod
1873 3908 1953 3980 in
2013 3928 2174 3980 ma-

627 4028 868 4099 terno
938 4029 1174 4098 utero
1244 4026 1515 4097 nullus
1576 4024 1981 4117 baptizari
2039 4045 2174 4118 po·

627 4147 812 4226 test,
903 4142 1227 4217 etiamsi
1335 4146 1599 4216 mater
1684 4142 2168 4233 baptizetur.

625 4261 844 4333 Unde
889 4260 1251 4332 Isidorus
1300 4286 1314 4329 :
1368 4288 1394 4321 «x
1453 4258 1602 4341 Qui
1645 4257 1726 4330 in
1780 4257 2174 4330 maternis

628 4377 886 4451 uteris
921 4379 1132 4460 sunt,
1167 4375 1571 4469 baptizari
1609 4395 1771 4448 non
1805 4378 2169 4468 possunt,

629 4491 816 4585 quia
899 4492 1035 4584 qui
1110 4495 1353 4564 natus
1414 4490 1669 4564 adhuc
1738 4490 2173 4563 secundum

629 4611 882 4682 Adam
951 4629 1111 4680 non
1188 4613 1337 4691 est,
1438 4610 1873 4681 secundum
1948 4605 2175 4683 Chri-

629 4730 845 4800 stum
912 4747 1073 4799 non
1147 4729 1415 4819 potest
1486 4725 1830 4807 renasci,
1917 4745 2175 4817 neque

631 4844 1155 4937 regeneratio
1238 4845 1319 4916 in
1394 4865 1580 4916 cum
1646 4844 1800 4917 dici
1874 4848 2169 4937 potest,

631 4962 711 5033 in
792 4982 1029 5055 quem
1119 4960 1544 5053 generatio
1614 4981 1777 5035 non
1840 4980 2175 5053 praeces·

623 5076 753 5151 sit.
832 5107 861 5141 ι»
942 5080 1148 5152 Item
1225 5075 1727 5169 Augustinus
1800 5102 1814 5147 :
1892 5106 1919 5140 «
1993 5078 2174 5147 Non

622 5198 893 5287 potest
985 5192 1413 5287 quisquam
1511 5193 1855 5275 renasci,
1953 5195 2172 5266 ante-

625 5331 867 5404 quam
928 5313 1168 5382 natus
1241 5310 1374 5383 sit.
1427 5339 1456 5374 ι

716 5427 798 5500 Si
855 5447 1051 5499 vero
1116 5426 1557 5520 opponitur
1625 5426 1716 5498 de
1785 5426 2170 5508 ..Iex-omia,

622 5548 700 5619 et
801 5545 893 5617 de
970 5546 1283 5618 Joannc
1361 5544 1758 5637 Baptista,
1859 5544 1994 5636 qui
2078 5543 2176 5615 ab

1807 363 1946 425 LlB.
1982 362 2082 422 lv.
2113 357 2709 423 SENTENTIARUM

2277 530 2514 599 utero
2575 521 3063 596 sanctificati
3138 522 3549 613 leguntur,
3616 524 3820 614 quod
3847 519 4080 631 {gffiff

2278 641 2525 713 etiam
2612 641 2703 713 de
2791 640 3040 713 Jacob
3101 638 3418 729 quidam
3481 643 3813 731 putant:
3850 645 4169 709 August-ad

2276 757 2644 841 dicimuS,
2721 758 2787 829 Si
2844 760 3287 851 sanctificatio
3339 756 3444 828 ibi
3521 757 3816 850 accipi-
3843 707 4175 840 ἳῖῗὲἒεοημῖθ

2279 879 2468 946 atur
2522 872 2874 947 interior
2931 872 3396 945 emundatio
3440 872 3519 944 in
3575 835 4163 958 mira-Dgi'fssssssit'

2278 989 2483 1064 culis
2532 989 2821 1062 divinae
2876 990 3260 1082 potentiae
3313 1011 3491 1063 esse
3533 956 4077 1070 haben-Duffiffli
4110 1017 4165 1069 1.

2276 1107 2484 1188 dum,
2532 1108 2620 1179 ut
2678 1106 3180 1197 Augustinus
3242 1106 3381 1189 ait,
3445 1106 3820 1197 ambigue
3847 1081 4169 1195 ζῗ“ἷ“ἷ’,;,,’ῗζ

2281 1242 2524 1314 super
2589 1221 2742 1297 hoc
2812 1222 3150 1314 loquens
3221 1248 3236 1292 ε
3321 1251 3348 1285 α
3416 1223 3497 1296 Si
3565 1243 3819 1315 usque
3873 1205 4152 1334 ἐζξξξάὶῑ,

2279 1339 2498 1421 adeo,
2555 1339 2841 1431 inquit,
2899 1340 2978 1412 in
3032 1339 3172 1411 illo
3225 1359 3479 1431 puero
3528 1332 4176 1413 accele-med·N⁰m·

3846 1395 3925 1445 22.
3944 1396 4022 1444 28.
4050 1395 4170 1442 Jor.
4253 1462 4258 1466 ἡ

2281 1462 2508 1532 ratus
2568 1460 2692 1530 est
2753 1479 2947 1530 usus
3005 1458 3356 1531 rationis
3411 1461 3489 1532 et
3538 1458 3818 1529 volun·
3903 1454 4124 1571 &05:33

2276 1576 2497 1659 tatis,
2589 1580 2676 1649 ut
2757 1575 2972 1648 infra
3052 1581 3424 1650 materna
3497 1575 4150 1695 VisceraJffi-ss‘iss

2270 1691 2443 1783 Jam
2504 1696 2778 1784 posset
2837 1711 3284 1783 agnoscere
3333 1697 3413 1766 et
3463 1692 3815 1774 credere,
3879 1708 4158 1758 Amin-‚et

2279 1808 2483 1899 quod
2566 1808 2646 1879 in
2724 1808 2909 1880 aliis
2990 1809 3354 1902 parvulis
3448 1810 3822 1900 expectat
3854 1770 4173 1898 1¹.3{2‘1³1¹›¹.i2¹3'‹{.

2277 1929 2477 1996 aetas
2519 1929 2608 1998 ut
2669 1925 3008 2017 possint,
3083 1925 3163 1997 in
3216 1924 3639 1998 miraculis
3700 1928 3825 1998 est

2277 2040 2722 2112 habendum
2817 2041 3106 2115 divinae
3187 2041 3596 2134 potentiae,
3664 2060 3827 2112 non

2277 2156 2371 2227 ad
2432 2156 2802 2229 humanae
2844 2158 3324 2230 trahendum
3366 2156 3825 2248 exemplum

2277 2275 2622 2345 naturae.
2672 2276 2881 2345 Nam
2933 2275 3245 2363 quando
3291 2273 3553 2347 voluit
3585 2275 3824 2353 Deus,

2278 2387 2527 2460 etiam
2607 2389 3069 2482 jumentum
3150 2390 3515 2463 locutum
3569 2392 3716 2460 est.
3796 2416 3824 2450 »

2284 2509 2498 2579 Idem
2589 2532 2603 2576 :
2698 2536 2727 2570 «
2798 2508 2913 2579 De
2999 2507 3358 2579 Jeremia
3435 2505 3741 2597 legitur
3809 2530 3822 2573 :

2282 2627 2681 2712 Prin-squam
2729 2627 2950 2692 exires
3005 2625 3086 2691 de
3147 2635 3395 2707 ventre,
3453 2626 3826 2706 sanctifica-

2283 2744 2351 2806 vi
2400 2753 2498 2821 ce,·
2549 2739 2690 2813 illa
2739 2743 3014 2813 tamen
3056 2738 3625 2820 sanctificatio,
3673 2757 3828 2830 qua

2283 2857 2685 2930 efficimur
2744 2857 3138 2950 templum
3204 2855 3377 2938 Dei,
3449 2875 3611 2928 non
3667 2854 3827 2926 nisi

2289 2978 2766 3048 renatorum
2834 2979 2981 3047 est.
3056 2977 3210 3041 Nisi
3256 2976 3436 3041 enim
3500 2977 3649 3061 quis
3718 2996 3827 3040 re-

2282 3106 2478 3160 natus
2521 3094 2730 3178 fiterit
2779 3114 2862 3159 ea:
2927 3112 3102 3180 aqua
3151 3102 3211 3158 et
3258 3091 3527 3178 Spiritu
3571 3101 3822 3170 sancte,

2286 3235 2420 3278 non
2451 3222 2666 3300 potest
2705 3213 2964 3278 intrare
3002 3213 3074 3277 in
3130 3232 3406 3297 reqnum
3471 3210 3614 3277 Dei.
3681 3209 3829 3280 Ne·

2289 3346 2417 3398 mo
2478 3329 2750 3398 autem
2821 3324 3310 3406 renascitur,
3383 3324 3542 3396 nisi
3604 3323 3831 3417 prius

2286 3443 2701 3515 nascatur.
2779 3440 2999 3513 Unde
3077 3440 3221 3513 illa
3289 3439 3827 3514 sanctificatio

2291 3562 2558 3652 potest
2674 3559 3107 3632 secundum
3238 3557 3832 3651 praedestinati-

2290 3695 2523 3747 onem
2605 3673 2890 3767 accipi.
2986 3703 3015 3737 ι»
3090 3676 3295 3747 Ecce
3372 3674 3835 3748 dubitanter

2285 3793 2608 3865 videtur
2646 3791 2894 3883 loqui,
2956 3789 3089 3883 qui
3131 3791 3380 3863 etiam
3433 3790 3516 3863 in
3555 3790 3833 3864 eodem

2286 3908 2478 3982 dicit
2531 3935 2544 3978 :
2607 3938 2635 3972 α
2691 3911 2871 3980 Non
2910 3907 3215 3980 dictum
3270 3912 3420 3990 est,
3460 3907 3647 4000 quia
3697 3933 3835 3977 cre-

2288 4028 2468 4094 didit
2502 4009 2765 4098 infans
2822 4023 2903 4097 in
2960 4029 3222 4107 utero,
3281 4025 3413 4097 sed
3462 4028 3838 4108 multavit,-

2289 4164 2434 4215 nec
2501 4141 2915 4217 Elizabeth
2984 4142 3215 4215 dicit:
3264 4141 3685 4214 Exultavit
3756 4141 3836 4213 in

2287 4258 2458 4342 fide,
2523 4259 2657 4331 sed
2720 4258 3121 4333 exultavit
3185 4258 3263 4330 in
3326 4263 3560 4331 utero
3628 4278 3832 4330 mec.

2292 4379 2392 4450 Et
2469 4377 2724 4470 potuit
2792 4398 2972 4450 esse
3059 4376 3220 4450 ista
3297 4375 3836 4449 sanctificatio

2291 4496 2541 4566 tantae
2608 4492 2729 4565 rei
2789 4513 2835 4564 a
2897 4492 3195 4585 majori
3263 4492 3837 4582 cognoscendae

2293 4610 2701 4692 indicium,
2786 4631 2942 4683 non
3039 4629 3086 4682 a
3147 4609 3491 4704 parvulo
3571 4609 3840 4700 cogni-

2292 4734 2420 4803 tae.
2487 4759 2517 4795 ι
2589 4707 2908 4822 Absque
2996 4729 3454 4802 assertione
3521 4731 3613 4801 de
3688 4728 3839 4802 hac

2292 4845 2935 4921 sanctificatione
2995 4846 3382 4937 loquitur,
3446 4867 3603 4918 non
3661 4845 3840 4918 defi-

2290 4963 2546 5046 nienS,
2594 4962 2951 5056 qua-liter
2993 4960 3515 5054 intelligenda
3559 4963 3665 5034 sit
3701 4962 3841 5034 illa

2292 5078 2862 5162 sanctificatio,
2930 5100 3032 5152 an
3093 5079 3199 5152 sit
3261 5077 3579 5170 signum
3632 5075 3840 5153 futu·

2295 5218 2405 5269 rae
2450 5197 2597 5280 rei,
2681 5217 2782 5269 an
2857 5196 3170 5269 veritas
3220 5195 3839 5288 justificationis

2293 5334 2438 5407 per
2505 5313 2902 5406 Spiritum
2973 5310 3235 5387 faotae.
3315 5313 3460 5385 Sed
3548 5312 3838 5385 melius

2290 5436 2440 5514 est,
2492 5437 2574 5504 ut
2615 5431 3003 5512 dicamus,
3051 5430 3236 5502 illos
3283 5436 3587 5523 praeter
3636 5452 3841 5504 com·

2292 5568 2616 5621 munem
2696 5548 2955 5640 legem
3038 5547 3119 5619 in
3217 5548 3475 5620 uteris
3547 5548 3846 5640 justifi-
