4287 6313
1735 400 1945 463 Dls'r.
1981 404 2080 464 lV.
2129 406 2490 480 QUAESTIO
2523 410 2595 472 11.

549 553 971 618 Antecedens
1044 558 1293 633 patebit
1346 558 1536 622 infra.
1603 560 2090 643 Consequentia

553 669 889 745 probatur,
925 672 1072 751 quia
1107 676 1335 753 nequit
1367 674 1506 736 dari
1541 678 1925 756 disparitas;
1966 687 2104 742 tum

556 784 706 859 quia
778 786 1201 863 principalius
1255 788 1753 869 configurantur
1840 793 2103 856 Christo

563 913 683 974 per
753 903 1054 978 gratiam,
1146 920 1344 981 quam
1434 923 1557 984 per
1632 909 2108 985 characterem,

234 1031 537 1095 Configura-
565 1015 717 1091 quia
750 1017 1088 1080 character
1120 1024 1340 1096 potest
1366 1025 1653 1100 compati
1686 1041 1835 1086 cum
1868 1041 2112 1102 pecca·

269 1099 481 1208 cffissm
565 1134 644 1200 ιο,
679 1136 745 1192 et
773 1136 1141 1196 secundum
1175 1137 1430 1216 aliquos
1462 1155 1612 1200 cum
1646 1140 2095 1214 damnatione,

561 1262 694 1309 non
753 1252 839 1311 ita
875 1254 1125 1331 gratia;
1187 1254 1366 1318 unde
1398 1256 1928 1321 Catechumenus
1953 1260 2108 1339 jus-

564 1369 689 1436 tus,
750 1362 1088 1428 decedens
1144 1385 1294 1430 cum
1324 1374 1534 1450 gratia
1581 1377 1647 1434 et
1696 1372 1851 1448 fide,
1899 1376 2111 1438 salva·

562 1482 687 1551 tur,
739 1495 872 1543 non
917 1484 1005 1542 ita
1051 1481 1426 1546 descedens
1488 1503 1637 1547 cum
1668 1488 1810 1550 solo
1851 1490 2112 1551 charac-

560 1600 700 1658 tere
764 1598 905 1659 sine
949 1603 1182 1679 gratia,
1218 1602 1627 1681 baptizatus;
1680 1609 1811 1667 tum
1885 1608 2108 1703 etiam,

561 1715 712 1789 quia
754 1716 965 1793 gratia
998 1721 1062 1778 et
1095 1717 1267 1780 dona
1313 1734 1444 1781 non
1477 1722 1687 1783 otiose
1733 1721 2108 1784 conferun-·

215 1879 337 1928 Non
377 1880 537 1929 otiose
564 1830 668 1887 tur
722 1826 979 1900 infanti,
1011 1838 1081 1892 ut
1110 1831 1271 1894 falso
1304 1836 1619 1913 supponit
1649 1837 1826 1912 prior
1864 1838 2110 1914 opini0,

271 1941 492 2013 conferri
568 1944 718 2020 quia
750 1944 891 2021 ipse
924 1948 1290 2025 Baptismus
1319 1967 1452 2012 non
1497 1953 1845 2024 otiose‚aut
1874 1951 2111 2015 frustra

259 2009 501 2120 ξέιῖῑᾶῗῗ
569 2061 629 2121 ei
683 2060 1036 2136 confertur,
1082 2027 1378 2143 quamvis
1434 2085 1568 2130 non
1612 2070 1868 2162 *habeat
1907 2072 1973 2132 in
2031 2090 2109 2134 eo

563 2179 836 2256 plenum
894 2182 1203 2245 effectum
1246 2185 1311 2246 in
1376 2187 1707 2248 sententia
1777 2189 2103 2265 ipsorum3

561 2294 848 2376 aliquem
916 2305 1135 2362 tamen
1191 2302 1392 2365 habet
1428 2304 1620 2384 juxta
1679 2308 2110 2384 capacitatem

557 2414 865 2493 subjecti,
923 2433 1165 2495 nempe
1223 2421 1626 2483 remissionis
1687 2424 1968 2499 peccati,
2044 2428 2112 2485 et

559 2527 709 2590 ideo
766 2530 923 2607 ipsis
969 2537 1068 2592 est
1135 2535 1310 2594 utilis
1409 2540 1476 2597 et
1516 2538 1953 2598 necessarius,
2007 2538 2111 2600 Sic

562 2645 761 2706 etiam
791 2648 997 2726 gratia
1028 2664 1222 2726 aeque
1278 2656 1648 2716 necessaria
1685 2655 1899 2728 estad
1930 2656 2104 2716 salu·

566 2769 698 2827 tem
742 2765 1028 2841 infantiS,
1079 2786 1197 2845 per
1240 2788 1439 2850 quam
1469 2774 1611 2835 sine
1644 2775 1959 2852 operibus
1986 2777 2106 2838 sal-

465 2911 476 2918 ·
563 2883 696 2943 vari
756 2889 992 2960 potest,
1056 2892 1121 2947 et
1166 2903 1314 2948 cum
1347 2905 1475 2967 qua
1518 2892 1683 2958 sola,
1733 2893 1929 2955 etiam
1961 2895 2102 2955 sine

562 2999 916 3076 Baptismo‚
978 3002 1356 3079 salvaretur,
1401 3012 1473 3068 ut
1516 3011 1570 3069 si
1606 3015 1784 3071 esset
1811 3011 2095 3073 sanctifi·

567 3120 748 3176 catus
791 3116 857 3177 in
903 3122 1118 3194 uter0,
1152 3126 1263 3182 aut
1307 3126 1487 3184 extra
1517 3130 1820 3198 uterum;
1862 3142 1993 3190 non
2019 3129 2107 3191 ita

330 3241 454 3313 Sola,
570 3248 720 3292 cum
747 3233 886 3296 solo
919 3236 1248 3312 Baptismo
1303 3244 1369 3300 et
1397 3242 1784 3304 remissione
1832 3248 2111 3322 peccati,

215 3315 538 3432 ρέἔοῐὲἶῗεηῖα
572 3351 723 3425 quia
770 3351 866 3410 sic
911 3353 1326 3415 constituitur
1368 3359 1618 3417 tantum
1650 3358 1714 3419 in
1741 3364 1912 3421 statu
1944 3377 2108 3438 puro

259 3428 494 3542 gffiessd
568 3469 838 3538 naturae,
872 3466 1017 3527 sine
1044 3467 1177 3529 ulla
1219 3467 1468 3545 ,iustitia
1500 3477 1616 3532 aut
1648 3472 2107 3541 conformitate

568 3578 651 3639 ad
724 3579 1072 3656 Christum,
1156 3591 1434 3663 excepto
1518 3589 1920 3665 charactere,
1996 3594 2106 3674 qui

565 3711 701 3758 non
743 3697 981 3761 sufficit
1011 3698 1097 3762 ad
1126 3703 1432 3765 salutem.

648 3815 901 3879 Deinde
986 3820 1195 3897 gratia
1270 3821 1380 3883 dat
1437 3823 1550 3902 jus
1627 3825 1713 3887 ad
1795 3828 2103 3907 gloriam,

565 3938 799 4011 estque
830 3933 1049 3998 filiatio
1114 3942 1180 3997 et
1225 3940 1524 4002 nativitas
1562 3941 1625 4002 in
1674 3942 1950 4018 ChristO,
1987 3965 2105 4024 per

569 4049 892 4123 eamdem,
942 4059 1007 4113 et
1039 4052 1233 4124 dona,
1283 4054 1681 4119 reformatur
1736 4060 1952 4141 imago
1999 4081 2108 4126 se-

569 4162 860 4224 cundum
931 4165 1178 4239 Patres,
1238 4185 1456 4248 neque
1527 4177 1678 4233 sunt
1721 4174 1986 4237 inutiles
2041 4177 2109 4237 in

570 4278 1049 4345 dormientibus
1135 4291 1201 4345 et
1285 4288 1656 4350 amentibus
1745 4293 2102 4370 perpetuis

564 4400 716 4473 post
743 4413 940 4459 usum
991 4400 1257 4462 rationis
1301 4403 1616 4478 habiturn,
1651 4410 1946 4483 quamvis
1989 4427 2106 4471 ne-

571 4521 819 4590 queant
865 4518 1133 4580 transire
1184 4521 1249 4583 in
1292 4528 1554 4598 actum3
1601 4541 1761 4605 ergo
1794 4543 1927 4589 non
1957 4533 2112 4590 sunt

568 4630 779 4692 otiosa
853 4635 919 4692 in
991 4633 1372 4713 infantibus,
1435 4640 1547 4718 qui
1604 4648 1760 4703 sunt
1831 4661 2112 4722 capaces

568 4746 825 4809 illorum
873 4749 1256 4814 effectuum.

344 4872 424 4945 29,
645 4861 914 4925 Accedit
961 4864 1139 4941 quod
1179 4867 1348 4929 sicut
1393 4868 1608 4932 infans
1659 4881 1758 4936 est
1798 4891 2003 4952 capax
2046 4879 2113 4939 in

234 4939 516 5064 subjggtum
565 4979 820 5039 ratione
853 4980 1161 5060 subjecti,
1191 4990 1264 5046 ut
1293 4986 1374 5046 ab
1411 5002 1489 5048 eo
1528 4989 1790 5052 tollatur
1823 4996 2109 5068 macula,

341 1236 429 1291 per

256 1290 499 1349 gratiam.

569 5325 1012 5401 aequivalentis
1058 5324 1299 5404 formae,
1362 5334 1445 5393 ita
1505 5339 1701 5396 etiam
1733 5339 1848 5399 'est
1907 5357 2112 5419 capax

569 5440 773 5516 ipsius
802 5445 1048 5521 gratiae,
1084 5460 1234 5505 nam
1259 5447 1445 5525 juxta
1480 5453 1796 5531 principia
1829 5456 2112 5544 Philoso-

566 5558 756 5636 phica
807 5558 934 5639 (ex
966 5563 1203 5639 quibus
1233 5565 1609 5640 procedunt
1652 5571 1945 5647 praedicti
1979 5593 2113 5636 ma-

3662 428 3782 491 403

2219 571 2345 647 gis,
2397 587 2595 650 quam
2658 592 2736 637 ex
2781 580 3118 662 revelatis)
3167 601 3285 661 pro
3337 604 3762 670 quocumque

2218 690 2391 747 statu
2433 689 2806 768 subjectum
2842 701 2942 757 est
2973 714 3181 775 capax
3215 704 3619 779 privationis,
3671 719 3786 775 est

2223 802 2423 862 etiam
2454 822 2661 883 capax
2691 806 2919 873 formae
2952 818 3288 891 oppositae,
3326 827 3640 898 quantum
3671 828 3775 886 est

2226 931 2306 976 ex
2340 925 2525 993 parte
2572 925 2892 1003 subjecti;
2958 946 3116 1010 ergo
3181 935 3503 1012 applicata
3564 955 3760 1000 causa

2223 1032 2495 1108 efficaci,
2545 1056 2684 1118 quae
2715 1058 2750 1103 a
2787 1046 2959 1108 nulla
3006 1047 3433 1127 dispositione
3485 1055 3774 1136 subjecti

2222 1148 2579 1229 dependet,
2636 1160 2845 1236 qualis
2878 1167 2979 1225 est
3010 1166 3373 1242 Baptismus
3403 1170 3606 1249 (alias
3639 1188 3768 1234 non

2224 1264 2500 1328 haberet
2559 1275 2964 1337 remissionis
3034 1283 3314 1355 peccati.
3373 1285 3439 1345 in
3522 1283 3771 1348 infante

2226 1390 2581 1469 effectum)
2637 1398 2829 1458 etiam
2889 1402 3124 1481 recipit·
3182 1406 3264 1467 ab
3327 1423 3405 1469 ea
3463 1406 3770 1482 formam,

2222 1520 2345 1566 seu
2399 1507 2694 1570 habitum
2755 1517 3096 1590 privationi
3156 1524 3570 1600 oppositum3
3622 1527 3776 1588 etsi

2225 1625 2390 1688 alius
2452 1628 2752 1706 effectuS,
2816 1637 2926 1713 qui
2969 1637 3149 1700 'alias
3196 1646 3578 1709 conveniret
3623 1667 3779 1730 gra·-

2228 1743 2342 1803 tiae·
2369 1760 2493 1820 per
2540 1747 2803 1810 modum
2864 1753 3160 1833 principii
3219 1776 3345 1835 quo
3404 1760 3771 1841 efficientiS,

2224 1871 2356 1917 non
2401 1861 2722 1926 habeatur
2767 1883 2846 1928 ex
2911 1870 3383 1948 impedimento
3464 1882 3775 1962 subjecti,

2227 1990 2349 2034 seu
2379 1978 2647 2042 alterius
2680 1985 3134 2064 comprincipii
3169 2008 3288 2067 per
3331 2009 3404 2055 se
3450 2002 3775 2076 requisiti,

2219 2097 2292 2152 ut
2322 2093 2509 2156 liberi
2539 2098 2810 2174 arbitrii,
2843 2105 3051 2182 gratia
3088 2111 3307 2171 tamen
3341 2128 3460 2187 per
3503 2116 3769 2181 modum

2223 2235 2436 2282 causae
2474 2219 2762 2288 formalis
2814 2230 3209 2306 expellentis
3261 2244 3608 2311 peccatum
3641 2260 3774 2307 non

2224 2345 2401 2402 esset
2429 2345 2662 2406 otiosa.

2301 2457 2390 2515 Ex
2422 2459 2659 2535 quibus
2705 2468 2885 2537 patet
2912 2465 2996 2527 ad
3057 2465 3560 2536 fundamentum
3611 2495 3774 2557 prae-

2226 2553 2484 2633 tensum
2519 2578 2855 2640 sententiae
2877 2587 3210 2659 oppositae.
3248 2587 3370 2663 Qui
3390 2599 3610 2654 autem
3635 2601 3771 2657 sta-

2224 2689 2416 2748 tuunt
2446 2705 2579 2751 non
2624 2707 2773 2755 esse
2822 2693 2905 2757 de
2935 2694 3089 2771 fide,
3139 2708 3249 2763 aut
3295 2711 3569 2779 certum,
3620 2713 3769 2792 jus-

2228 2802 2426 2862 titiam
2459 2805 2830 2871 adultorum
2854 2814 3215 2879 consistere
3245 2789 3309 2880 in
3343 2822 3562 2902 aliquo
3596 2826 3770 2891 dono

2225 2916 2564 2992 habituali,
2611 2923 2704 2984 vel
2741 2928 3147 3001 probabilius
3197 2951 3366 3007 esse,
3417 2956 3563 3003 eam
3607 2961 3770 3006 con·

2224 3030 2456 3094 sistere
2488 3035 2553 3096 in
2584 3041 2843 3113 actuali,
2915 3043 3252 3110 adducunt
3299 3050 3443 3114 loca
3476 3057 3772 3134 quaedam

2218 3149 2590 3228 Augustini,
2645 3156 3051 3233 potissimum
3109 3164 3173 3226 in
3224 3169 3463 3245 quibus
3512 3191 3769 3238 accom-

2222 3264 2529 3329 modatur
2584 3274 2935 3350 appellatio
3002 3279 3269 3358 Justitiae
3338 3290 3650 3364 operibus
3709 3300 3775 3356 et

2227 3380 2509 3445 charitati
2555 3390 2811 3465 actuali,
2872 3392 2993 3454 sed
3042 3412 3173 3458 non
3233 3408 3333 3461 est
3391 3403 3589 3483 hujus
3645 3407 3775 3472 loci

2222 3497 2326 3558 illa
2366 3504 2764 3567 examinare.
2842 3509 3258 3576 Admonendi
3317 3525 3535 3583 tamen
3591 3530 3769 3598 sunt,

2219 3620 2660 3694 Augustinum
2696 3626 2969 3701 praei'atis
2990 3632 3053 3693 in
3085 3633 3244 3696 locis
3291 3653 3371 3699 ex
3398 3656 3598 3720 scopo
3635 3643 3769 3707 dis-

2221 3751 2447 3797 serere
2481 3744 2702 3802 contra
2736 3744 3119 3826 Pelagianos
3163 3751 3248 3814 de
3288 3755 3540 3832 justitia
3596 3776 3758 3838 ope·
3807 3803 4082 3867 Augustini

2220 3868 2367 3913 rum
2397 3854 2744 3931 bonorum,
2781 3866 2849 3922 et
2899 3862 3242 3943 adjutoriis
3272 3872 3497 3949 gratiae
3532 3892 3762 3939 neces·
3848 3880 4043 3931 scopus.

2223 3970 2431 4041 sariiS,
2492 3978 2555 4033 et
2607 3976 3177 4053 comprehendere
3231 3988 3333 4049 vel
3384 4005 3765 4070 supponere

2224 4083 2545 4163 quidquid
2575 4104 2694 4165 per
2723 4106 2795 4151 se
2829 4096 3179 4172 requiritur
3208 4100 3294 4163 ad
3325 4121 3520 4181 opera
3568 4107 3766 4189 digna

2221 4201 2519 4275 praemio,
2554 4211 2618 4265 et
2661 4209 2989 4286 complete
3020 4213 3217 4289 bona,
3258 4224 3323 4278 et
3368 4219 3540 4281 dona
3587 4223 3771 4287 habi·

2221 4308 2417 4369 tualia
2461 4316 2813 4375 convenire
2861 4334 3013 4380 cum
3077 4325 3442 4388 actualibus
3501 4331 3767 4393 nomine

2223 4425 2529 4504 adjutorii
2604 4432 3032 4512 quandoque,
3067 4441 3367 4515 quamvis
3406 4444 3762 4523 aliquando

2223 4539 2700 4606 discernantur.
2751 4547 2882 4609 Sed
2929 4549 3010 4611 de
3041 4552 3166 4615 hoc
3197 4572 3318 4632 per
3346 4563 3767 4625 occasionem
3823 4626 3826 4629 ,
3925 4622 3928 4623 ⁷

2220 4665 2662 4735 opportunam
2706 4666 2770 4726 in
2815 4672 3085 4732 materia
3134 4672 3217 4735 de
3251 4675 3771 4757 justificatione;

2221 4773 2325 4837 hic
2354 4778 2532 4837 enim
2573 4781 2788 4859 agitur
2815 4783 3025 4845 solum
3088 4786 3172 4849 de
3220 4790 3496 4870 justitia,
3557 4801 3630 4856 ut
3672 4802 3773 4859 est

2223 4887 2501 4953 effectus
2533 4894 2960 4960 Sacramenti.
3981 4887 4013 4908 κ

2304 5005 2395 5087 (b)
2438 5011 2533 5071 Ad
2541 5014 2836 5086 primum
2865 5025 3345 5094 armamentum,
3380 5030 3508 5088 etc.
3564 5028 3634 5088 In
3665 5046 3771 5091 re·
3919 5073 4001 5124 30.

2222 5124 2579 5198 sponsione
2630 5126 2713 5188 ad
2772 5131 3077 5205 primum.
3141 5134 3336 5199 docet
3379 5140 3640 5215 Doctor,
3700 5146 3768 5207 fi·
3882 5138 4084 5249 ‘affim-

2226 5238 2378 5298 dein
2442 5245 2506 5299 et
2555 5258 2741 5317 spem
2792 5244 3034 5308 infundi
3095 5251 3308 5322 simul,
3372 5261 3431 5316 el
3494 5261 3771 5336 gratiam
3876 5261 4053 5310 nfundi

2221 5354 2681 5417 universaliter
2711 5358 2778 5417 in
2852 5363 3054 5436 prima
3105 5366 3572 5442 „iustificatione
3619 5392 3770 5452 pec·
3848 5322 4064 5447 εὲἓιῗιωέι

2226 5470 2481 5541 catoriS,
2545 5480 2609 5531 et
2667 5474 3005 5549 speciatim
3062 5477 3439 5545 infantibus.
3502 5445 4114 5563 probahchammmn.

2222 5585 2373 5660 quia
2429 5589 2547 5648 Dei
2563 5590 2860 5664 perfecta
2915 5599 3060 5656 sune
3103 5614 3330 5674 opera,
3390 5608 3455 5663 et
3500 5604 3766 5683 quando
