4287 6313
553 447 673 509 278

565 625 720 672 rum
760 612 1166 690 praescripta,
1203 617 1325 673 etc.
1360 611 1569 673 Aliam
1600 611 1893 689 assignat
1929 612 2115 690 Hugo

567 719 679 780 lib.
730 720 790 782 2.
838 719 1278 781 sacramentis
1308 722 1475 795 part.
1509 719 1569 780 6.
1615 735 1761 797 cap.
1815 720 1910 780 12.
1947 722 2110 794 Bap-

567 841 794 898 tismus
879 843 964 897 est
1051 853 1227 912 aqua
1327 835 1649 898 diluendis
1736 835 2114 898 criminibus

565 956 966 1029 sanctificata
1026 972 1151 1033 per
1214 955 1481 1016 verbum
1561 960 1698 1030 Dei,
1779 960 1907 1018 etc.
1966 957 2115 1019 Haec

569 1072 854 1136 definitio
948 1074 1164 1152 reipsa
1257 1073 1563 1137 coincidit
1640 1091 1790 1136 cum
1890 1075 2112 1153 priori,

571 1192 724 1271 quia
785 1192 1011 1253 ultima
1056 1190 1258 1253 verba
1315 1189 1632 1255 denotant
1684 1193 2112 1271 ablutionem,

572 1313 640 1371 et
685 1312 755 1369 ut
805 1308 897 1369 sic
948 1306 1297 1384 applicata,
1346 1309 1585 1370 Idonea
1616 1312 1718 1370 est
1763 1310 2112 1374 abluendis

568 1425 978 1487 criminibus,
1059 1424 1267 1487 Aliam
1355 1425 1462 1503 ipe
1532 1428 1772 1491 Doctor
1823 1430 2117 1510 assignat

520 1541 758 1616 ‘infra,
815 1557 961 1620 quae
1016 1548 1116 1605 est
1163 1543 1372 1624 magis
1419 1544 1747 1621 explicita,
1794 1553 1859 1609 et
1904 1545 2116 1609 deno-

567 1667 714 1724 tans
770 1657 1092 1738 quidquid
1144 1676 1265 1737 per
1307 1678 1378 1723 se
1410 1662 1693 1741 exigitur
1735 1663 1819 1725 ad
1871 1667 2110 1727 consti·

575 1777 894 1840 tuendum
952 1778 1309 1843 intrinsece
1370 1781 1797 1860 Baptismum,
1847 1790 1912 1847 et
1961 1800 2100 1847 res-

263 1905 515 1957 Definitio
572 1898 832 1977 pective
891 1897 976 1961 ad
1036 1898 1388 1962 intrinseca
1443 1904 1924 1974 concurrentia,
1975 1918 2120 1981 quae

301 1984 490 2084 320⁸}ss
580 2014 727 2075 talis
791 2022 922 2080 est:
973 2019 1335 2095 Baptismus
1390 2027 1477 2082 est
1538 2020 1778 2082 ablutio
1846 2020 2121 2082 hominis

288 2099 534 2164 assignat.
583 2125 966 2203 aliqualiter
1021 2132 1479 2206 consentientis,
1526 2131 1707 2206 facta
1748 2133 1829 2194 ab
1861 2131 1994 2193 alio
2051 2135 2120 2192 in

579 2257 777 2318 aqua,
858 2246 1055 2306 simul
1127 2248 1322 2308 verba
1401 2253 1577 2309 certa
1668 2263 1814 2308 cum
1905 2249 2121 2311 debita

575 2359 915 2422 intentione
946 2364 1346 2439 proferente,
1417 2365 1788 2441 siqniflcans
1830 2365 2113 2443 efficaci-

571 2489 693 2560 ter,
755 2497 839 2543 ex
916 2482 1308 2544 institutione
1398 2481 1638 2552 divina,
1726 2481 2119 2543 ablutionem

575 2603 810 2662 animae
874 2616 917 2661 a
945 2603 1233 2675 peccate,
1303 2601 1430 2658 etc.
1489 2595 1696 2658 Aliam
1757 2596 2114 2677 adjnngit:

313 2721 489 2794 Altera
579 2717 945 2791 Baptismus
1019 2718 1106 2774 est
1184 2717 1688 2775 Sacramentum
1774 2713 2121 2775 ablutionis

276 2781 522 2833 defluum.
574 2829 805 2891 animae
859 2846 899 2888 a
945 2833 1235 2904 peccato,
1278 2828 1622 2889 consistens
1665 2827 1733 2886 in
1791 2825 2121 2887 ablutione

577 2943 851 3005 hominis
940 2942 1322 3020 aliqualiter
1403 2941 1866 3015 consentientis,
1940 2940 2122 3015 facta

575 3063 642 3121 in
703 3076 879 3138 aqua
944 3059 1024 3119 ab
1079 3059 1216 3119 alio
1291 3057 1610 3130 abluente,
1670 3063 1726 3118 et
1788 3058 1855 3117 in
1908 3056 2122 3118 verbis

577 3184 764 3246 certis
838 3182 1035 3244 simul
1103 3182 1185 3242 ab
1255 3184 1480 3244 eodem
1571 3179 1888 3253 abluente,

576 3299 790 3362 debita
856 3298 1222 3371 intentione,
1281 3295 1587 3373 prolatis.

364 3441 418 3493 3.
657 3416 798 3477 Haec
846 3411 1060 3474 differt
1115 3428 1151 3473 a
1212 3412 1410 3487 priori
1454 3409 1633 3489 quod
1694 3408 1802 3471 illa
1857 3409 1940 3471 sit
2000 3411 2115 3472 Sa-

257 3503 538 3634 Efflffissffi
581 3531 915 3604 eramenti‚
981 3534 1054 3591 ut
1123 3532 1224 3590 est
1276 3530 1565 3608 signum,
1640 3534 1707 3590 et
1748 3528 1813 3588 in
1869 3544 2120 3609 genere

226 3628 551 3683 definitionis.
588 3646 860 3720 relativi,
919 3648 984 3705 et
1056 3644 1247 3708 datur
1300 3660 1420 3721 per
1491 3651 1804 3717 extrema,
1877 3660 2120 3721 nempe

576 3764 1107 3836 fundamentum,
1171 3760 1350 3839 quod
1424 3767 1521 3823 est
1585 3760 1831 3824 ablutio
1900 3759 2123 3841 (juxta

576 3883 981 3960 opinionem,
1057 3894 1254 3960 quam
1348 3881 1558 3956 primo
1628 3879 1772 3940 loco
1847 3877 2124 3957 explicat

576 4004 840 4076 Ductor,
885 4006 955 4061 ut
1016 3998 1458 4078 probabilem)
1533 4014 1679 4060 cum
1739 3997 2124 4059 conditioni·

573 4121 701 4181 bus
743 4116 1088 4193 fundandi,
1139 4123 1205 4180 et
1246 4135 1369 4196 per
1427 4117 1806 4192 terminum,
1861 4118 1972 4195 qui
2025 4119 2128 4176 est

577 4237 823 4300 ablutio
869 4238 1103 4298 animae
1145 4251 1185 4295 a
1205 4239 1493 4310 peccato.
1544 4234 1969 4298 conditiones
2015 4250 2125 4295 au-

580 4359 715 4417 tem
752 4351 1074 4415 fundandi
1119 4359 1293 4426 sunt,
1325 4358 1400 4415 ut
1446 4352 1526 4412 sit
1570 4352 1952 4431 aliqualiter
1981 4370 2122 4415 con-

575 4472 919 4543 sentientis,
1004 4467 1181 4548 quod
1252 4468 1635 4547 intelligitur
1714 4469 1798 4530 de
1871 4467 2120 4543 adultO,

579 4587 877 4666 quamvis
917 4587 1116 4647 etiam
1160 4586 1368 4661 possit
1412 4584 1676 4647 extendi
1708 4583 1793 4646 ad
1825 4601 1964 4659 eOS,
2011 4586 2126 4664 qui

1965 3195 2111 3241 Cum

577 4708 643 4765 in
702 4702 938 4782 seipsis
1004 4708 1347 4780 nequeunt
1387 4702 1635 4764 habere
1690 4716 2134 4775 consensum,-

576 4827 648 4884 ut
676 4818 985 4894 infanteS,
1030 4820 1278 4881 habent
1334 4821 1554 4879 tamen
1583 4818 1650 4879 in
1681 4817 1832 4890 ali0,
1879 4831 2124 4893 nempe

574 4941 641 5001 in
697 4937 1008 5007 Ecclesia,
1058 4951 1201 5015 quae
1272 4951 1388 5014 pro
1457 4934 1616 5012 ipsis
1690 4932 1998 5011 spondet,
2044 4951 2127 4995 ex

577 5052 945 5132 Augustino
988 5050 1182 5111 variis
1224 5051 1290 5111 in
1347 5049 1533 5111 locis.
1603 5050 1785 5122 ltem,
1845 5049 2125 5128 requiri-

579 5175 684 5231 tur
711 5173 786 5230 ut
831 5170 916 5229 sit
960 5168 1039 5228 ab
1085 5166 1218 5228 alio
1252 5166 1519 5227 habente
1568 5166 1850 5227 debitam
1877 5166 2127 5228 intenti-

576 5298 764 5345 onem
820 5289 887 5344 et
931 5282 1305 5359 proferente
1360 5279 1559 5341 simul
1612 5281 1814 5341 verba
1878 5278 2123 5351 formae,

578 5408 650 5465 ut
729 5398 893 5461 infra
981 5397 1441 5460 declarabitur.
1525 5396 1829 5458 Secunda
1903 5402 2125 5458 autern

271 5475 518 5591 mizi?
582 5517 870 5580 definitio
914 5516 980 5576 in
1039 5512 1297 5575 duobus
1342 5512 1578 5588 differt,
1639 5529 1881 5591 nempe
1947 5514 2127 5593 quod

584 5637 777 5701 detur
843 5649 967 5712 per
1039 5645 1252 5715 genus
1314 5630 1707 5710 proximum,
1786 5630 1965 5710 quod
2024 5638 2126 5695 est

1758 448 1904 512 ΗΒ.
1937 448 2038 511 iv.
2085 447 2682 516 SENTENTIARUM

2224 614 2747 691 Sacramentum,
2802 619 2869 677 et
2915 616 3223 698 designet
3274 617 3473 683 totale
3530 617 3775 682 funda-

2222 733 2522 791 mentum
2564 745 2701 793 non
2746 747 2894 794 esse
2939 732 3146 795 solam
3192 736 3618 810 ablutionem,
3654 735 3773 799 sed

2222 845 2415 907 simul
2483 847 2808 910 accedere
2856 851 3080 923 verba,
3156 867 3234 912 ex
3305 853 3546 932 quibus
3616 869 3773 915 con-

2224 965 2433 1041 surgit
2475 964 2810 1043 integrum
2854 963 3381 1031 fundamentum.
3440 969 3619 1032 Prior
3661 986 3772 1031 au-

2227 1084 2359 1141 tem
2424 1080 2648 1144 statuit
2721 1083 3054 1163 integrum
3097 1083 3607 1148 fundamentum
3663 1104 3775 1149 re·
3821 1053 4111 1188 ῗῖἕῗιξξῗὲ

2224 1197 2484 1261 lationis
2528 1200 3021 1263 sacramentalis
3089 1219 3213 1265 seu
3280 1202 3772 1283 significationis
3801 1183 4124 1238 d⁰fluiti⁰⁰¹ffi

2224 1316 2292 1377 in
2360 1315 2501 1377 sola
2570 1316 2927 1391 ablutione,
3002 1299 3107 1381 cui
3179 1319 3508 1383 accedunt
3570 1322 3773 1384 verba

2227 1445 2348 1507 per
2399 1430 2672 1493 modum
2746 1433 3137 1498 conditionis
3206 1433 3644 1513 specificantis
3690 1443 3775 1500 et

2228 1546 2727 1611 determinantis
2786 1550 2868 1613 ad
2926 1548 3333 1613 fundandam
3389 1551 3774 1634 significati-

2228 1679 2426 1725 onem
2464 1668 3033 1728 sacramentalem.

2308 1782 2448 1844 Haec
2483 1785 2763 1846 varietas
2812 1785 3017 1846 oritur
3046 1802 3127 1846 ex
3173 1785 3548 1849 diversitate
3595 1788 3774 1851 modi
3938 1786 3969 1835 ⁴

2227 1900 2559 1961 sentiendi
2603 1902 2772 1963 circa
2814 1902 2999 1979 illud,
3044 1902 3223 1982 quod
3274 1909 3773 1967 Sacra-mentum
3797 1845 4102 2021 §nagges

2228 2020 2537 2095 importat
2597 2021 2662 2081 in
2736 2023 2942 2094 rect0,
3017 2025 3326 2101 tanquam
3382 2020 3773 2085 fundamen·
3830 1976 4127 2087 nvffisstgtus.

2229 2137 2366 2194 tum
2438 2133 2931 2212 significationis
2975 2139 3306 2215 practicae.
3374 2138 3494 2201 Alii
3551 2139 3775 2203 dicunt
3834 2104 4103 2209 ‘euffguae

2229 2248 2432 2310 solam
2504 2251 2907 2315 ablutionem
2975 2269 3096 2315 seu
3164 2256 3498 2319 materiam
3526 2304 3541 2330 ‚
3626 2273 3772 2318 esse
3852 2223 4103 2360 ξῗέὲῧῗὲζ.

2232 2366 2667 2430 essentialiter
2736 2369 3253 2444 Sacramentum,
3348 2387 3481 2435 non
3551 2377 3774 2434 autem
3881 2349 4054 2400 ‘¹⁰”³⁸·

2229 2482 2532 2557 formam,
2607 2484 2728 2547 sed
2805 2502 2953 2548 esse
3032 2488 3417 2566 requisitam
3499 2494 3774 2565 tantum,

2232 2601 2528 2678 quamvis
2583 2599 2741 2661 nihil
2795 2599 3036 2663 efficiat
3106 2607 3218 2664 aut
3258 2601 3583 2683 significet
3625 2623 3779 2683 pra-

2233 2717 2416 2777 ctice.
2480 2716 2604 2778 Alii
2638 2716 2875 2790 ‚dicunt
2929 2723 3289 2797 utrumque
3350 2729 3650 2796 spectare
3695 2724 3780 2787 ad

2230 2832 2586 2892 essentiam
2634 2833 3038 2894 Sacramenti
3093 2836 3159 2895 in
3215 2840 3399 2897 recto
3458 2842 3524 2898 et
3583 2838 3782 2899 simul

2229 2947 2524 3007 instituta
2556 2961 2703 3008 esse
2734 2945 2821 3006 ad
2866 2947 3267 3009 causandam
3310 2953 3611 3029 gratiam,
3660 2966 3782 3028 per

2191 3060 2503 3125 ‚modum
2545 3063 2739 3123 unius
2772 3064 2986 3124 totalis
3034 3064 3205 3146 signi
3254 3068 3773 3131 sacramentalis.

2234 3179 2443 3240 Prima
2512 3177 2802 3240 definitio
2881 3184 2983 3241 est
3051 3182 3419 3244 secundum
3489 3186 3779 3261 priorem

2231 3280 2663 3369 sententiam;
2713 3295 3008 3357 secunda
3052 3313 3207 3360 vero
3247 3299 3620 3362 secundum
3661 3319 3775 3380 po-

2230 3412 2599 3472 steriorem.
2677 3410 2956 3472 Primam
3012 3416 3197 3474 tenet
3266 3414 3593 3495 Magister,
3671 3434 3776 3480 se·
3858 3442 3936 3489 M„
3977 3442 4066 3495 m·

2235 3527 2520 3588 cundam
2570 3526 2645 3588 D.
2706 3527 3163 3589 Bonaventura
3235 3526 3377 3590 dist.
3429 3531 3490 3592 3.
3537 3537 3666 3593 art.
3711 3535 3773 3595 2.
3810 3503 3944 3615 ”gen
3972 3519 4126 3556 ⁰¹¹⁸*-

3948 3569 4105 3618 tentia

2234 3646 2450 3719 quaest.
2531 3642 2584 3702 l.
2644 3641 2758 3702 ubi
2814 3642 3015 3704 verba
3089 3642 3461 3724 significare
3532 3647 3774 3723 princi·
3811 3628 4060 3757 ‘ecgjssg
4079 3636 4135 3680 ‘³²

2234 3758 2445 3836 palius
2501 3758 2778 3838 gratiam
2842 3758 3059 3821 docet.
3137 3762 3424 3841 Utraque
3482 3769 3583 3825 est
3631 3780 3780 3842 pro·
3828 3753 4104 3880 {ffissssffiss

2232 3878 2469 3941 babilis
2524 3896 2605 3941 ex
2672 3880 2978 3956 Doctore‚
3039 3881 3162 3944 sed
3220 3882 3519 3945 secunda
3570 3886 3784 3966 magis

2234 3996 2613 4075 probabilis,
2678 3997 2829 4076 quia
2884 3997 3173 4077 alioquin
3216 4015 3350 4060 non
3402 4000 3781 4064 viderentur

2235 4115 2409 4193 exigi
2472 4115 2687 4188 verba,
2751 4116 2873 4178 nisi
2944 4119 3321 4193 spectarent
3378 4118 3461 4179 ad
3521 4119 3785 4199 signum

2236 4229 2733 4292 sacramentale.
2787 4230 2927 4291 Haec
2971 4229 3134 4292 ratio
3195 4230 3587 4306 declaratur,
3635 4233 3786 4312 quia

2235 4346 2482 4407 ablutio
2535 4348 2818 4408 exterior
2863 4346 3065 4407 habet
3110 4344 3192 4408 de
3235 4363 3307 4409 se
3349 4346 3788 4411 sufficientem

2237 4463 2729 4541 proportionem
2772 4462 3215 4526 similitudinis
3257 4463 3340 4526 ad
3384 4465 3788 4528 ablutionem

2235 4578 2629 4654 interiorem,
2687 4585 2760 4643 ut
2837 4598 2983 4642 eam
3059 4580 3386 4662 significet
3463 4589 3785 4663 quantum

2237 4697 2320 4758 ad
2359 4702 2663 4759 naturam
2703 4698 2907 4776 ipsius
2963 4703 3173 4774 actus,
3235 4701 3404 4762 sicut
3448 4703 3781 4763 circumci-

2234 4814 2330 4877 sio
2387 4818 2453 4877 in
2500 4832 2693 4878 carne
2744 4813 2830 4877 ad
2881 4814 3385 4896 significandum
3449 4818 3785 4881 circumci-

2229 4930 2486 4991 sionem
2533 4930 2770 5005 cordis,
2832 4946 3030 5009 quam
3095 4932 3237 4993 sine
3281 4933 3499 4995 verbis
3548 4933 3782 5014 adjun-

2239 5045 2380 5118 ctiS‚
2442 5045 2809 5109 accedente
2892 5048 3031 5108 sola
3083 5047 3491 5113 institutione
3538 5049 3781 5126 divina,

2236 5160 2647 5241 significavit.

2313 5277 2455 5338 Non
2499 5276 2711 5338 minor
2753 5283 2853 5340 est
2910 5279 3243 5356 proportio
3302 5281 3654 5343 ablutionis
3699 5281 3782 5344 ad
3822 5252 4128 5360 verss‘non

2236 5394 2589 5469 internam3
2643 5411 2802 5474 ergo
2853 5395 3046 5458 verba
3100 5396 3412 5477 adjuncta
3455 5415 3587 5460 non
3632 5415 3781 5478 spe·
3844 5374 4118 5486 accesitem

2238 5509 2514 5585 cificant,
2572 5529 2793 5591 neque
2830 5512 3309 5618 'determinant
3376 5517 3782 5582 ablutionem

3865 5499 4089 5613 efficitqu-

3866 5578 3892 5611 8
3953 5580 3982 5612 Ω
4013 5579 4061 5613 la

2232 5629 2316 5691 ad
2387 5629 2671 5709 aliquam
2739 5631 3060 5715 majorem
3137 5635 3635 5713 proportionem
3717 5646 3782 5703 et
3807 5626 4131 5690 ⁸²³¹U‘10uis·
