4287 6313
163 3764 471 3828 Exprimere

188 3834 462 3889 actionem,

251 3901 311 3944 ut
363 3912 393 3946 a

187 3957 450 4007 ministre.

187 4028 267 4070 est
297 4021 410 4080 ipsu
418 4035 467 4068 m

157 4082 459 4133 ministrnm

161 4161 453 4213 exprimere
464 4186 477 4199 .

1584 414 1784 478 DIST.
1832 415 1930 477 111.
1980 415 2341 491 QUAES'rto
2389 417 2463 479 ΙΙ.

171 588 495 663 Nom-oquin
608 574 768 650 Quia
826 576 1191 653 baptizatur
1247 583 1313 640 et
1366 579 1897 666 baptizetur-non
1942 577 2060 640 de-

218 667 468 766 ffiffiffb

171 784 492 892 affiiziffioa
519 811 800 887 passiva,
833 812 956 874 sed
1004 814 1400 893 subjectum,
1446 813 1514 875 in
1563 830 1694 892 quo
1746 820 1846 877 est
1894 817 2061 878 actio

291 909 387 955 est.

519 696 749 753 notant
787 709 1139 771 personam
1181 695 1481 771 ministri,
1530 711 1677 758 cum
1707 695 1836 758 sint
1866 698 2065 758 verba

519 941 639 1002 per
692 926 963 989 modum
1021 929 1385 1005 passionis;
1460 930 1776 1007 implicite
1845 933 2062 991 autem

523 1050 836 1108 connotat
919 1063 1127 1126 agens
1237 1047 1719 1122 correlativum,
1805 1049 2064 1110 seclusa

520 1163 644 1225 alia
711 1164 1053 1242 particula,
1133 1181 1276 1244 quae
1346 1165 1565 1243 ipsum
1636 1166 2059 1243 exprimeret,

517 1279 687 1341 sicut
744 1282 1126 1343 correlativa
1184 1285 1338 1344 sunt
1407 1283 1600 1344 simul
1660 1283 2060 1361 cognitione,

517 1401 590 1460 ut
652 1403 750 1459 est
809 1398 978 1459 actio
1051 1403 1119 1460 et
1173 1398 1415 1475 passio.
1489 1398 1675 1462 Unde
1731 1399 1797 1460 in
1852 1397 2061 1460 forma

518 1510 885 1574 Graecorum
942 1514 1116 1574 nulla
1179 1514 1498 1591 particula
1556 1514 1853 1590 exprimit
1907 1532 2057 1593 per-

517 1641 748 1689 sonam
779 1628 1073 1701 ministri,
1110 1644 1328 1707 neque
1372 1633 1697 1692 actionem
1734 1631 2059 1708 explicite,

516 1748 588 1804 ut
632 1759 666 1804 a
711 1744 1028 1806 ministro,

601 1859 907 1934 Quamvis
937 1865 1162 1922 autem
1207 1860 1645 1925 Florentinum
1689 1859 1889 1923 addat
1917 1879 2056 1923 ma-

522 1975 708 2037 nibus
757 1976 939 2048 meis,
1001 1975 1069 2037 id
1133 1975 1596 2039 declarationis
1649 1977 1858 2056 gratia
1915 1976 2056 2053 fuit,

518 2108 652 2155 non
702 2091 1137 2166 necessitatiS,
1218 2108 1367 2153 cum
1444 2093 1645 2155 Graeci
1701 2093 1875 2155 illam
1931 2108 2061 2154 non

518 2208 910 2285 exprimant.
968 2209 1197 2287 Neque
1255 2209 1416 2271 ratio
1460 2210 1657 2290 hujus
1714 2226 1873 2272 usus
1941 2211 2056 2272 ba-

515 2323 801 2404 ptizandi
879 2340 1002 2402 per
1077 2324 1332 2389 Graecos
1428 2325 1807 2397 introducti,
1866 2327 2058 2388 aliam

513 2444 999 2521 expressionem
1048 2446 1381 2520 permittit,
1429 2445 1604 2508 unde
1635 2451 1710 2507 ut
1737 2450 1919 2507 recte
1948 2449 2060 2508 Ar-

513 2559 770 2632 cudius,
817 2560 1044 2639 απ’ἐμὲ,
1090 2560 1197 2622 vel
1288 2565 1333 2620 δι
1381 2562 1497 2640 ἐμέ,
1545 2561 1611 2623 id
1672 2567 1794 2635 est,
1843 2579 1884 2623 α
1933 2581 2058 2637 me,

514 2679 623 2741 vel
643 2694 769 2756 per
804 2696 925 2756 me,
970 2686 1153 2743 recte
1202 2681 1737 2761 subintelligitur,
1786 2689 1852 2744 et
1898 2683 2058 2745 ratio

513 2794 686 2858 facta
748 2799 1076 2859 convincit
1143 2800 1476 2877 importari
1535 2800 1842 2878 implicite
1916 2815 2061 2877 per-

514 2930 746 2975 sonam
796 2914 1091 2987 ministri,
1126 2923 1197 2978 ut
1237 2921 1505 2979 exercet
1560 2919 1889 2978 actionem
1940 2919 2062 2980 ba-

515 3032 799 3109 ptizandi
891 3038 1253 3096 externam.

599 3151 777 3213 Ratio
840 3151 1039 3213 etiam
1100 3152 1446 3215 Florentini
1505 3156 1838 3233 praemissa
1882 3153 2060 3217 idem

513 3268 848 3347 supponit,
882 3269 1130 3331 docens
1161 3286 1294 3332 non
1354 3272 1728 3335 necessario
1785 3274 2059 3350 exprimi

518 3398 784 3447 causam
842 3387 1436 3461 instrumentalem,
1484 3387 1604 3450 sed
1670 3390 1839 3452 actio
1910 3395 1983 3451 ut
2026 3407 2062 3452 a

512 3501 804 3564 ministro
873 3505 1150 3563 eatenus
1204 3504 1577 3565 necessario
1632 3506 2064 3585 exprimenda

517 3624 696 3682 esset
735 3620 800 3679 in
830 3618 1060 3692 forma,
1097 3628 1422 3698 quatenus
1450 3622 1595 3700 ipse
1624 3626 1925 3686 minister
1955 3643 2058 3688 es·

515 3740 620 3797 set
674 3735 1168 3814 exprimendus,
1209 3737 1336 3799 hoc
1380 3743 1600 3799 autem
1657 3756 1790 3801 non
1844 3743 2061 3821 requi·

519 3852 679 3914 ritur
726 3868 846 3930 per
891 3856 1103 3930 ipsum
1151 3855 1465 3933 vasquez.
1512 3855 1829 3918 Probatur
1872 3864 2055 3920 ante-

517 3969 786 4045 cedenS,
822 3971 972 4049 quia
1005 3969 1153 4033 ideo
1188 3972 1671 4048 exprimeretur
1698 3991 1818 4051 per
1844 3975 2061 4051 ipsum

513 4087 709 4163 actio,
753 4091 830 4148 ut
893 4090 994 4148 est
1049 4102 1086 4148 a
1141 4087 1461 4163 ministr0,
1510 4093 1839 4167 quatenus
1901 4106 2057 4153 con-

517 4219 750 4265 cursus
800 4216 1017 4265 causae
1059 4203 1577 4265 instrumentalis
1622 4222 1744 4267 seu
1787 4206 2063 4269 ministri

513 4336 983 4417 exprimendus
1028 4339 1131 4411 sit,
1165 4354 1249 4401 ne
1294 4338 1584 4418 alioquin
1634 4337 2064 4403 denotaretur

511 4464 692 4527 solus
763 4465 940 4525 Deus
1011 4480 1159 4526 esse
1233 4481 1430 4527 causa
1506 4467 1732 4545 gratiae
1800 4468 2055 4546 absque

518 4566 830 4659 ministrO,
898 4590 965 4647 et
1007 4591 1494 4664 consequenter
1535 4588 1788 4667 absque
1843 4590 2063 4653 Sacra-

510 4718 760 4787 ment0,
804 4716 876 4773 ut
920 4712 1066 4790 ipse
1122 4710 1358 4808 infert3
1436 4729 1795 4776 concursus
1839 4721 2063 4782 autem

512 4840 784 4902 ministri
837 4840 1067 4918 nequit
1118 4817 1414 4917 exprimi,
1469 4843 1594 4903 nisi
1658 4846 2064 4922 exprimatur

510 4958 654 5044 ipse
707 4964 1025 5038 minister,
1077 4968 1227 5044 quia
1293 4977 1392 5029 est
1449 4971 1645 5042 actio,
1692 4973 1766 5031 ut
1819 4970 1960 5034 fluit
2017 4991 2052 5035 a

514 5090 747 5151 virtute
773 5091 1053 5168 agentis.
1103 5089 1234 5151 Sed
1267 5089 1624 5154 Concilium
1671 5093 1827 5156 dicit
1870 5094 2061 5159 suffi-

519 5233 690 5293 cere,
723 5224 797 5281 ut
845 5221 1249 5298 exprimatur
1290 5223 1484 5296 acti0,
1532 5227 1606 5284 ut
1636 5229 1738 5286 est
1775 5242 1811 5287 a
1861 5243 2055 5289 causa

515 5343 878 5423 principali,
913 5348 981 5406 et
1009 5360 1139 5405 non
1181 5345 1681 5423 instrumentali,
1731 5350 1882 5430 quia
1939 5369 2053 5414 ex·

516 5470 796 5547 primere
829 5487 1094 5532 causam
1123 5475 1490 5550 respective
1522 5473 1602 5536 ad
1640 5475 1945 5539 effectum
1989 5478 2056 5540 in

511 5596 684 5671 fleri,
756 5603 826 5660 ut
884 5600 1204 5680 contingit
1258 5601 1336 5661 in·
1368 5605 1729 5679 proposito,
1780 5609 1880 5667 est
1943 5621 2055 5667 ex-

3601 411 3719 474 295

2174 581 2456 657 primere
2489 595 2753 642 causam
2782 582 2856 642 ut
2879 577 3107 650 influit,
3160 581 3226 638 et
3276 576 3356 638 ab
3414 591 3492 639 eo
3552 573 3708 636 effe-

2177 699 2317 756 ctus
2339 692 2444 763 fit:
2483 711 2664 773 ergo,
2716 698 2838 755 etc.

2256 779 2511 872 Deinde
2589 809 3017 887 exprimendo
3105 808 3425 870 influxum
3509 822 3720 869 causae
3858 817 3936 867 20.

2175 928 2572 1006 principaliS,
2605 933 2673 989 ut
2717 929 2852 1005 agit
2880 927 3215 988 mediante
3250 927 3713 996 instrumento,
3771 881 4042 990 Εέἓῖιξῖἒω

2174 1043 2575 1107 sufficienter
2618 1047 3005 1122 importatur
3051 1044 3216 1106 actio
3275 1041 3713 1112 instrumenti,
3741 1005 4035 1116 prssssgffsssssss

2175 1165 2248 1220 ut
2291 1160 2371 1222 ab
2422 1160 2879 1233 instrumento,
2928 1177 3003 1221 ex
3051 1159 3424 1237 praescripto
3486 1156 3715 1219 ordine
3743 1129 4058 1243 insttztffiren-

2178 1293 2522 1338 causarum
2567 1282 2630 1338 et
2683 1276 2985 1338 influxus,
3035 1276 3163 1337 Sed
3210 1275 3596 1352 exprimitur
3651 1273 3716 1334 in

2172 1391 2381 1454 forma
2446 1389 2863 1469 deprecativa
2905 1394 2970 1453 in
3026 1392 3248 1454 verbis
3306 1387 3716 1467 praescriptiS,

2176 1509 2352 1569 Deus
2419 1523 2613 1569 causa
2660 1507 3055 1584 principalis,
3110 1511 3184 1567 ut
3243 1504 3524 1566 influens
3586 1519 3721 1564 me-

2177 1623 2399 1685 diante
2429 1624 2850 1684 Sacramento
2896 1622 3212 1695 sensibili,
3246 1618 3425 1700 quod
3460 1620 3725 1698 ponitur

2176 1747 2295 1809 per
2353 1731 2744 1801 ministrum,
2815 1735 2882 1792 et
2951 1729 3240 1791 consistit
3298 1726 3593 1806 proxime
3652 1726 3720 1787 in

2174 1847 2428 1910 actibus
2461 1846 2605 1927 ejus
2635 1846 3053 1909 sensibilibus
3081 1864 3095 1916 ;
3131 1861 3290 1923 ergo
3315 1842 3723 1905 sufficienter

2174 1966 2561 2041 importatur
2606 1979 2725 2041 per
2792 1962 2918 2023 hoc
2969 1960 3180 2022 solum
3239 1960 3402 2021 actio
3453 1964 3519 2020 et
3562 1973 3713 2018 con-

2177 2095 2405 2142 cursus
2453 2079 2748 2151 ministri,
2798 2082 2939 2141 sine
2986 2079 3108 2139 alta
3154 2077 3601 2155 expressione.

2251 2198 2463 2260 Tertio
2537 2197 2851 2276 denique,
2930 2199 3079 2274 quia
3142 2211 3224 2257 ex
3288 2198 3521 2255 natura
3592 2193 3711 2268 rei,
3821 2189 3997 2305 3¹:33³

2173 2313 2537 2376 accedente
2610 2311 3015 2373 institutione
3074 2311 3315 2385 divina,
3382 2309 3592 2371 forma
3651 2313 3716 2369 et
3741 2321 4060 2431 Exctcichtxljgn-

2173 2431 2442 2492 materia
2486 2431 2567 2491 ab
2615 2427 2855 2491 eodem
2884 2429 3174 2491 ministro
3222 2427 3469 2492 debent
3512 2426 3712 2503 appti-
3743 2447 3969 2495 materiae
4010 2453 4059 2499 et

2171 2547 2327 2619 cari,
2357 2547 2439 2608 ita
2492 2555 2564 2608 ut
2609 2547 2662 2609 si
2714 2547 2915 2609 attera
2957 2546 3182 2607 harum
3241 2561 3362 2622 per
3421 2541 3712 2605 diversos
3756 2511 4038 2635 ωὲῖζῖῑῖθ

2170 2664 2503 2725 ministros
2576 2664 2961 2742 applicetur,
3018 2660 3225 2725 forma
3288 2678 3410 2739 per
3477 2632 4056 2751 unum,{,‘}1f¹2{¹‡flffi¹¹

2171 2782 2441 2844 materia
2465 2800 2584 2861 per
2613 2783 2913 2854 alterurn,
2947 2798 3082 2842 non
3104 2781 3435 2859 integrent
3451 2779 3710 2839 materi-

2172 2918 2295 2972 am,
2314 2917 2435 2963 seu
2456 2898 2954 2961 fundamentum
2977 2897 3464 2978 significationis
3500 2911 3711 2956 sacra-

2172 3018 2499 3085 mentalis,
2525 3032 2745 3093 neque
2776 3014 3337 3077 sacramentaliter
3378 3011 3714 3091 applicen-

2178 3141 2326 3207 tur:
2376 3150 2534 3214 ergo
2570 3149 2651 3195 ex
2684 3132 3148 3214 conjunctione
3203 3132 3432 3193 harum
3487 3129 3569 3191 ad
3626 3132 3719 3192 in-

2173 3253 2409 3325 vicem,
2464 3254 2644 3311 recte
2711 3249 3093 3328 designatur
3155 3249 3398 3310 ablutio
3457 3263 3606 3310 esse
3682 3263 3719 3308 a

2176 3366 2556 3448 proferente
2585 3367 2809 3439 verba,
2845 3370 2912 3427 et
2939 3369 3294 3442 utrumque
3326 3367 3407 3428 ab
3450 3364 3713 3438 eodem,

2174 3487 2434 3547 seclusa
2474 3484 2594 3544 alia
2648 3497 3065 3561 quacumque
3118 3482 3433 3558 particula
3481 3480 3548 3541 id
3599 3497 3718 3541 ex-

2173 3604 2499 3680 primente
2533 3618 2615 3662 ex
2664 3598 3070 3662 institutione
3127 3599 3282 3659 item
3331 3597 3568 3669 divina,
3633 3614 3713 3659 ex

2173 3717 2404 3779 ordine
2476 3714 2704 3778 formae
2786 3713 2870 3775 ad
2940 3717 3281 3777 materiam
3316 3760 3332 3785 ,
3405 3720 3717 3793 tanquam

2175 3838 2579 3911 compartem
2609 3832 2992 3910 applicatam
3026 3833 3106 3895 ab
3137 3833 3278 3908 ipso
3314 3829 3713 3909 proferente,

2173 3970 2257 4014 ex
2326 3956 2557 4013 natura
2615 3954 2744 4010 tam
2808 3949 3080 4009 actionis
3138 3930 3472 4010 ablutivae'
3518 3964 3719 4026 quam

2174 4070 2554 4147 prolationis
2584 4067 2960 4137 verborum,
2994 4083 3075 4127 ex
3107 4066 3337 4126 ordine
3368 4065 3717 4127 ablutionis

2173 4191 2464 4264 receptae
2509 4188 2576 4247 in
2606 4185 2931 4262 subjectO.
2977 4190 3041 4245 et
3083 4183 3354 4261 signatae
3408 4198 3528 4258 per
3582 4179 3714 4243 for-

2173 4319 2370 4378 mam,
2428 4319 2510 4363 ex
2568 4299 3105 4362 subordinatione
3165 4298 3567 4359 sacr-amenti
3656 4301 3721 4357 et

2172 4420 2448 4484 ministri
2472 4417 2555 4481 ad
2588 4433 2852 4479 causam
2883 4415 3314 4493 principalem
3342 4433 3358 4484 ς
3393 4411 3717 4475 sufficien-

2172 4544 2297 4612 ter,
2372 4539 2663 4615 inquam,
2738 4533 3085 4595 denotatur
3139 4532 3332 4606 actio,
3390 4533 3461 4590 ut
3535 4533 3637 4589 est
3680 4546 3714 4589 a

2173 4653 2489 4723 ministr0,
2522 4651 2629 4713 vel
2673 4665 2819 4712 esse
2853 4649 2934 4709 ab
2966 4650 3131 4723 ipSO,
3181 4662 3256 4706 ac
3299 4642 3572 4721 proinde
3603 4660 3717 4705 su-

2172 4769 2432 4850 perfluit
2461 4767 2673 4828 omnis
2705 4764 2947 4827 additio
3000 4762 3079 4823 ad
3127 4761 3286 4823 illud
3337 4761 3714 4837 exprimen-

2176 4887 2356 4958 dum,
2391 4883 2706 4965 quamdiu
2748 4880 3051 4961 praedicta
3080 4882 3432 4943 salvantur·

2250 5023 2406 5085 Peto
2442 5020 2617 5082 enim
2650 5017 2805 5096 quid
2838 5014 3146 5095 designet
3173 5014 3382 5091 ipsam
3431 5011 3710 5073 formam
3855 5044 3934 5094 21.

2173 5155 2320 5200 esse
2351 5154 2387 5199 a
2418 5136 2761 5200 ministro?
2788 5150 2869 5195 an
2902 5133 3096 5195 etiam
3139 5130 3222 5191 ad
3252 5131 3375 5190 hoc
3413 5128 3712 5206 requira-

2171 5262 2274 5317 tur
2302 5252 2617 5331 particula
2660 5251 2789 5312 ulla
2820 5252 2886 5312 in
2937 5248 3169 5320 forma,
3222 5261 3373 5324 quae
3432 5244 3497 5305 id
3543 5245 3711 5306 desi-

2169 5369 2629 5443 ,quemcthoc
2673 5383 2831 5438 non,
2870 5369 2945 5425 ut
2995 5379 3112 5440 per
3163 5379 3234 5423 se
3278 5365 3502 5438 patet;
3550 5376 3709 5433 ergo

2169 5484 2324 5547 nihil
2380 5483 2557 5546 aliud
2613 5484 2739 5543 hoc
2798 5480 3126 5556 exprimit,
3199 5483 3443 5555 praeter
3494 5479 3702 5552 ipsam

2169 5605 2609 5682 prolationem
2641 5602 2809 5682 ejus,
2845 5617 2988 5681 quae
3040 5598 3170 5660 fita
3220 5596 3538 5659 ministro.
3591 5594 3706 5655 Eo-
