4287 6313
383 565 441 632 Ej
450 582 509 638 us

277 635 568 685 necessum,

302 692 598 804 ffieffffia’
630 687 730 753 vel
782 688 934 776 quia
965 688 1175 755 media
1208 710 1322 775 per
1368 710 1441 756 se
1471 688 1787 777 requisita
1828 707 1957 753 non
1989 706 2175 751 assu·

396 1456 458 1508 62

304 4317 586 4392 Responsio

311 4398 579 4498 ιωῐίιιιιῗωι-

625 392 705 469 62
1798 405 1945 469 Llss.
1978 404 2079 468 tv.
2126 402 2737 469 SENTENTIARUM

629 569 780 657 quia
809 568 1020 636 virtus
1051 589 1181 636 non
1221 579 1321 638 est
1385 568 1787 638 sufficienter
1825 567 2166 655 applicata,

629 817 918 884 muntur,
964 814 1075 872 aut
1121 816 1458 891 assumpta
1498 824 1628 870 non
1677 803 2036 872 secundum
2072 824 2176 868 or-

626 919 844 987 dinem
883 934 947 988 et
981 919 1245 986 modum
1278 919 1570 986 debitum
1601 919 2035 1007 applicantur,
2071 922 2176 986 vel

628 1037 779 1125 quia
840 1036 1304 1124 impedimenta
1371 1035 1643 1103 actionis
1702 1049 1766 1103 et
1841 1057 2060 1103 causae
2109 1035 2178 1101 in

625 1153 1023 1221 contrarium
1104 1163 1397 1240 agenteS,
1495 1173 1625 1219 non
1710 1154 2177 1220 submoveren-

628 1282 759 1338 tur.

717 1388 839 1456 Sed
874 1387 1034 1455 nihil
1093 1386 1329 1454 horum
1378 1386 1700 1473 contingit
1756 1386 1822 1451 in
1893 1383 2182 1471 potentia

280 1491 594 1571 Excluditur.
628 1505 953 1583 creativa;
989 1525 1174 1592 ergo,
1206 1513 1330 1571 etc,
1376 1505 1581 1592 Major
1621 1514 1821 1590 patet,
1873 1512 1937 1567 et
1967 1501 2183 1566 minor

630 1620 963 1708 probatur,
1019 1619 1170 1707 quia
1216 1618 1429 1685 virtus
1477 1617 1763 1685 creativa
1802 1615 1966 1682 nihil
2015 1614 2177 1702 agit,

627 1736 732 1803 vel
773 1735 1100 1803 creatione
1139 1735 1297 1821 agit,
1356 1754 1504 1822 quae
1544 1744 1644 1800 est
1689 1743 1875 1801 actus
1905 1733 2048 1820 ejus
2079 1752 2183 1798 se·

621 1853 902 1933 cundus,
940 1873 1150 1941 neque
1187 1852 1374 1918 aliter
1404 1863 1504 1918 est
1537 1851 1602 1916 in
1661 1863 1806 1917 actu
1862 1847 2174 1925 secundo,

622 1975 734 2057 qui
770 1980 1020 2035 tantum
1053 1970 1330 2035 subesse
1354 1979 1565 2055 potest
1595 1965 1938 2033 directioni
1968 1988 1982 2043 3
2018 1984 2180 2050 ergo

625 2086 681 2153 si
722 2086 882 2173 agit,
922 2084 1220 2173 producit
1253 2084 1553 2150 effectum
1587 2095 1819 2159 totum,
1873 2094 1937 2148 et
1966 2064 2203 2147 totali-⁴

624 2213 725 2268 ter
763 2223 843 2267 ex
875 2200 1103 2280 nihile,
1133 2221 1345 2288 neque
1377 2198 1561 2266 aliter
1593 2197 1903 2286 applicari
1937 2209 2176 2284 potest,

627 2337 788 2406 ergo
828 2329 1145 2406 quantum
1209 2317 1287 2383 ad
1348 2317 1470 2383 hoc
1520 2336 1648 2382 non
1710 2315 1963 2402 indiget
2010 2313 2182 2381 dire-

627 2436 865 2513 ctione,
914 2454 1125 2521 neque
1163 2432 1391 2499 subest
1420 2431 1790 2499 directioni.

720 2550 1090 2618 Secundum
1149 2569 1278 2616 non
1336 2548 1685 2635 contingit,
1750 2548 1902 2636 quia
1967 2549 2182 2616 virtus

629 2667 910 2734 creativa
962 2666 1250 2733 excludit
1289 2665 1508 2731 omnia
1566 2664 1781 2731 media
1839 2675 1903 2730 et
1950 2684 2184 2731 causas

631 2794 903 2864 creataS,
975 2803 1125 2870 quae
1177 2780 1757 2865 inefficacessunt
1807 2779 1885 2848 ad
1962 2779 2184 2846 termi-

633 2919 789 2967 num
868 2898 1242 2979 creationiS,
1344 2909 1455 2964 aut
1530 2896 1740 2984 ipsius
1830 2896 2184 2964 creationis

634 3015 891 3083 nullum
960 3026 1060 3081 est
1129 3014 1664 3100 impedimentum
1752 3033 1866 3099 per
1950 3033 2184 3080 causas

629 3131 986 3199 contrarias
1052 3140 1164 3198 ant
1203 3130 1607 3208 resistenteS,
1673 3129 1824 3217 quia
1889 3127 1995 3196 hae
2033 3149 2183 3195 exe-

630 3257 784 3315 runt
850 3265 1037 3314 suam
1110 3245 1420 3313 virtutem
1479 3248 1651 3312 circa
1710 3243 2044 3311 materiam
2120 3259 2181 3310 et

631 3382 922 3450 passum,
1009 3362 1117 3428 vel
1183 3360 1633 3428 conservando
1692 3359 1966 3426 formam
2036 3381 2184 3447 quae

634 3479 823 3559 inest,
877 3478 981 3546 vel
1029 3477 1461 3566 producentes
1508 3476 1898 3543 contrariam
1957 3476 2184 3542 formae

635 3595 905 3663 intentae
935 3614 971 3661 a
1001 3614 1219 3674 causa,
1258 3614 1406 3682 quae
1456 3593 1848 3680 impeditur;
1892 3593 1956 3659 in
2007 3612 2186 3660 crea-

635 3712 812 3778 tione
866 3731 995 3777 non
1036 3710 1430 3798 supponitur
1459 3729 1749 3797 passum,
1805 3721 1917 3775 aut
1975 3708 2181 3775 forma

634 3827 967 3905 resistens,
1020 3838 1088 3893 ut
1130 3836 1327 3914 patet,
1398 3846 1580 3912 ergo,
1625 3823 1797 3912 quod
1842 3835 1940 3890 est
1975 3824 2185 3890 inten-

635 3952 800 4022 tum,
859 3940 1146 4028 potentia
1196 3939 1481 4006 creativa
1538 3937 1697 4004 nulli
1729 3938 1956 4004 subest
2014 3936 2188 4003 dire·

628 4057 858 4136 ctioni,
896 4079 970 4124 ac
999 4055 1273 4145 proinde
1301 4054 1424 4122 hac
1462 4055 1527 4121 in
1568 4066 1751 4141 parte
1780 4074 1910 4120 non
1945 4074 2186 4141 suppo·

637 4173 733 4240 nit
761 4185 975 4241 actum
1010 4172 1472 4240 accidentalem
1514 4170 1929 4238 directivum.

724 4292 934 4372 DiceS,
986 4291 1216 4358 saltem
1280 4309 1473 4377 posse
1530 4308 1901 4375 supponere
1970 4298 2188 4353 actum

637 4408 1100 4477 accidentalem
1133 4406 1571 4487 ostensivum,
1607 4416 1856 4484 contra,
1895 4405 2046 4493 quia
2078 4423 2190 4490 po-

638 4526 839 4593 tentia
896 4525 1183 4593 creativa
1222 4536 1541 4591 creaturae
1583 4542 1711 4588 non
1761 4532 1861 4587 est
1899 4520 2190 4608 potentia

634 4644 973 4731 operativa
1013 4642 1258 4723 vitaliS,
1320 4642 1432 4710 sed
1476 4650 1575 4707 est
1625 4638 1913 4727 potentia
1952 4637 2188 4705 factiva

636 4773 783 4829 actu
839 4760 1249 4838 transeunte;
1322 4778 1482 4845 ergo
1551 4777 1683 4823 non
1729 4755 2052 4842 dependet
2110 4756 2190 4822 ab

636 4878 854 4966 aliquo
885 4877 1140 4964 objecto
1173 4874 1693 4943 intentionaliter
1721 4872 2045 4959 applicato
2076 4891 2193 4958 per

637 4990 923 5077 speciem
958 4991 1367 5077 impressam,
1413 4998 1524 5055 aut
1552 4988 1750 5054 etiam
1779 5006 2187 5073 expressam,

641 5106 813 5174 sicut
870 5126 1080 5194 neque
1147 5105 1433 5193 potentia
1503 5103 1844 5184 nutritiva,
1910 5114 2021 5171 aut
2079 5121 2194 5167 au-

642 5223 1046 5311 gmentativa
1083 5233 1185 5289 est
1227 5220 1515 5309 potentia
1566 5222 1759 5288 etiam
1810 5239 2014 5308 agens
2063 5239 2193 5285 non

644 5337 982 5427 supposita
1018 5338 1289 5405 materia
1327 5339 1507 5404 circa
1542 5359 1738 5425 quam
1768 5336 1872 5403 vel
1903 5358 1988 5402 ex
2018 5357 2193 5422 quem

643 5475 802 5542 ergo
844 5475 972 5522 non
1022 5451 1230 5542 exigit
1259 5453 1705 5522 ostensionem
1744 5451 2007 5540 obJecti,
2052 5464 2193 5517 tan·

645 5594 841 5663 quam
902 5574 1241 5642 materiam
1309 5572 1434 5638 hoc
1472 5569 1698 5651 modo;
1746 5581 1810 5636 et
1845 5570 1905 5637 si
1961 5567 2197 5636 dabilis

2289 578 2482 646 esset,
2521 579 2742 653 posset
2771 566 3241 634 communicari
3270 562 3663 634 substantiae
3692 564 3831 633 ina-

2287 683 2552 749 nimatae
2591 695 2654 750 et
2703 683 3024 765 sensibili,
3078 683 3306 751 saltem
3363 682 3620 771 corpori
3678 682 3833 749 sim·

2287 798 2462 886 plici,
2527 798 2720 886 quale
2770 810 2870 867 est
2918 799 3186 867 coeleste
3225 821 3304 867 ex
3344 798 3628 886 plurium
3688 819 3836 866 sen-

2285 915 2511 995 tentia,
2578 929 2734 983 tunc
2782 937 2924 982 non¹
2961 927 3358 1004 supponeret
3395 915 3838 1004 cognitionem

2287 1033 2728 1114 ostensivam3
2773 1054 2931 1122 ergo
2988 1053 3070 1099 ex
3110 1044 3341 1099 natura
3392 1054 3535 1113 sua,
3580 1032 3838 1099 etiamsi

2289 1147 2479 1216 detur
2508 1162 2826 1217 creaturae
2869 1150 3221 1246 spirituali,
3269 1169 3397 1216 non
3441 1161 3840 1236 supponeret

2291 1265 2489 1332 alium
2548 1277 2764 1333 actum
2820 1265 3103 1353 priorem
3170 1248 3606 1342 ostensivum,
3669 1264 3843 1333 sicut

2294 1401 2504 1468 neque
2553 1381 2928 1468 Philosophi
2987 1381 3407 1449 admitterent
3472 1381 3535 1446 in
3599 1379 3838 1446 Intelli-

2290 1496 2512 1583 gentia
2581 1497 2977 1584 producente
3041 1497 3267 1578 aliam;
3339 1496 3591 1583 primus
3659 1494 3834 1563 enim

2291 1623 2473 1679 actus
2503 1614 2648 1702 ejus
2697 1624 2799 1680 est
2845 1613 3215 1701 intelligere
3259 1633 3354 1691 se,
3408 1611 3518 1699 qui
3551 1623 3652 1679 est
3682 1631 3833 1697 pro·

2290 1730 2598 1798 ductivus
2676 1730 2944 1798 alterius
3033 1729 3516 1817 Intelligentiae,
3624 1749 3838 1816 neque

2290 1845 2605 1933 Theologi
2665 1846 2732 1912 in
2781 1846 3324 1932 productionibus
3375 1845 3642 1924 divinis,
3691 1864 3840 1932 quae

2291 1974 2443 2028 sunt
2502 1983 2616 2048 per
2655 1962 3054 2032 intellectum
3105 1974 3169 2030 et
3224 1962 3651 2040 voluntatem,
3728 1959 3841 2026 ali-

2291 2101 2486 2167 quam
2517 2080 2987 2163 ostensionem,
3023 2095 3135 2148 aut
3163 2081 3586 2148 directionem
3610 2079 3842 2146 admit·

2292 2206 2460 2277 tunt,
2535 2195 2850 2283 quidquid
2902 2209 3200 2264 teneatur
3237 2218 3319 2263 an
3378 2195 3732 2263 intellectio
3780 2207 3846 2263 et

2292 2311 2521 2378 volitio
2567 2312 2699 2378 sint
2738 2325 2921 2379 actus
2954 2312 3348 2399 productivi,
3383 2332 3466 2379 an
3499 2332 3657 2379 vero
3700 2323 3847 2378 tan-

2293 2438 2431 2493 tum
2481 2427 2891 2513 operationes
2921 2427 3329 2495 essentiales⁸

2383 2543 2754 2610 Secundum
2798 2543 2993 2610 etiam
3047 2543 3440 2622 excluditur,
3487 2542 3658 2631 quod
3717 2545 3843 2608 Du·
3994 2551 4087 2602 63.

2294 2659 2537 2725 randus
2586 2659 2822 2726 astruit
2860 2659 2941 2725 de
2971 2670 3117 2726 actu
3158 2658 3552 2746 applicativo
3585 2678 3700 2744 per
3730 2676 3841 2722 vo·
3899 2614 4164 2741 sugqussit

2294 2777 2630 2843 luntatem.
2680 2776 2894 2842 Primo
2926 2798 3005 2842 ex
3052 2776 3241 2843 dictis
3281 2775 3588 2843 voluntas
3620 2775 3844 2862 nequit
3906 2745 4200 2866 „ffiiffip

2293 2892 2642 2979 applicare,
2716 2893 2840 2959 nisi
2899 2893 3239 2980 supposita
3296 2892 3672 2959 ostensione
3730 2902 3840 2957 aut
3961 2878 4096 2974 Ἓξ

2294 3009 2653 3076 directione
2714 3009 3106 3088 intellectus,
3169 3009 3336 3089 haee,
3403 3024 3475 3075 ut
3529 3019 3702 3095 patet
3759 3029 3841 3076 ex
3867 2987 4237 3054 applicatum.

2294 3127 2507 3207 dictiS,
2558 3147 2686 3194 non
2726 3127 3084 3215 exiguntur
3125 3127 3192 3193 in
3231 3127 3460 3195 ordine
3497 3127 3575 3194 ad
3609 3137 3842 3215 poten-

2293 3247 2450 3313 tiam
2494 3246 2873 3322 creativam,
2911 3246 3064 3333 quia
3114 3265 3327 3334 neque
3373 3245 3593 3312 vitalis
3639 3258 3841 3327 esset,

2294 3382 2440 3429 cum
2481 3373 2705 3449 ageret
2732 3361 2988 3428 actione
3019 3373 3397 3429 transeunte
3444 3374 3630 3429 extra
3677 3383 3835 3450 sup-

2294 3478 2611 3565 positum,
2651 3497 2864 3566 neque
2902 3477 3108 3545 ullum
3142 3477 3383 3564 patitur
3414 3478 3842 3564 impedimen-

2294 3607 2434 3659 tum
2493 3592 2791 3674 actioniS,
2857 3591 3030 3680 quod
3098 3592 3477 3660 submoveri
3536 3603 3761 3678 posset
3807 3612 3845 3658 a

2296 3706 2653 3789 voluntate,
2689 3728 2725 3775 a
2757 3708 2934 3774 nullo
2971 3707 3292 3796 dependet
3320 3707 3492 3795 quod
3531 3705 3842 3795 applicari
3965 3760 4101 3811 Non

2297 3829 2517 3913 posset
2563 3845 2600 3891 a
2639 3825 3016 3908 voluntate3
3053 3825 3119 3891 in
3160 3846 3278 3892 sua
3318 3826 3566 3892 actione
3617 3829 3841 3914 nequit
3876 3820 4252 3938 gggffiffgffit

2303 3941 2652 4021 moderari,
2699 3941 2851 4028 quia
2887 3941 2991 4008 vel
3036 3941 3197 4007 nihil
3254 3941 3412 4028 agit,
3458 3917 3566 4007 vel
3606 3951 3840 4023 totum,
4233 3925 4252 3938 ⁶

2297 4068 2362 4123 et
2391 4057 2680 4123 totaliter
2708 4067 2773 4121 et
2804 4055 3293 4122 indivisibiliter
3322 4056 3482 4143 agit.

2390 4171 2637 4238 Deinde
2698 4191 2826 4237 non
2896 4172 3198 4238 subesset
3239 4171 3557 4239 voluntati
3608 4173 3853 4240 directe

2301 4289 2470 4356 sicut
2502 4287 2790 4375 potentia
2825 4287 3093 4370 motiva,
3127 4308 3274 4374 quae
3303 4285 3384 4354 de
3414 4309 3486 4355 se
3517 4309 3852 4377 nunquam

2301 4404 2462 4491 agit,
2518 4404 2648 4470 nisi
2719 4403 3039 4491 applicata
3114 4425 3229 4489 per
3291 4405 3676 4491 appetitum,
3731 4406 3856 4472 hoc

2302 4519 2478 4586 enim
2517 4539 2644 4586 non
2685 4532 2787 4586 est
2815 4519 2896 4585 de
2925 4530 3243 4605 conceptu
3276 4518 3587 4605 potentiae
3625 4521 3855 4587 creati-

2305 4655 2432 4715 vae,
2477 4644 2548 4700 ut
2589 4644 2764 4719 patet
2811 4654 2892 4700 ex
2931 4633 3239 4721 opinione
3281 4632 3850 4720 Philosophorum.

2302 4753 2488 4830 Item,
2534 4748 2642 4815 illa
2674 4749 2960 4835 potentia
3000 4761 3172 4815 esset
3217 4748 3647 4816 determinata
3707 4770 3857 4837 per·

2306 4862 2662 4930 rectissime
2718 4875 2783 4929 et
2831 4863 3204 4950 perfectiuS,
3276 4884 3471 4951 quam
3535 4866 3674 4952 ipsa
3736 4886 3855 4932 vo·

2304 4980 2524 5047 luntas
2581 4979 2791 5068 quoad
2857 4979 3293 5047 actualitatem
3356 4981 3645 5063 virtutiS,
3701 4983 3855 5068 quia

2306 5095 2611 5163 voluntas
2643 5116 2772 5162 non
2820 5096 2980 5182 agit,
3028 5095 3152 5162 nisi
3202 5107 3273 5162 ut
3312 5107 3483 5162 mota
3527 5117 3563 5164 a
3595 5095 3750 5177 fine,
3795 5109 3857 5164 et

2306 5216 2643 5303 supposita
2682 5216 3079 5302 cognitione,
3124 5226 3188 5283 et
3229 5229 3298 5283 ut
3348 5216 3603 5283 substat
3651 5217 3858 5305 impe-

2307 5334 2619 5403 dimentis
2676 5333 3031 5422 operandi;
3085 5335 3373 5403 creativa
3411 5346 3629 5403 autem
3692 5335 3857 5402 nihil

2310 5451 2543 5519 horum
2577 5451 2842 5539 patitur,
2892 5471 3050 5538 ergo
3097 5463 3271 5519 esset
3301 5472 3561 5539 semper
3602 5473 3862 5538 praeve-

2308 5568 2499 5636 niens
2549 5568 2975 5648 voluntatem,
3019 5567 3170 5656 quia
3210 5579 3387 5637 esset
3415 5567 3863 5636 actualissima
