4287 6313
543 436 665 502 258

554 602 800 683 injusto
822 602 1105 685 justum,
1151 607 1219 666 et
1249 603 1334 668 de
1362 601 1492 667 filio
1541 604 1866 684 gehennae
1904 601 2104 667 fllium

551 721 765 801 regni,
799 722 902 784 cui
932 720 1103 784 facta
1153 727 1251 783 est
1282 720 1623 799 promissio
1673 720 2105 785 haereditatis.

235 874 318 924 An
343 868 501 937 possit
637 838 741 899 iiis
771 839 1147 917 suppositis,
1203 842 1523 917 quantum
1554 837 1637 900 ad
1679 842 1987 902 meritum
2017 838 2103 901 de

236 931 475 1049 me‘ssfflm
560 952 917 1033 condigno,
992 958 1299 1032 superest
1369 953 1526 1033 quid
1602 952 1963 1016 dicendum
2023 952 2106 1015 sit

340 1060 404 1110 ‘¹0
560 1067 643 1131 de
674 1072 907 1133 merito
958 1069 1042 1133 de
1086 1088 1406 1152 congru0,
1466 1076 1790 1149 qnantum
1841 1069 1925 1131 ad
1975 1087 2095 1148 po·

207 1136 525 1236 megffiffi.
558 1187 828 1247 tentiam
858 1186 1244 1261 absolutam,
1269 1190 1335 1249 et
1366 1191 1685 1266 quantum
1725 1186 1809 1249 ad
1850 1186 2107 1249 ordina·

205 1249 524 1424 Βὲἑὲξέἳὲίι
555 1304 738 1373 riam,
765 1308 833 1364 et
862 1301 927 1363 id
959 1302 1137 1381 quod
1169 1306 1237 1368 in
1265 1303 1438 1365 facto
1475 1305 1814 1384 contingit.
1871 1301 2103 1379 Quoad

206 1450 348 1499 posse
384 1435 515 1484 dari.
553 1418 860 1495 primum,
934 1434 1069 1480 non
1145 1425 1247 1482 est
1303 1420 1745 1482 controversia
1802 1421 2096 1497 potuisse

554 1531 691 1595 dari
722 1536 1029 1597 meritum
1059 1534 1143 1597 de
1179 1551 1473 1615 congruo
1527 1540 1842 1614 respectu
1895 1537 2106 1597 incar-

551 1652 857 1724 nationis,
899 1653 1050 1731 quia
1096 1651 1163 1712 in
1209 1651 1335 1713 hoc
1389 1650 1605 1714 deficit
1648 1652 1757 1714 illa
1813 1650 2099 1723 conditio

551 1766 918 1844 praescripta
963 1766 1372 1844 aequalitatis,
1403 1782 1600 1844 quam
1653 1768 1928 1846 exigunt
1982 1767 2103 1828 Do-

553 1884 791 1956 ctoreS,
826 1898 992 1961 quos
1022 1883 1555 1961 impugnavimus
1586 1884 1653 1944 in
1698 1879 2103 1962 praecedenti

553 1992 779 2067 dubio,
834 1998 1278 2059 necessariam
1328 2015 1475 2060 esse
1520 1997 1604 2060 ad
1656 1999 1958 2060 meritum
2016 1998 2101 2060 de

554 2110 910 2192 condigno,
966 2129 1102 2177 non
1158 2120 1376 2175 autem
1441 2113 1525 2176 de
1585 2130 1904 2193 congruo.
1972 2114 2102 2175 Nos

549 2235 772 2291 autem
829 2228 1231 2294 affirmamus
1278 2247 1425 2294 cum
1475 2233 1755 2295 Doctore
1805 2231 1889 2292 ad
1942 2247 2103 2294 neu·

553 2352 717 2407 trum
767 2348 996 2410 horum
1050 2350 1257 2427 exigi3
1295 2365 1377 2410 ex
1407 2352 1689 2428 utraque
1739 2363 1901 2428 ergo
1953 2364 2104 2410 sen-

551 2463 753 2525 tentia
811 2466 1135 2553 sequitur,
1206 2482 1342 2527 non
1411 2481 1559 2527 esse
1633 2465 2104 2544 implicantiam

549 2579 747 2660 hujus
804 2582 1018 2645 meriti
1076 2581 1159 2645 de
1236 2596 1557 2662 congruo,
1643 2586 1962 2660 quantum
2019 2579 2107 2642 ad

551 2696 918 2772 potentiam
975 2696 1366 2758 absolutam.

242 2813 470 2939 ngiz'de
636 2812 966 2887 Quantum
1018 2828 1173 2874 vero
1233 2811 1315 2872 ad
1383 2812 1800 2884 ordinariam,
1846 2828 1967 2874 seu
2014 2812 2099 2874 de

217 2937 485 3011 ordinaria
558 2927 776 3002 facto,
861 2930 1058 3008 aliqui
1140 2934 1468 2994 asserunt,
1526 2930 1793 2991 Sanctos
1880 2930 2101 2993 Patres

232 3003 526 3134 aoxssgffiae.
562 3045 883 3107 meruisse
955 3045 1039 3106 de
1110 3061 1427 3125 congruo,
1500 3059 1632 3109 non
1703 3046 1914 3107 solum
1977 3046 2100 3108 cir-

249 3128 494 3240 ἓξὲξ
562 3163 1041 3234 cumstantiam‚
1100 3159 1220 3223 sed
1267 3134 1331 3222 et
1392 3160 1820 3224 substantiam
1879 3163 2093 3223 incar·

242 3253 467 3336 Sum-ez.
551 3276 830 3338 nationis
862 3295 879 3351 ;
912 3294 1030 3355 pro
1075 3277 1197 3339 hac
1246 3278 1482 3340 citatur
1532 3276 1883 3356 CaJetanus
1926 3278 1987 3338 3.
2020 3297 2091 3355 p.

539 3408 600 3468 q.
633 3392 692 3452 2.
727 3397 852 3454 art.
892 3394 985 3454 11.
1020 3398 1084 3455 et
1127 3391 1397 3470 quidam
1440 3393 1869 3465 recentioreS,
1918 3396 2093 3456 inter

529 3524 697 3586 quos
742 3509 1026 3571 Cabrera
1062 3508 1130 3571 id
1175 3511 1408 3572 asserit
1454 3512 1596 3572 dist.
1654 3512 1715 3572 5.
1770 3511 1972 3573 concl.
2020 3511 2081 3571 5.

522 3629 765 3690 Suarez
835 3645 988 3690 vero
1061 3631 1226 3706 disp.
1306 3629 1397 3692 10.
1475 3635 1622 3690 sect.
1682 3630 1741 3691 6.
1806 3629 2093 3692 admittit

517 3750 826 3808 meritum
883 3747 966 3809 de
1013 3759 1312 3827 congruo
1369 3747 1793 3824 praecessisse
1843 3748 1910 3808 in
1969 3748 2082 3808 Pa-

516 3864 723 3925 tribus
794 3861 1016 3942 quoad
1090 3862 1576 3935 executionem,
1654 3877 1787 3925 non
1863 3870 2080 3925 tamen

521 3976 743 4057 quoad
823 3975 1499 4054 praedestinationem,
1592 3978 1743 4055 quia
1834 3994 2078 4056 nempe

518 4094 665 4153 haec
707 4090 1187 4171 praeiestinatio
1230 4097 1561 4169 praecessit
1626 4091 1847 4170 quoad
1919 4093 2080 4156 sub-

521 4208 824 4269 stantiam
884 4213 948 4270 et
1006 4207 1526 4269 circumstantias
1581 4208 2078 4283 incarnationiS,

527 4325 826 4386 meritum
912 4324 1301 4386 Sanctorum
1389 4323 1675 4395 Patrum,
1770 4326 2076 4388 executio

207 4438 473 4555 80ξᾷῗῶ
528 4438 971 4518 subsequitur.
1046 4438 1167 4499 Alii
1226 4437 1471 4500 docent
1545 4455 1661 4502 eos
1717 4456 1852 4501 non
1928 4455 2068 4501 me-

530 4558 739 4619 ruisse
797 4556 1224 4618 substantiam
1276 4557 1774 4631 Incarnationis,
1821 4557 1958 4619 sive
2009 4560 2075 4620 in

526 4673 918 4747 intentione,
1004 4675 1142 4735 sive
1192 4675 1259 4734 in
1358 4673 1783 4745 executione,
1891 4674 2068 4736 bene

215 4810 468 4873 vasquez.
532 4796 751 4852 tamen
838 4789 1354 4852 circumstantias
1428 4786 1651 4867 quoad
1709 4793 2069 4869 utrumque

213 4873 488 4985 „Qutssfft'fffi
526 4904 853 4969 ordinem.
900 4905 1076 4966 Hanc
1108 4902 1406 4966 defendit
1433 4904 1735 4983 Vasquez
1763 4908 1925 4983 disp.
1958 4908 2066 4970 22.

238 4997 424 5048 Μω·
525 5040 666 5099 cap.
702 5022 761 5082 4.
798 5022 1039 5097 Quarta
1083 5021 1411 5084 sententia
1458 5025 1560 5083 est
1589 5021 1837 5083 nullam
1869 5024 2067 5086 etiam

522 5138 1076 5201 circumstantiam
1107 5153 1526 5215 quocumque
1575 5139 1765 5200 modo
1793 5143 1859 5199 et
1888 5140 2062 5201 ordi·

520 5271 604 5319 ne
649 5271 765 5319 eos
802 5254 1237 5328 1neruisse,ne
1267 5253 1535 5332 quidem
1565 5255 1775 5334 ipsam
1805 5257 2058 5319 accele-

518 5376 839 5438 rationem
862 5371 1245 5451 'ejus.Lorca
1265 5371 1429 5446 disp.
1463 5372 1563 5432 22.
1596 5373 1650 5433 3.
1684 5378 1931 5449 parta.
1964 5375 2058 5437 ll.

279 5489 339 5540 33
353 5526 366 5541 .

195 5551 483 5606 Conclusio.

1729 438 1876 500 Lm.
1922 435 2024 500 IV.
2053 436 2651 504 SENTENTIARUM

2219 607 2438 683 opinio
2482 606 2904 684 antiquorum
2952 601 3468 684 Theologorum,
3514 599 3774 665 Alensis
3804 630 3869 681 D.
3927 629 4114 681 Thom.

2218 723 2276 783 3.
2307 727 2485 798 part.
2535 727 2744 798 quaest.
2785 723 2844 784 8.
2893 738 2981 783 m.
3036 721 3096 782 3.
3144 723 3220 783 D.
3279 721 3546 783 Thomae
3592 721 3657 780 in
3707 719 3767 780 3.
3802 693 4116 806 naim?

2219 837 2362 899 dist.
2396 837 2455 897 4.
2490 839 2564 899 D.
2597 838 3078 899 Bonaventurae
3112 840 3337 899 eadem
3365 837 3509 898 dist.
3542 839 3672 897 art.
3705 836 3766 896 2.
3821 818 4116 933 Affiffig·

2219 952 2516 1015 Richardi
2571 959 2696 1016 art.
2728 954 2789 1015 3.
2844 959 3060 1031 quaest.
3096 955 3150 1017 l.
3185 953 3510 1017 Gabrielis
3540 958 3668 1015 art.
3704 953 3765 1013 3.
3843 943 4091 1055 {gfff-‘g‘

2216 1073 2411 1135 dubio
2442 1075 2499 1135 3.
2537 1073 2816 1135 Almaini
2846 1091 2905 1151 q.
2955 1073 3014 1135 l.
3054 1075 3204 1135 dub.
3263 1074 3319 1138 1.
3374 1073 3614 1153 quibus
3663 1087 3768 1133 ac·
3849 1067 4058 1180 *ἓξὲξ

2218 1188 2464 1250 cedunt
2492 1190 2694 1251 nostri
2724 1190 2789 1251 in
2836 1192 3060 1252 eadem
3108 1191 3257 1253 dist.
3308 1191 3504 1252 Solus
3553 1189 3665 1252 lib.
3699 1188 3761 1250 2.
3880 1192 4053 1267 Prima

2214 1306 2293 1366 de
2334 1306 2595 1381 justitia
2650 1310 2705 1366 et
2764 1310 2944 1377 lure,
2997 1323 3060 1383 q.
3117 1306 3178 1366 4.
3232 1310 3361 1367 art.
3415 1306 3477 1366 3.
3528 1322 3668 1367 con.
3702 1304 3764 1365 3.
3822 1255 4080 1320 probatio,

2213 1418 2399 1481 Patet
2469 1421 2700 1497 primo,
2763 1420 2916 1499 quia
2974 1418 3214 1482 eadem
3288 1424 3387 1482 est
3455 1419 3621 1488 ratio
3679 1418 3767 1480 de

2214 1537 2441 1596 merito
2477 1534 2805 1615 condigno
2852 1540 2919 1598 et
2952 1550 3278 1616 congru0,
3326 1542 3642 1614 quantum
3675 1533 3761 1597 ad

2218 1646 2733 1727 dependentiam
2789 1651 2871 1712 ab
2920 1652 3398 1724 incarnatione,
3446 1654 3762 1728 tanquam

2201 1766 2556 1844 principio,
2601 1764 2781 1844 quod
2810 1768 3075 1845 utrique
3106 1768 3540 1845 supponitur;
3590 1767 3766 1842 prin-

2216 1880 2459 1958 cipium
2515 1888 2730 1943 autem
2774 1880 2992 1942 meriti
3041 1895 3174 1942 non
3227 1879 3398 1942 cadit
3436 1882 3558 1943 sub
3619 1894 3760 1941 me·

2218 1994 2356 2068 rit0‚
2393 1994 2558 2057 sicut
2586 2008 2805 2075 neque
2855 2012 3052 2058 causa
3094 2014 3130 2058 a
3181 2013 3300 2058 suo
3353 1995 3596 2059 effectu
3640 1997 3765 2059 de-

2216 2108 2513 2187 pendere
2584 2115 2828 2188 potest‚
2903 2113 3040 2174 sive
3114 2118 3367 2175 remota
3437 2115 3544 2185 sit,
3624 2114 3762 2175 sive

2214 2229 2548 2306 proxima;
2598 2231 2807 2290 omnis
2851 2236 3070 2292 autem
3114 2233 3325 2312 gratia
3370 2233 3763 2294 Sanctorum

2217 2342 2471 2405 Patrum
2520 2345 2842 2422 processit
2869 2345 2951 2407 ab
2983 2346 3433 2410 incarnatione
3505 2351 3573 2408 et
3617 2363 3762 2409 me-

2215 2460 2354 2521 ritis
2397 2458 2653 2523 Christi.
3807 2536 3810 2537 ⁷

2299 2575 2601 2639 Secundo
2633 2575 2699 2639 id
2738 2582 3122 2656 supponunt
3169 2579 3372 2642 verba
3412 2580 3758 2660 Augustini
3804 2606 4086 2670 Angustia.

2214 2695 2429 2766 citata,
2492 2709 2679 2772 aeque
2745 2697 2922 2757 enim
2980 2692 3345 2758 excludunt
3399 2701 3759 2777 utrumque

2213 2811 2516 2872 meritum
2563 2827 2704 2889 cap.
2751 2813 2802 2875 1.
2839 2810 2922 2874 de
2971 2810 3146 2874 dono
3199 2816 3757 2890 perseverantiae:

2217 2926 2478 2996 Eadem,
2534 2924 2770 3004 inquit,
2830 2927 3053 3003 qratia
3101 2928 3175 3006 fit
3229 2928 3310 2988 ab
3368 2930 3553 2990 initio
3607 2930 3767 3006 fidei

2211 3038 2402 3101 homo
2445 3043 2832 3119 quicumque
2889 3042 3313 3135 Christianus,
3368 3061 3500 3122 qua
3539 3048 3763 3123 qratia

2211 3155 2294 3216 ab
2321 3156 2505 3218 initio
2547 3159 2740 3219 homo
2768 3159 2884 3220 ille
2906 3160 3125 3235 factus
3154 3165 3243 3221 est
3274 3130 3589 3236 Christum
3624 3166 3752 3224 etc.
3871 3179 3878 3186 ·

2207 3273 2375 3333 Ante
2427 3269 2630 3336 fidem
2685 3290 2819 3336 non
2863 3273 3056 3337 datur
3097 3275 3398 3339 meritum
3446 3276 3529 3340 de
3594 3294 3751 3341 con·

2162 3477 2166 3481 ,
2205 3403 2396 3466 gruo,
2443 3389 2593 3469 quia
2641 3388 2802 3451 illud
2847 3396 3025 3454 esset
3072 3391 3274 3455 solius
3318 3393 3563 3457 arbitrii
3606 3396 3753 3458 sine

2204 3502 2334 3567 fide
2424 3510 2492 3568 et
2549 3508 2799 3586 gratia;
2851 3506 3017 3569 fides
3086 3514 3309 3571 autem
3368 3514 3436 3573 et
3487 3514 3743 3575 vocatio

2202 3621 2608 3683 antecedunt
2687 3625 2902 3685 omnia
2987 3625 3236 3687 merita.
3327 3626 3581 3690 Deinde
3673 3629 3751 3692 de

2201 3752 2474 3823 corrept.
2523 3750 2871 3824 etyratia,
2923 3765 3063 3824 cap.
3123 3749 3219 3811 11.
3284 3757 3486 3829 negat
3541 3752 3738 3813 meri-

2201 3864 2338 3921 tum
2382 3865 2580 3923 etiam
2633 3863 3155 3942 impetratorium
3199 3869 3268 3927 et
3311 3883 3676 3947 congruum
3728 3890 3741 3931 :

2202 3980 2376 4041 Unde
2440 3981 2697 4054 meruit,
2755 3981 2988 4059 inquit,
3049 3984 3225 4058 quod
3300 3984 3440 4060 ejus
3508 3985 3745 4048 bonum

2195 4095 2662 4174 qualecumque
2708 4099 3080 4173 praecessit?
3137 4100 3296 4176 quid
3364 4103 3498 4178 ayz't
3555 4108 3750 4165 ante?

2195 4212 2355 4287 quid
2398 4213 2619 4289 petivit
2663 4221 2731 4275 ut
2792 4217 2880 4277 ad
2934 4215 3389 4297 excellentiam
3434 4218 3740 4293 ineffabi-
3892 4255 3978 4309 3⁴.

2187 4327 2314 4387 lem
2353 4331 2744 4405 perveniret,
2794 4333 2918 4391 etc.

2269 4443 2343 4503 Et
2423 4447 2721 4522 quamvis
2795 4447 3199 4525 Augustinus
3268 4447 3576 4526 loquatur
3646 4447 3730 4510 de

2189 4559 2422 4621 merito
2479 4561 2689 4622 elicito
2721 4560 2968 4637 abipso
3000 4561 3273 4638 Christo,
3302 4563 3578 4641 perinde
3611 4569 3733 4638 est,

2188 4677 2338 4752 quia
2363 4678 2414 4739 si
2437 4675 2825 4740 excludatur
2875 4678 3183 4740 meritum
3238 4680 3492 4755 Christi,
3521 4697 3558 4743 a
3589 4679 3729 4744 for-

2189 4792 2327 4854 tiori
2353 4793 2647 4868 aliorum,
2673 4794 2956 4856 maxime
2978 4811 3055 4856 ex
3078 4798 3331 4858 ratione
3353 4798 3725 4878 Augustini,

2184 4886 2336 4986 quia
2367 4925 2608 4987 nempe
2658 4910 2834 4988 prius
2884 4916 3222 4989 assumpta
3269 4910 3390 4974 fuit
3417 4914 3725 4977 humani-

2185 5028 2282 5085 tas
2337 5040 2537 5102 quam
2582 5028 2877 5102 operata.
2936 5025 3038 5086 Sic
3097 5025 3294 5087 etiam
3355 5027 3534 5104 prius
3604 5027 3720 5091 fuit
3763 5075 4062 5129 lucan-natio

2180 5137 2475 5201 ordinata
2520 5141 2881 5202 incarnatio
2932 5139 3151 5219 quoad
3181 5142 3608 5204 intentionem
3655 5151 3722 5206 et
3770 5143 4041 5205 praeces-it

3833 5217 3987 5252 omne

2179 5258 2247 5314 et
2304 5257 2767 5318 executionem
2813 5270 2851 5316 a
2892 5255 3059 5330 De0,
3119 5262 3189 5318 ut
3251 5261 3429 5319 esset
3472 5259 3702 5336 princi·
3787 5266 4035 5338 meritum

3771 5342 4054 5391 praevisum

2175 5369 2356 5448 pium
2396 5372 2606 5434 omnis
2635 5371 2848 5433 meriti
2881 5377 2946 5434 et
2973 5373 3127 5436 boni
3161 5376 3404 5450 operis,
3447 5393 3524 5439 ac
3567 5393 3715 5458 gra·
3784 5389 3840 5440 in
3887 5390 4039 5445 aliia.

597 5485 940 5551 Conclusio
1002 5485 1301 5547 Doctoris
1352 5488 1454 5546 est
1492 5488 1805 5548 meruisse
1852 5487 2059 5549 solam
2175 5492 2275 5551 tiae
2338 5490 2405 5552 in
2473 5493 2744 5564 caeteriS,
2830 5507 3028 5570 quam
3104 5493 3446 5570 praevisum
3519 5493 3717 5559 fuerit

228 5615 415 5673 Alana.
514 5607 1072 5680 accelerationem,
1154 5607 1220 5666 et
1282 5604 1418 5666 haec
1488 5610 1589 5666 est
1640 5601 2060 5683 frequentior
2171 5607 2440 5687 aliquod
2497 5609 2746 5671 bonum
2816 5611 2883 5672 in
2948 5611 3220 5686 caeteris,
3288 5612 3470 5692 quod
3536 5619 3718 5679 esset
