<?xml version="1.0" encoding="UTF-8"?>
<!DOCTYPE html PUBLIC "-//W3C//DTD XHTML 1.0 Transitional//EN"
    "http://www.w3.org/TR/xhtml1/DTD/xhtml1-transitional.dtd">
<html xmlns="http://www.w3.org/1999/xhtml" xml:lang="en" lang="en">
 <head>
  <title>
</title>
<meta http-equiv="Content-Type" content="text/html;charset=utf-8" />
  <meta name='ocr-system' content='tesseract 3.04.00' />
  <meta name='ocr-capabilities' content='ocr_page ocr_carea ocr_par ocr_line ocrx_word'/>
</head>
<body>
  <div class='ocr_page' id='page_1' title='image "./joannisdunsscot01waddgoog_0338.png"; bbox 0 0 4287 6313; ppageno 0'>
   <div class='ocr_carea' id='block_1_1' title="bbox 580 339 699 406">
    <p class='ocr_par' dir='ltr' id='par_1_1' title="bbox 580 339 699 406">
     <span class='ocr_line' id='line_1_1' title="bbox 580 339 699 406; baseline 0.017 -2"><span class='ocrx_word' id='word_1_1' title='bbox 580 339 699 406; x_wconf 69' lang='lat'>322</span> 
     </span>
    </p>
   </div>
   <div class='ocr_carea' id='block_1_2' title="bbox 270 509 2140 1180">
    <p class='ocr_par' dir='ltr' id='par_1_2' title="bbox 301 509 2134 605">
     <span class='ocr_line' id='line_1_2' title="bbox 301 509 2134 605; baseline -0.008 -15"><span class='ocrx_word' id='word_1_2' title='bbox 301 536 552 605; x_wconf 67' lang='lat' dir='ltr'>originem</span> <span class='ocrx_word' id='word_1_3' title='bbox 599 509 894 579; x_wconf 81' lang='lat' dir='ltr'><strong>ordinem</strong></span> <span class='ocrx_word' id='word_1_4' title='bbox 935 511 1215 599; x_wconf 89' lang='lat' dir='ltr'>originis</span> <span class='ocrx_word' id='word_1_5' title='bbox 1274 510 1341 577; x_wconf 93' lang='lat' dir='ltr'>in</span> <span class='ocrx_word' id='word_1_6' title='bbox 1410 511 1639 591; x_wconf 83' lang='lat' dir='ltr'>forma,</span> <span class='ocrx_word' id='word_1_7' title='bbox 1709 510 2013 599; x_wconf 90' lang='lat' dir='ltr'>quamvis</span> <span class='ocrx_word' id='word_1_8' title='bbox 2074 511 2134 577; x_wconf 94' lang='lat' dir='ltr'>id</span> 
     </span>
    </p>

    <p class='ocr_par' dir='ltr' id='par_1_3' title="bbox 270 602 2140 835">
     <span class='ocr_line' id='line_1_3' title="bbox 270 602 2140 722; baseline 0 -27"><span class='ocrx_word' id='word_1_9' title='bbox 270 602 554 717; x_wconf 50' lang='grc' dir='ltr'>ἳξξωνζξξι</span> <span class='ocrx_word' id='word_1_10' title='bbox 598 650 724 695; x_wconf 90' lang='lat' dir='ltr'>non</span> <span class='ocrx_word' id='word_1_11' title='bbox 766 629 965 711; x_wconf 92' lang='lat' dir='ltr'>tollat,</span> <span class='ocrx_word' id='word_1_12' title='bbox 1012 630 1170 718; x_wconf 90' lang='lat' dir='ltr'>quin</span> <span class='ocrx_word' id='word_1_13' title='bbox 1221 630 1424 722; x_wconf 80' lang='lat' dir='ltr'>forma</span> <span class='ocrx_word' id='word_1_14' title='bbox 1486 629 1681 696; x_wconf 86' lang='lat' dir='ltr'>etiam</span> <span class='ocrx_word' id='word_1_15' title='bbox 1746 629 1841 696; x_wconf 88' lang='lat' dir='ltr'>sic</span> <span class='ocrx_word' id='word_1_16' title='bbox 1895 630 2140 718; x_wconf 90' lang='lat' dir='ltr'>prolata</span> 
     </span>
     <span class='ocr_line' id='line_1_4' title="bbox 593 745 1070 835; baseline 0 -23"><span class='ocrx_word' id='word_1_17' title='bbox 593 745 1070 835; x_wconf 66' lang='lat' dir='ltr'>sitjsufficiens.</span> 
     </span>
    </p>

    <p class='ocr_par' dir='ltr' id='par_1_4' title="bbox 680 862 2133 950">
     <span class='ocr_line' id='line_1_5' title="bbox 680 862 2133 950; baseline 0 -21"><span class='ocrx_word' id='word_1_18' title='bbox 680 863 1088 929; x_wconf 76' lang='lat' dir='ltr'>Contrarium</span> <span class='ocrx_word' id='word_1_19' title='bbox 1130 863 1328 950; x_wconf 89' lang='lat' dir='ltr'>hujus</span> <span class='ocrx_word' id='word_1_20' title='bbox 1359 874 1537 929; x_wconf 90' lang='lat' dir='ltr'>tenet</span> <span class='ocrx_word' id='word_1_21' title='bbox 1566 862 1822 929; x_wconf 82' lang='lat' dir='ltr'>Alensis</span> <span class='ocrx_word' id='word_1_22' title='bbox 1855 866 1917 929; x_wconf 85' lang='lat'>4.</span> <span class='ocrx_word' id='word_1_23' title='bbox 1952 875 2133 949; x_wconf 84' lang='lat' dir='ltr'>parc.</span> 
     </span>
    </p>

    <p class='ocr_par' dir='ltr' id='par_1_5' title="bbox 278 966 2138 1099">
     <span class='ocr_line' id='line_1_6' title="bbox 278 966 2138 1099; baseline 0.002 -58"><span class='ocrx_word' id='word_1_24' title='bbox 278 966 541 1099; x_wconf 50' lang='lat' dir='ltr'>{gnffiffiff</span> <span class='ocrx_word' id='word_1_25' title='bbox 593 988 817 1063; x_wconf 76' lang='lat' dir='ltr'>quoesc.</span> <span class='ocrx_word' id='word_1_26' title='bbox 855 981 917 1043; x_wconf 90' lang='lat'>8.</span> <span class='ocrx_word' id='word_1_27' title='bbox 979 998 1064 1042; x_wconf 90' lang='lat' dir='ltr'>m.</span> <span class='ocrx_word' id='word_1_28' title='bbox 1137 983 1202 1044; x_wconf 86' lang='lat'>3.</span> <span class='ocrx_word' id='word_1_29' title='bbox 1255 990 1386 1044; x_wconf 81' lang='lat' dir='ltr'>art.</span> <span class='ocrx_word' id='word_1_30' title='bbox 1432 983 1503 1045; x_wconf 86' lang='lat'>3.</span> <span class='ocrx_word' id='word_1_31' title='bbox 1585 998 1778 1065; x_wconf 90' lang='lat' dir='ltr'>quem</span> <span class='ocrx_word' id='word_1_32' title='bbox 1839 978 2138 1064; x_wconf 92' lang='lat' dir='ltr'>sequitur</span> 
     </span>
    </p>

    <p class='ocr_par' dir='ltr' id='par_1_6' title="bbox 297 1054 2130 1180">
     <span class='ocr_line' id='line_1_7' title="bbox 297 1054 2130 1180; baseline 0.002 -22"><span class='ocrx_word' id='word_1_33' title='bbox 297 1054 519 1148; x_wconf 46' lang='lat' dir='ltr'>Aliensis.</span> <span class='ocrx_word' id='word_1_34' title='bbox 597 1097 828 1159; x_wconf 86' lang='lat' dir='ltr'>Doctor</span> <span class='ocrx_word' id='word_1_35' title='bbox 859 1094 934 1159; x_wconf 84' lang='lat' dir='ltr'>in</span> <span class='ocrx_word' id='word_1_36' title='bbox 976 1095 1347 1180; x_wconf 75' lang='lat' dir='ltr'>Reporcalis</span> <span class='ocrx_word' id='word_1_37' title='bbox 1377 1094 1532 1160; x_wconf 78' lang='lat' dir='ltr'>disc.</span> <span class='ocrx_word' id='word_1_38' title='bbox 1580 1099 1645 1161; x_wconf 86' lang='lat'>3.</span> <span class='ocrx_word' id='word_1_39' title='bbox 1691 1097 1965 1161; x_wconf 88' lang='lat' dir='ltr'>Sanctus</span> <span class='ocrx_word' id='word_1_40' title='bbox 2039 1107 2130 1161; x_wconf 85' lang='lat' dir='ltr'>ta·</span> 
     </span>
    </p>
   </div>
   <div class='ocr_carea' id='block_1_3' title="bbox 252 1160 564 1211">
    <p class='ocr_par' dir='ltr' id='par_1_7' title="bbox 252 1160 564 1211">
     <span class='ocr_line' id='line_1_8' title="bbox 252 1160 564 1211; baseline -0.013 0"><span class='ocrx_word' id='word_1_41' title='bbox 252 1160 321 1211; x_wconf 90' lang='lat' dir='ltr'>D.</span> <span class='ocrx_word' id='word_1_42' title='bbox 367 1161 564 1208; x_wconf 85' lang='lat' dir='ltr'>Bonav.</span> 
     </span>
    </p>
   </div>
   <div class='ocr_carea' id='block_1_4' title="bbox 315 1211 2131 1333">
    <p class='ocr_par' dir='ltr' id='par_1_8' title="bbox 315 1211 2131 1333">
     <span class='ocr_line' id='line_1_9' title="bbox 315 1211 2131 1333; baseline 0.003 -59"><span class='ocrx_word' id='word_1_43' title='bbox 315 1223 514 1333; x_wconf 46' lang='lat' dir='ltr'>1122ssss</span> <span class='ocrx_word' id='word_1_44' title='bbox 597 1231 744 1275; x_wconf 90' lang='lat' dir='ltr'>men</span> <span class='ocrx_word' id='word_1_45' title='bbox 785 1214 1239 1278; x_wconf 89' lang='lat' dir='ltr'>Bonaventura</span> <span class='ocrx_word' id='word_1_46' title='bbox 1281 1212 1406 1277; x_wconf 77' lang='lat' dir='ltr'>hac</span> <span class='ocrx_word' id='word_1_47' title='bbox 1446 1211 1602 1277; x_wconf 82' lang='lat' dir='ltr'>disc.</span> <span class='ocrx_word' id='word_1_48' title='bbox 1647 1223 1825 1298; x_wconf 81' lang='lat' dir='ltr'>part.</span> <span class='ocrx_word' id='word_1_49' title='bbox 1866 1217 1927 1279; x_wconf 83' lang='lat'>1.</span> <span class='ocrx_word' id='word_1_50' title='bbox 1974 1212 2131 1279; x_wconf 82' lang='lat' dir='ltr'>disc.</span> 
     </span>
    </p>
   </div>
   <div class='ocr_carea' id='block_1_5' title="bbox 286 1328 2147 5607">
    <p class='ocr_par' dir='ltr' id='par_1_9' title="bbox 298 1328 2140 1414">
     <span class='ocr_line' id='line_1_10' title="bbox 298 1328 2140 1414; baseline -0.001 -19"><span class='ocrx_word' id='word_1_51' title='bbox 298 1345 537 1410; x_wconf 70' lang='lat' dir='ltr'>exprimit</span> <span class='ocrx_word' id='word_1_52' title='bbox 600 1339 825 1413; x_wconf 81' lang='lat' dir='ltr'>quoesc.</span> <span class='ocrx_word' id='word_1_53' title='bbox 861 1332 924 1393; x_wconf 90' lang='lat'>3.</span> <span class='ocrx_word' id='word_1_54' title='bbox 987 1340 1117 1394; x_wconf 81' lang='lat' dir='ltr'>art.</span> <span class='ocrx_word' id='word_1_55' title='bbox 1154 1333 1217 1394; x_wconf 82' lang='lat'>4.</span> <span class='ocrx_word' id='word_1_56' title='bbox 1286 1340 1461 1394; x_wconf 89' lang='lat' dir='ltr'>tenet</span> <span class='ocrx_word' id='word_1_57' title='bbox 1508 1328 1918 1414; x_wconf 75' lang='lat' dir='ltr'>praemissam</span> <span class='ocrx_word' id='word_1_58' title='bbox 1985 1350 2140 1395; x_wconf 90' lang='lat' dir='ltr'>con-</span> 
     </span>
    </p>

    <p class='ocr_par' dir='ltr' id='par_1_10' title="bbox 286 1423 2137 1537">
     <span class='ocr_line' id='line_1_11' title="bbox 286 1423 2137 1537; baseline -0.007 -16"><span class='ocrx_word' id='word_1_59' title='bbox 286 1423 545 1537; x_wconf 53' lang='lat' dir='ltr'>pss‘i&#39;ffiss-</span> <span class='ocrx_word' id='word_1_60' title='bbox 599 1442 958 1509; x_wconf 84' lang='lat' dir='ltr'>elusionem</span> <span class='ocrx_word' id='word_1_61' title='bbox 1019 1443 1336 1509; x_wconf 86' lang='lat' dir='ltr'>Doctoris.</span> <span class='ocrx_word' id='word_1_62' title='bbox 1391 1446 1469 1509; x_wconf 87' lang='lat' dir='ltr'>Et</span> <span class='ocrx_word' id='word_1_63' title='bbox 1537 1444 1700 1509; x_wconf 88' lang='lat' dir='ltr'>ratio</span> <span class='ocrx_word' id='word_1_64' title='bbox 1769 1444 1943 1523; x_wconf 81' lang='lat' dir='ltr'>facit,</span> <span class='ocrx_word' id='word_1_65' title='bbox 1984 1443 2137 1529; x_wconf 88' lang='lat' dir='ltr'>quia</span> 
     </span>
    </p>

    <p class='ocr_par' dir='ltr' id='par_1_11' title="bbox 355 1536 2139 1764">
     <span class='ocr_line' id='line_1_12' title="bbox 355 1536 2136 1647; baseline 0.002 -25"><span class='ocrx_word' id='word_1_66' title='bbox 355 1536 475 1584; x_wconf 68' lang='lat'>¹⁰³¹·</span> <span class='ocrx_word' id='word_1_67' title='bbox 598 1553 1002 1625; x_wconf 80' lang='lat' dir='ltr'>sufficienter</span> <span class='ocrx_word' id='word_1_68' title='bbox 1060 1560 1168 1625; x_wconf 90' lang='lat' dir='ltr'>illa</span> <span class='ocrx_word' id='word_1_69' title='bbox 1231 1560 1434 1626; x_wconf 80' lang='lat' dir='ltr'>forma</span> <span class='ocrx_word' id='word_1_70' title='bbox 1498 1559 1808 1647; x_wconf 78' lang='lat' dir='ltr'>exprimit</span> <span class='ocrx_word' id='word_1_71' title='bbox 1874 1581 2136 1627; x_wconf 89' lang='lat' dir='ltr'>causam</span> 
     </span>
     <span class='ocr_line' id='line_1_13' title="bbox 600 1676 2139 1764; baseline 0.002 -24"><span class='ocrx_word' id='word_1_72' title='bbox 600 1676 1020 1762; x_wconf 77' lang='lat' dir='ltr'>principalem</span> <span class='ocrx_word' id='word_1_73' title='bbox 1055 1676 1224 1764; x_wconf 93' lang='lat' dir='ltr'>quod</span> <span class='ocrx_word' id='word_1_74' title='bbox 1256 1676 1465 1763; x_wconf 82' lang='lat' dir='ltr'>exigit</span> <span class='ocrx_word' id='word_1_75' title='bbox 1497 1688 1746 1744; x_wconf 89' lang='lat' dir='ltr'>tantum</span> <span class='ocrx_word' id='word_1_76' title='bbox 1780 1677 2139 1743; x_wconf 84' lang='lat' dir='ltr'>Concilium</span> 
     </span>
    </p>

    <p class='ocr_par' dir='ltr' id='par_1_12' title="bbox 596 1792 2143 1880">
     <span class='ocr_line' id='line_1_14' title="bbox 596 1792 2143 1880; baseline 0.002 -22"><span class='ocrx_word' id='word_1_77' title='bbox 596 1792 1042 1858; x_wconf 79' lang='lat' dir='ltr'>Florentinum</span> <span class='ocrx_word' id='word_1_78' title='bbox 1071 1817 1085 1870; x_wconf 88' lang='lat'>;</span> <span class='ocrx_word' id='word_1_79' title='bbox 1131 1804 1361 1880; x_wconf 88' lang='lat' dir='ltr'>estque</span> <span class='ocrx_word' id='word_1_80' title='bbox 1405 1814 1517 1878; x_wconf 90' lang='lat' dir='ltr'>per</span> <span class='ocrx_word' id='word_1_81' title='bbox 1547 1814 1689 1860; x_wconf 90' lang='lat' dir='ltr'>eam</span> <span class='ocrx_word' id='word_1_82' title='bbox 1722 1812 2044 1879; x_wconf 81' lang='lat' dir='ltr'>expressa</span> <span class='ocrx_word' id='word_1_83' title='bbox 2078 1806 2143 1861; x_wconf 92' lang='lat' dir='ltr'>et</span> 
     </span>
    </p>

    <p class='ocr_par' dir='ltr' id='par_1_13' title="bbox 599 1907 2140 1994">
     <span class='ocr_line' id='line_1_15' title="bbox 599 1907 2140 1994; baseline 0.002 -22"><span class='ocrx_word' id='word_1_84' title='bbox 599 1907 860 1993; x_wconf 90' lang='lat' dir='ltr'>propria</span> <span class='ocrx_word' id='word_1_85' title='bbox 918 1907 1240 1974; x_wconf 82' lang='lat' dir='ltr'>invocatio</span> <span class='ocrx_word' id='word_1_86' title='bbox 1298 1908 1635 1974; x_wconf 85' lang='lat' dir='ltr'>Trinitatis</span> <span class='ocrx_word' id='word_1_87' title='bbox 1692 1909 1816 1974; x_wconf 90' lang='lat' dir='ltr'>sub</span> <span class='ocrx_word' id='word_1_88' title='bbox 1880 1909 2140 1994; x_wconf 90' lang='lat' dir='ltr'>propria</span> 
     </span>
    </p>

    <p class='ocr_par' dir='ltr' id='par_1_14' title="bbox 602 2021 2143 2207">
     <span class='ocr_line' id='line_1_16' title="bbox 602 2021 2143 2112; baseline 0.002 -24"><span class='ocrx_word' id='word_1_89' title='bbox 602 2021 1037 2110; x_wconf 86' lang='lat' dir='ltr'>appellatione</span> <span class='ocrx_word' id='word_1_90' title='bbox 1105 2043 1556 2109; x_wconf 89' lang='lat' dir='ltr'>personarum,</span> <span class='ocrx_word' id='word_1_91' title='bbox 1621 2022 1792 2110; x_wconf 91' lang='lat' dir='ltr'>quod</span> <span class='ocrx_word' id='word_1_92' title='bbox 1865 2024 2143 2112; x_wconf 89' lang='lat' dir='ltr'>exigunt</span> 
     </span>
     <span class='ocr_line' id='line_1_17' title="bbox 603 2143 1155 2207; baseline 0.002 -1"><span class='ocrx_word' id='word_1_93' title='bbox 603 2151 860 2206; x_wconf 87' lang='lat' dir='ltr'>tantum</span> <span class='ocrx_word' id='word_1_94' title='bbox 913 2143 1155 2207; x_wconf 77' lang='lat' dir='ltr'>Patres,</span> 
     </span>
    </p>

    <p class='ocr_par' dir='ltr' id='par_1_15' title="bbox 594 2254 2147 4305">
     <span class='ocr_line' id='line_1_18' title="bbox 693 2254 2142 2346; baseline 0.002 -24"><span class='ocrx_word' id='word_1_95' title='bbox 693 2254 954 2323; x_wconf 83' lang='lat' dir='ltr'>Accedit</span> <span class='ocrx_word' id='word_1_96' title='bbox 981 2268 1042 2323; x_wconf 90' lang='lat' dir='ltr'>et</span> <span class='ocrx_word' id='word_1_97' title='bbox 1083 2258 1271 2338; x_wconf 89' lang='lat' dir='ltr'>ratio,</span> <span class='ocrx_word' id='word_1_98' title='bbox 1314 2256 1464 2345; x_wconf 91' lang='lat' dir='ltr'>quia</span> <span class='ocrx_word' id='word_1_99' title='bbox 1504 2271 1635 2324; x_wconf 84' lang='lat' dir='ltr'>tres</span> <span class='ocrx_word' id='word_1_100' title='bbox 1675 2279 1975 2344; x_wconf 84' lang='lat' dir='ltr'>personae</span> <span class='ocrx_word' id='word_1_101' title='bbox 2013 2279 2142 2346; x_wconf 88' lang='lat' dir='ltr'>qua</span> 
     </span>
     <span class='ocr_line' id='line_1_19' title="bbox 603 2372 2143 2460; baseline 0.001 -21"><span class='ocrx_word' id='word_1_102' title='bbox 603 2385 755 2439; x_wconf 90' lang='lat' dir='ltr'>sunt</span> <span class='ocrx_word' id='word_1_103' title='bbox 795 2393 999 2439; x_wconf 92' lang='lat' dir='ltr'>unum</span> <span class='ocrx_word' id='word_1_104' title='bbox 1048 2372 1114 2440; x_wconf 92' lang='lat' dir='ltr'>in</span> <span class='ocrx_word' id='word_1_105' title='bbox 1157 2384 1409 2452; x_wconf 90' lang='lat' dir='ltr'>natura,</span> <span class='ocrx_word' id='word_1_106' title='bbox 1455 2384 1519 2440; x_wconf 89' lang='lat' dir='ltr'>et</span> <span class='ocrx_word' id='word_1_107' title='bbox 1563 2375 1872 2460; x_wconf 88' lang='lat' dir='ltr'>potentia,</span> <span class='ocrx_word' id='word_1_108' title='bbox 1919 2386 1983 2441; x_wconf 90' lang='lat' dir='ltr'>et</span> <span class='ocrx_word' id='word_1_109' title='bbox 2024 2395 2143 2441; x_wconf 90' lang='lat' dir='ltr'>au-</span> 
     </span>
     <span class='ocr_line' id='line_1_20' title="bbox 603 2489 2145 2577; baseline 0.001 -22"><span class='ocrx_word' id='word_1_110' title='bbox 603 2489 923 2568; x_wconf 88' lang='lat' dir='ltr'>ctoritate,</span> <span class='ocrx_word' id='word_1_111' title='bbox 995 2500 1150 2555; x_wconf 92' lang='lat' dir='ltr'>sunt</span> <span class='ocrx_word' id='word_1_112' title='bbox 1194 2509 1388 2556; x_wconf 87' lang='lat' dir='ltr'>causa</span> <span class='ocrx_word' id='word_1_113' title='bbox 1447 2489 1825 2577; x_wconf 89' lang='lat' dir='ltr'>principalis</span> <span class='ocrx_word' id='word_1_114' title='bbox 1900 2490 2145 2558; x_wconf 90' lang='lat' dir='ltr'>sancti-</span> 
     </span>
     <span class='ocr_line' id='line_1_21' title="bbox 605 2604 2142 2692; baseline 0.002 -21"><span class='ocrx_word' id='word_1_115' title='bbox 605 2604 864 2686; x_wconf 86' lang='lat' dir='ltr'>ficandi,</span> <span class='ocrx_word' id='word_1_116' title='bbox 918 2625 1044 2670; x_wconf 89' lang='lat' dir='ltr'>non</span> <span class='ocrx_word' id='word_1_117' title='bbox 1095 2620 1311 2671; x_wconf 91' lang='lat' dir='ltr'>autem</span> <span class='ocrx_word' id='word_1_118' title='bbox 1356 2617 1546 2692; x_wconf 93' lang='lat' dir='ltr'>prout</span> <span class='ocrx_word' id='word_1_119' title='bbox 1584 2605 1809 2674; x_wconf 92' lang='lat' dir='ltr'>dicunt</span> <span class='ocrx_word' id='word_1_120' title='bbox 1848 2607 2142 2674; x_wconf 87' lang='lat' dir='ltr'>ordinem</span> 
     </span>
     <span class='ocr_line' id='line_1_22' title="bbox 600 2720 2135 2812; baseline 0.003 -26"><span class='ocrx_word' id='word_1_121' title='bbox 600 2721 879 2809; x_wconf 87' lang='lat' dir='ltr'>originis</span> <span class='ocrx_word' id='word_1_122' title='bbox 920 2722 1088 2789; x_wconf 90' lang='lat' dir='ltr'>inter</span> <span class='ocrx_word' id='word_1_123' title='bbox 1145 2745 1258 2802; x_wconf 89' lang='lat' dir='ltr'>se;</span> <span class='ocrx_word' id='word_1_124' title='bbox 1307 2720 1479 2789; x_wconf 91' lang='lat' dir='ltr'>unde</span> <span class='ocrx_word' id='word_1_125' title='bbox 1523 2723 1575 2790; x_wconf 88' lang='lat' dir='ltr'>si</span> <span class='ocrx_word' id='word_1_126' title='bbox 1629 2734 1843 2790; x_wconf 83' lang='lat' dir='ltr'>essent</span> <span class='ocrx_word' id='word_1_127' title='bbox 1896 2724 2135 2812; x_wconf 91' lang='lat' dir='ltr'>impro-</span> 
     </span>
     <span class='ocr_line' id='line_1_23' title="bbox 601 2839 2133 2928; baseline 0.003 -24"><span class='ocrx_word' id='word_1_128' title='bbox 601 2839 817 2905; x_wconf 82' lang='lat' dir='ltr'>ductae</span> <span class='ocrx_word' id='word_1_129' title='bbox 876 2851 948 2928; x_wconf 90' lang='lat' dir='ltr'>et</span> <span class='ocrx_word' id='word_1_130' title='bbox 999 2841 1439 2909; x_wconf 89' lang='lat' dir='ltr'>subsistentes</span> <span class='ocrx_word' id='word_1_131' title='bbox 1489 2842 1554 2907; x_wconf 89' lang='lat' dir='ltr'>in</span> <span class='ocrx_word' id='word_1_132' title='bbox 1614 2840 1838 2907; x_wconf 90' lang='lat' dir='ltr'>eadem</span> <span class='ocrx_word' id='word_1_133' title='bbox 1881 2855 2133 2923; x_wconf 89' lang='lat' dir='ltr'>natura,</span> 
     </span>
     <span class='ocr_line' id='line_1_24' title="bbox 598 2954 2145 3044; baseline 0.003 -23"><span class='ocrx_word' id='word_1_134' title='bbox 598 2954 813 3022; x_wconf 88' lang='lat' dir='ltr'>adhuc</span> <span class='ocrx_word' id='word_1_135' title='bbox 871 2957 1226 3025; x_wconf 87' lang='lat' dir='ltr'>retinerent</span> <span class='ocrx_word' id='word_1_136' title='bbox 1272 2957 1566 3026; x_wconf 88' lang='lat' dir='ltr'>eamdem</span> <span class='ocrx_word' id='word_1_137' title='bbox 1636 2958 2015 3044; x_wconf 88' lang='lat' dir='ltr'>potentiam,</span> <span class='ocrx_word' id='word_1_138' title='bbox 2080 2971 2145 3026; x_wconf 90' lang='lat' dir='ltr'>et</span> 
     </span>
     <span class='ocr_line' id='line_1_25' title="bbox 598 3070 2140 3160; baseline 0.003 -26"><span class='ocrx_word' id='word_1_139' title='bbox 598 3070 1071 3154; x_wconf 88' lang='lat' dir='ltr'>auctoritatem,</span> <span class='ocrx_word' id='word_1_140' title='bbox 1146 3093 1294 3160; x_wconf 80' lang='lat' dir='ltr'>quae</span> <span class='ocrx_word' id='word_1_141' title='bbox 1353 3072 1662 3159; x_wconf 87' lang='lat' dir='ltr'>competit</span> <span class='ocrx_word' id='word_1_142' title='bbox 1721 3072 1917 3152; x_wconf 87' lang='lat' dir='ltr'>Patri,</span> <span class='ocrx_word' id='word_1_143' title='bbox 2011 3092 2140 3138; x_wconf 90' lang='lat' dir='ltr'>non</span> 
     </span>
     <span class='ocr_line' id='line_1_26' title="bbox 599 3184 2145 3275; baseline 0.003 -26"><span class='ocrx_word' id='word_1_144' title='bbox 599 3184 752 3268; x_wconf 90' lang='lat' dir='ltr'>quia</span> <span class='ocrx_word' id='word_1_145' title='bbox 799 3188 1118 3272; x_wconf 88' lang='lat' dir='ltr'>producit,</span> <span class='ocrx_word' id='word_1_146' title='bbox 1183 3189 1294 3254; x_wconf 89' lang='lat' dir='ltr'>sed</span> <span class='ocrx_word' id='word_1_147' title='bbox 1330 3187 1481 3275; x_wconf 84' lang='lat' dir='ltr'>quia</span> <span class='ocrx_word' id='word_1_148' title='bbox 1529 3200 1628 3257; x_wconf 86' lang='lat' dir='ltr'>est</span> <span class='ocrx_word' id='word_1_149' title='bbox 1679 3192 1870 3264; x_wconf 77' lang='lat' dir='ltr'>DeuS‚</span> <span class='ocrx_word' id='word_1_150' title='bbox 1933 3208 2145 3274; x_wconf 90' lang='lat' dir='ltr'>neque</span> 
     </span>
     <span class='ocr_line' id='line_1_27' title="bbox 599 3303 2141 3392; baseline -0.001 -22"><span class='ocrx_word' id='word_1_151' title='bbox 599 3303 760 3371; x_wconf 88' lang='lat' dir='ltr'>Filio</span> <span class='ocrx_word' id='word_1_152' title='bbox 783 3304 1168 3392; x_wconf 87' lang='lat' dir='ltr'>inquantum</span> <span class='ocrx_word' id='word_1_153' title='bbox 1196 3305 1594 3392; x_wconf 86' lang='lat' dir='ltr'>producitur,</span> <span class='ocrx_word' id='word_1_154' title='bbox 1622 3304 1734 3372; x_wconf 90' lang='lat' dir='ltr'>sed</span> <span class='ocrx_word' id='word_1_155' title='bbox 1758 3304 2141 3392; x_wconf 87' lang='lat' dir='ltr'>inquantum</span> 
     </span>
     <span class='ocr_line' id='line_1_28' title="bbox 598 3424 2142 3508; baseline -0.001 -22"><span class='ocrx_word' id='word_1_156' title='bbox 598 3424 790 3490; x_wconf 90' lang='lat' dir='ltr'>Deus.</span> <span class='ocrx_word' id='word_1_157' title='bbox 854 3426 1324 3508; x_wconf 87' lang='lat' dir='ltr'>Comparantur</span> <span class='ocrx_word' id='word_1_158' title='bbox 1383 3435 1600 3489; x_wconf 89' lang='lat' dir='ltr'>autem</span> <span class='ocrx_word' id='word_1_159' title='bbox 1652 3426 1733 3489; x_wconf 88' lang='lat' dir='ltr'>ad</span> <span class='ocrx_word' id='word_1_160' title='bbox 1800 3431 1982 3488; x_wconf 88' lang='lat' dir='ltr'>extra</span> <span class='ocrx_word' id='word_1_161' title='bbox 2037 3440 2142 3486; x_wconf 91' lang='lat' dir='ltr'>se-</span> 
     </span>
     <span class='ocr_line' id='line_1_29' title="bbox 594 3538 2146 3628; baseline -0.002 -22"><span class='ocrx_word' id='word_1_162' title='bbox 594 3541 879 3606; x_wconf 89' lang='lat' dir='ltr'>cundum</span> <span class='ocrx_word' id='word_1_163' title='bbox 929 3540 1100 3628; x_wconf 91' lang='lat' dir='ltr'>quod</span> <span class='ocrx_word' id='word_1_164' title='bbox 1162 3561 1364 3607; x_wconf 91' lang='lat' dir='ltr'>unum</span> <span class='ocrx_word' id='word_1_165' title='bbox 1425 3551 1576 3607; x_wconf 90' lang='lat' dir='ltr'>sunt</span> <span class='ocrx_word' id='word_1_166' title='bbox 1615 3539 1683 3604; x_wconf 92' lang='lat' dir='ltr'>in</span> <span class='ocrx_word' id='word_1_167' title='bbox 1725 3538 2036 3624; x_wconf 91' lang='lat' dir='ltr'>potentia,</span> <span class='ocrx_word' id='word_1_168' title='bbox 2082 3551 2146 3603; x_wconf 88' lang='lat' dir='ltr'>et</span> 
     </span>
     <span class='ocr_line' id='line_1_30' title="bbox 595 3651 2147 3741; baseline -0.005 -19"><span class='ocrx_word' id='word_1_169' title='bbox 595 3654 877 3722; x_wconf 88' lang='lat' dir='ltr'>essentia</span> <span class='ocrx_word' id='word_1_170' title='bbox 959 3655 1482 3741; x_wconf 86' lang='lat' dir='ltr'>inseparabiliter</span> <span class='ocrx_word' id='word_1_171' title='bbox 1537 3665 1601 3721; x_wconf 92' lang='lat' dir='ltr'>et</span> <span class='ocrx_word' id='word_1_172' title='bbox 1658 3651 2147 3719; x_wconf 88' lang='lat' dir='ltr'>indivisibiliter</span> 
     </span>
     <span class='ocr_line' id='line_1_31' title="bbox 596 3766 2140 3857; baseline -0.002 -23"><span class='ocrx_word' id='word_1_173' title='bbox 596 3768 664 3836; x_wconf 92' lang='lat' dir='ltr'>in</span> <span class='ocrx_word' id='word_1_174' title='bbox 706 3769 979 3838; x_wconf 91' lang='lat' dir='ltr'>essendo</span> <span class='ocrx_word' id='word_1_175' title='bbox 1026 3781 1090 3836; x_wconf 89' lang='lat' dir='ltr'>et</span> <span class='ocrx_word' id='word_1_176' title='bbox 1129 3769 1482 3857; x_wconf 85' lang='lat' dir='ltr'>operando,</span> <span class='ocrx_word' id='word_1_177' title='bbox 1521 3769 1693 3856; x_wconf 93' lang='lat' dir='ltr'>quod</span> <span class='ocrx_word' id='word_1_178' title='bbox 1743 3766 2140 3854; x_wconf 87' lang='lat' dir='ltr'>exprimitur</span> 
     </span>
     <span class='ocr_line' id='line_1_32' title="bbox 600 3882 2142 3976; baseline -0.004 -22"><span class='ocrx_word' id='word_1_179' title='bbox 600 3887 921 3976; x_wconf 86' lang='lat' dir='ltr'>perillam</span> <span class='ocrx_word' id='word_1_180' title='bbox 963 3887 1263 3969; x_wconf 82' lang='lat' dir='ltr'>formam,</span> <span class='ocrx_word' id='word_1_181' title='bbox 1316 3886 1465 3953; x_wconf 91' lang='lat' dir='ltr'>licet</span> <span class='ocrx_word' id='word_1_182' title='bbox 1497 3906 1626 3952; x_wconf 89' lang='lat' dir='ltr'>non</span> <span class='ocrx_word' id='word_1_183' title='bbox 1665 3884 1752 3952; x_wconf 91' lang='lat' dir='ltr'>sit</span> <span class='ocrx_word' id='word_1_184' title='bbox 1783 3882 2142 3951; x_wconf 92' lang='lat' dir='ltr'>secundum</span> 
     </span>
     <span class='ocr_line' id='line_1_33' title="bbox 600 3999 2139 4089; baseline -0.005 -18"><span class='ocrx_word' id='word_1_185' title='bbox 600 4004 896 4071; x_wconf 91' lang='lat' dir='ltr'>ordinem</span> <span class='ocrx_word' id='word_1_186' title='bbox 953 4001 1252 4089; x_wconf 53' lang='lat' dir='ltr'>originis</span> <span class='ocrx_word' id='word_1_187' title='bbox 1306 4001 1417 4089; x_wconf 91' lang='lat' dir='ltr'>qui</span> <span class='ocrx_word' id='word_1_188' title='bbox 1485 3999 1751 4085; x_wconf 89' lang='lat' dir='ltr'>respicit</span> <span class='ocrx_word' id='word_1_189' title='bbox 1826 4018 2139 4085; x_wconf 87' lang='lat' dir='ltr'>personas</span> 
     </span>
     <span class='ocr_line' id='line_1_34' title="bbox 599 4115 2138 4207; baseline -0.006 -18"><span class='ocrx_word' id='word_1_190' title='bbox 599 4133 671 4190; x_wconf 90' lang='lat' dir='ltr'>ut</span> <span class='ocrx_word' id='word_1_191' title='bbox 716 4131 1176 4207; x_wconf 88' lang='lat' dir='ltr'>comparantur</span> <span class='ocrx_word' id='word_1_192' title='bbox 1235 4117 1314 4184; x_wconf 91' lang='lat' dir='ltr'>ad</span> <span class='ocrx_word' id='word_1_193' title='bbox 1356 4118 1663 4198; x_wconf 89' lang='lat' dir='ltr'>invicem,</span> <span class='ocrx_word' id='word_1_194' title='bbox 1717 4129 1780 4183; x_wconf 88' lang='lat' dir='ltr'>et</span> <span class='ocrx_word' id='word_1_195' title='bbox 1818 4115 1894 4182; x_wconf 91' lang='lat' dir='ltr'>ad</span> <span class='ocrx_word' id='word_1_196' title='bbox 1946 4115 2138 4194; x_wconf 89' lang='lat' dir='ltr'>intra,</span> 
     </span>
     <span class='ocr_line' id='line_1_35' title="bbox 601 4235 1354 4305; baseline -0.005 0"><span class='ocrx_word' id='word_1_197' title='bbox 601 4258 733 4305; x_wconf 92' lang='lat' dir='ltr'>non</span> <span class='ocrx_word' id='word_1_198' title='bbox 790 4257 949 4303; x_wconf 87' lang='lat' dir='ltr'>vero</span> <span class='ocrx_word' id='word_1_199' title='bbox 1007 4235 1085 4302; x_wconf 91' lang='lat' dir='ltr'>ad</span> <span class='ocrx_word' id='word_1_200' title='bbox 1148 4248 1354 4302; x_wconf 86' lang='lat' dir='ltr'>extra.</span> 
     </span>
    </p>

    <p class='ocr_par' dir='ltr' id='par_1_16' title="bbox 372 4350 2142 5365">
     <span class='ocr_line' id='line_1_36' title="bbox 372 4350 2142 4441; baseline -0.005 -20"><span class='ocrx_word' id='word_1_201' title='bbox 372 4384 456 4433; x_wconf 80' lang='lat'>79.</span> <span class='ocrx_word' id='word_1_202' title='bbox 688 4355 869 4421; x_wconf 88' lang='lat' dir='ltr'>Sicut</span> <span class='ocrx_word' id='word_1_203' title='bbox 924 4376 1081 4441; x_wconf 89' lang='lat' dir='ltr'>ergo</span> <span class='ocrx_word' id='word_1_204' title='bbox 1131 4354 1195 4419; x_wconf 91' lang='lat' dir='ltr'>in</span> <span class='ocrx_word' id='word_1_205' title='bbox 1239 4351 1554 4419; x_wconf 87' lang='lat' dir='ltr'>creaturis</span> <span class='ocrx_word' id='word_1_206' title='bbox 1588 4350 1819 4418; x_wconf 92' lang='lat' dir='ltr'>modus</span> <span class='ocrx_word' id='word_1_207' title='bbox 1851 4369 2142 4417; x_wconf 88' lang='lat' dir='ltr'>commu·</span> 
     </span>
     <span class='ocr_line' id='line_1_37' title="bbox 597 4463 2139 4556; baseline -0.005 -19"><span class='ocrx_word' id='word_1_208' title='bbox 597 4469 856 4537; x_wconf 88' lang='lat' dir='ltr'>nicandi</span> <span class='ocrx_word' id='word_1_209' title='bbox 915 4468 1309 4556; x_wconf 90' lang='lat' dir='ltr'>principium</span> <span class='ocrx_word' id='word_1_210' title='bbox 1376 4467 1650 4534; x_wconf 89' lang='lat' dir='ltr'>actionis</span> <span class='ocrx_word' id='word_1_211' title='bbox 1705 4463 1947 4553; x_wconf 92' lang='lat' dir='ltr'>agenti,</span> <span class='ocrx_word' id='word_1_212' title='bbox 2010 4483 2139 4530; x_wconf 92' lang='lat' dir='ltr'>non</span> 
     </span>
     <span class='ocr_line' id='line_1_38' title="bbox 593 4582 2142 4673; baseline -0.006 -19"><span class='ocrx_word' id='word_1_213' title='bbox 593 4585 948 4654; x_wconf 88' lang='lat' dir='ltr'>attenditur</span> <span class='ocrx_word' id='word_1_214' title='bbox 1016 4596 1330 4673; x_wconf 88' lang='lat' dir='ltr'>quantum</span> <span class='ocrx_word' id='word_1_215' title='bbox 1371 4585 1448 4649; x_wconf 89' lang='lat' dir='ltr'>ad</span> <span class='ocrx_word' id='word_1_216' title='bbox 1499 4582 1848 4661; x_wconf 84' lang='lat' dir='ltr'>inlluxum,</span> <span class='ocrx_word' id='word_1_217' title='bbox 1931 4600 2142 4667; x_wconf 87' lang='lat' dir='ltr'>neque</span> 
     </span>
     <span class='ocr_line' id='line_1_39' title="bbox 593 4697 2137 4789; baseline -0.006 -18"><span class='ocrx_word' id='word_1_218' title='bbox 593 4704 800 4772; x_wconf 88' lang='lat' dir='ltr'>variat</span> <span class='ocrx_word' id='word_1_219' title='bbox 845 4704 1059 4789; x_wconf 91' lang='lat' dir='ltr'>ipsum</span> <span class='ocrx_word' id='word_1_220' title='bbox 1093 4700 1415 4767; x_wconf 84' lang='lat' dir='ltr'>inssuxum</span> <span class='ocrx_word' id='word_1_221' title='bbox 1448 4699 1776 4787; x_wconf 89' lang='lat' dir='ltr'>principii,</span> <span class='ocrx_word' id='word_1_222' title='bbox 1812 4697 1908 4765; x_wconf 88' lang='lat' dir='ltr'>sic</span> <span class='ocrx_word' id='word_1_223' title='bbox 1945 4697 2137 4763; x_wconf 89' lang='lat' dir='ltr'>etiam</span> 
     </span>
     <span class='ocr_line' id='line_1_40' title="bbox 588 4814 2140 4903; baseline -0.005 -17"><span class='ocrx_word' id='word_1_224' title='bbox 588 4819 656 4886; x_wconf 89' lang='lat' dir='ltr'>in</span> <span class='ocrx_word' id='word_1_225' title='bbox 686 4818 931 4886; x_wconf 88' lang='lat' dir='ltr'>divinis</span> <span class='ocrx_word' id='word_1_226' title='bbox 988 4816 1219 4884; x_wconf 92' lang='lat' dir='ltr'>modus</span> <span class='ocrx_word' id='word_1_227' title='bbox 1250 4814 1679 4903; x_wconf 89' lang='lat' dir='ltr'>participandi</span> <span class='ocrx_word' id='word_1_228' title='bbox 1711 4825 1823 4879; x_wconf 91' lang='lat' dir='ltr'>aut</span> <span class='ocrx_word' id='word_1_229' title='bbox 1849 4834 2140 4880; x_wconf 89' lang='lat' dir='ltr'>commu-</span> 
     </span>
     <span class='ocr_line' id='line_1_41' title="bbox 589 4929 2138 5017; baseline -0.006 -15"><span class='ocrx_word' id='word_1_230' title='bbox 589 4934 849 5003; x_wconf 90' lang='lat' dir='ltr'>nicandi</span> <span class='ocrx_word' id='word_1_231' title='bbox 880 4933 1172 5000; x_wconf 89' lang='lat' dir='ltr'>divinam</span> <span class='ocrx_word' id='word_1_232' title='bbox 1223 4944 1520 4998; x_wconf 90' lang='lat' dir='ltr'>naturam</span> <span class='ocrx_word' id='word_1_233' title='bbox 1581 4929 1916 5015; x_wconf 90' lang='lat' dir='ltr'>supposito</span> <span class='ocrx_word' id='word_1_234' title='bbox 1996 4950 2138 5017; x_wconf 90' lang='lat' dir='ltr'>pro-</span> 
     </span>
     <span class='ocr_line' id='line_1_42' title="bbox 584 5045 2137 5133; baseline -0.004 -16"><span class='ocrx_word' id='word_1_235' title='bbox 584 5051 802 5131; x_wconf 90' lang='lat' dir='ltr'>duct0,</span> <span class='ocrx_word' id='word_1_236' title='bbox 855 5071 984 5115; x_wconf 91' lang='lat' dir='ltr'>non</span> <span class='ocrx_word' id='word_1_237' title='bbox 1051 5047 1262 5116; x_wconf 89' lang='lat' dir='ltr'>variat</span> <span class='ocrx_word' id='word_1_238' title='bbox 1315 5045 1651 5113; x_wconf 88' lang='lat' dir='ltr'>inssuxum</span> <span class='ocrx_word' id='word_1_239' title='bbox 1739 5046 1905 5132; x_wconf 81' lang='lat' dir='ltr'>ejuS,</span> <span class='ocrx_word' id='word_1_240' title='bbox 1983 5046 2137 5133; x_wconf 89' lang='lat' dir='ltr'>quia</span> 
     </span>
     <span class='ocr_line' id='line_1_43' title="bbox 586 5162 2134 5252; baseline -0.005 -17"><span class='ocrx_word' id='word_1_241' title='bbox 586 5168 736 5235; x_wconf 87' lang='lat' dir='ltr'>licet</span> <span class='ocrx_word' id='word_1_242' title='bbox 785 5167 960 5233; x_wconf 84' lang='lat' dir='ltr'>filius</span> <span class='ocrx_word' id='word_1_243' title='bbox 1022 5164 1442 5252; x_wconf 83' lang='lat' dir='ltr'>generatione</span> <span class='ocrx_word' id='word_1_244' title='bbox 1519 5162 1747 5250; x_wconf 87' lang='lat' dir='ltr'>recipit</span> <span class='ocrx_word' id='word_1_245' title='bbox 1834 5172 2134 5229; x_wconf 81' lang='lat' dir='ltr'>naturam</span> 
     </span>
     <span class='ocr_line' id='line_1_44' title="bbox 584 5276 2134 5365; baseline -0.005 -14"><span class='ocrx_word' id='word_1_246' title='bbox 584 5283 900 5364; x_wconf 91' lang='lat' dir='ltr'>divinam,</span> <span class='ocrx_word' id='word_1_247' title='bbox 954 5302 1083 5347; x_wconf 92' lang='lat' dir='ltr'>non</span> <span class='ocrx_word' id='word_1_248' title='bbox 1142 5291 1358 5347; x_wconf 90' lang='lat' dir='ltr'>tamen</span> <span class='ocrx_word' id='word_1_249' title='bbox 1416 5279 1494 5345; x_wconf 88' lang='lat' dir='ltr'>ad</span> <span class='ocrx_word' id='word_1_250' title='bbox 1568 5289 1750 5345; x_wconf 89' lang='lat' dir='ltr'>extra</span> <span class='ocrx_word' id='word_1_251' title='bbox 1802 5276 1939 5363; x_wconf 90' lang='lat' dir='ltr'>agit</span> <span class='ocrx_word' id='word_1_252' title='bbox 2019 5299 2134 5365; x_wconf 88' lang='lat' dir='ltr'>per</span> 
     </span>
    </p>

    <p class='ocr_par' dir='ltr' id='par_1_17' title="bbox 529 5394 2127 5607">
     <span class='ocr_line' id='line_1_45' title="bbox 529 5394 2127 5478; baseline -0.001 -15"><span class='ocrx_word' id='word_1_253' title='bbox 529 5458 532 5463; x_wconf 90' lang='lat'>.</span> <span class='ocrx_word' id='word_1_254' title='bbox 584 5400 849 5468; x_wconf 91' lang='lat' dir='ltr'>modum</span> <span class='ocrx_word' id='word_1_255' title='bbox 881 5410 1154 5478; x_wconf 84' lang='lat' dir='ltr'>naturoe,</span> <span class='ocrx_word' id='word_1_256' title='bbox 1193 5396 1306 5464; x_wconf 88' lang='lat' dir='ltr'>sed</span> <span class='ocrx_word' id='word_1_257' title='bbox 1351 5394 1728 5474; x_wconf 89' lang='lat' dir='ltr'>voluntatis,</span> <span class='ocrx_word' id='word_1_258' title='bbox 1778 5394 1948 5460; x_wconf 88' lang='lat' dir='ltr'>sicut</span> <span class='ocrx_word' id='word_1_259' title='bbox 1996 5414 2127 5461; x_wconf 81' lang='lat' dir='ltr'>cae·</span> 
     </span>
     <span class='ocr_line' id='line_1_46' title="bbox 582 5495 2123 5607; baseline -0.006 -23"><span class='ocrx_word' id='word_1_260' title='bbox 582 5495 740 5593; x_wconf 86' lang='lat' dir='ltr'>terae</span> <span class='ocrx_word' id='word_1_261' title='bbox 798 5533 1117 5607; x_wconf 85' lang='lat' dir='ltr'>personae.</span> <span class='ocrx_word' id='word_1_262' title='bbox 1180 5510 1363 5590; x_wconf 87' lang='lat' dir='ltr'>Quod</span> <span class='ocrx_word' id='word_1_263' title='bbox 1437 5509 1494 5577; x_wconf 91' lang='lat' dir='ltr'>si</span> <span class='ocrx_word' id='word_1_264' title='bbox 1571 5509 1749 5578; x_wconf 85' lang='lat' dir='ltr'>dicas</span> <span class='ocrx_word' id='word_1_265' title='bbox 1846 5509 2123 5576; x_wconf 79' lang='lat' dir='ltr'>formam</span> 
     </span>
    </p>
   </div>
   <div class='ocr_carea' id='block_1_6' title="bbox 368 910 449 961">
    <p class='ocr_par' dir='ltr' id='par_1_18' title="bbox 368 910 449 961">
     <span class='ocr_line' id='line_1_47' title="bbox 368 910 449 961; baseline -0.037 0"><span class='ocrx_word' id='word_1_266' title='bbox 368 910 449 961; x_wconf 88' lang='lat'>78.</span> 
     </span>
    </p>
   </div>
   <div class='ocr_carea' id='block_1_7' title="bbox 307 2340 540 2457">
    <p class='ocr_par' dir='ltr' id='par_1_19' title="bbox 307 2340 540 2457">
     <span class='ocr_line' id='line_1_48' title="bbox 307 2340 540 2413; baseline 0.009 -23"><span class='ocrx_word' id='word_1_267' title='bbox 307 2340 540 2413; x_wconf 78' lang='lat' dir='ltr'>Secunda</span> 
     </span>
     <span class='ocr_line' id='line_1_49' title="bbox 340 2409 498 2457; baseline 0.038 -6"><span class='ocrx_word' id='word_1_268' title='bbox 340 2409 498 2457; x_wconf 80' lang='lat' dir='ltr'>ratiO.</span> 
     </span>
    </p>
   </div>
   <div class='ocr_carea' id='block_1_8' title="bbox 943 5728 994 5737">
    <p class='ocr_par' dir='ltr' id='par_1_20' title="bbox 943 5728 994 5737">
     <span class='ocr_line' id='line_1_50' title="bbox 943 5728 994 5737; baseline 0.039 -2"><span class='ocrx_word' id='word_1_269' title='bbox 943 5728 948 5735; x_wconf 60' lang='lat' dir='ltr'>a</span> <span class='ocrx_word' id='word_1_270' title='bbox 967 5728 994 5737; x_wconf 68' lang='grc' dir='ltr'>-ω</span> 
     </span>
    </p>
   </div>
   <div class='ocr_carea' id='block_1_9' title="bbox 1808 342 2739 411">
    <p class='ocr_par' dir='ltr' id='par_1_21' title="bbox 1808 342 2739 411">
     <span class='ocr_line' id='line_1_51' title="bbox 1808 342 2739 411; baseline 0.005 -5"><span class='ocrx_word' id='word_1_271' title='bbox 1808 344 1952 409; x_wconf 70' lang='grc' dir='ltr'>ΗΒ.</span> <span class='ocrx_word' id='word_1_272' title='bbox 1986 342 2084 407; x_wconf 87' lang='lat' dir='ltr'>1v.</span> <span class='ocrx_word' id='word_1_273' title='bbox 2137 343 2739 411; x_wconf 79' lang='lat' dir='ltr'><strong>SENTENTIARUM</strong></span> 
     </span>
    </p>
   </div>
   <div class='ocr_carea' id='block_1_10' title="bbox 2248 512 4150 3416">
    <p class='ocr_par' dir='ltr' id='par_1_22' title="bbox 2250 512 3808 956">
     <span class='ocr_line' id='line_1_52' title="bbox 2253 512 3803 596; baseline 0 -17"><span class='ocrx_word' id='word_1_274' title='bbox 2253 533 2399 580; x_wconf 91' lang='lat' dir='ltr'>esse</span> <span class='ocrx_word' id='word_1_275' title='bbox 2430 512 2786 596; x_wconf 77' lang='lat' dir='ltr'>efficacem,</span> <span class='ocrx_word' id='word_1_276' title='bbox 2826 524 2897 581; x_wconf 89' lang='lat' dir='ltr'>ut</span> <span class='ocrx_word' id='word_1_277' title='bbox 2925 515 3156 581; x_wconf 89' lang='lat' dir='ltr'>subest</span> <span class='ocrx_word' id='word_1_278' title='bbox 3196 512 3585 581; x_wconf 84' lang='lat' dir='ltr'>institutioni</span> <span class='ocrx_word' id='word_1_279' title='bbox 3618 512 3803 579; x_wconf 87' lang='lat' dir='ltr'>Chri·</span> 
     </span>
     <span class='ocr_line' id='line_1_53' title="bbox 2250 628 3808 717; baseline -0.001 -24"><span class='ocrx_word' id='word_1_280' title='bbox 2250 629 2357 708; x_wconf 88' lang='lat' dir='ltr'>sti,</span> <span class='ocrx_word' id='word_1_281' title='bbox 2408 641 2473 695; x_wconf 88' lang='lat' dir='ltr'>et</span> <span class='ocrx_word' id='word_1_282' title='bbox 2514 642 2706 716; x_wconf 87' lang='lat' dir='ltr'>prout</span> <span class='ocrx_word' id='word_1_283' title='bbox 2762 631 2842 697; x_wconf 88' lang='lat' dir='ltr'>ab</span> <span class='ocrx_word' id='word_1_284' title='bbox 2902 628 3043 717; x_wconf 93' lang='lat' dir='ltr'>ipso</span> <span class='ocrx_word' id='word_1_285' title='bbox 3081 629 3318 697; x_wconf 90' lang='lat' dir='ltr'>tradita</span> <span class='ocrx_word' id='word_1_286' title='bbox 3349 640 3453 696; x_wconf 89' lang='lat' dir='ltr'>est</span> <span class='ocrx_word' id='word_1_287' title='bbox 3507 628 3808 696; x_wconf 74' lang='lat' dir='ltr'>Matmoei</span> 
     </span>
     <span class='ocr_line' id='line_1_54' title="bbox 2250 747 3804 827; baseline 0.002 -16"><span class='ocrx_word' id='word_1_288' title='bbox 2250 748 2510 827; x_wconf 78' lang='lat' dir='ltr'>ultime,</span> <span class='ocrx_word' id='word_1_289' title='bbox 2565 747 2661 814; x_wconf 90' lang='lat' dir='ltr'>sic</span> <span class='ocrx_word' id='word_1_290' title='bbox 2717 759 2934 814; x_wconf 87' lang='lat' dir='ltr'>autem</span> <span class='ocrx_word' id='word_1_291' title='bbox 2976 747 3208 814; x_wconf 88' lang='lat' dir='ltr'>tradita</span> <span class='ocrx_word' id='word_1_292' title='bbox 3251 758 3471 814; x_wconf 88' lang='lat' dir='ltr'>servat</span> <span class='ocrx_word' id='word_1_293' title='bbox 3507 748 3804 814; x_wconf 88' lang='lat' dir='ltr'>ordinem</span> 
     </span>
     <span class='ocr_line' id='line_1_55' title="bbox 2251 861 3583 956; baseline 0.002 -29"><span class='ocrx_word' id='word_1_294' title='bbox 2251 861 2571 956; x_wconf 58' lang='lat' dir='ltr'>originisj</span> <span class='ocrx_word' id='word_1_295' title='bbox 2636 885 2793 951; x_wconf 86' lang='lat' dir='ltr'>ergo</span> <span class='ocrx_word' id='word_1_296' title='bbox 2855 862 3171 930; x_wconf 80' lang='lat' dir='ltr'>sine&#39;hoc</span> <span class='ocrx_word' id='word_1_297' title='bbox 3221 874 3323 930; x_wconf 89' lang='lat' dir='ltr'>est</span> <span class='ocrx_word' id='word_1_298' title='bbox 3377 864 3583 931; x_wconf 92' lang='lat' dir='ltr'>nulla.</span> 
     </span>
    </p>

    <p class='ocr_par' dir='ltr' id='par_1_23' title="bbox 2248 973 4150 3159">
     <span class='ocr_line' id='line_1_56' title="bbox 2341 973 4113 1109; baseline 0 -65"><span class='ocrx_word' id='word_1_299' title='bbox 2341 979 2792 1064; x_wconf 90' lang='lat' dir='ltr'>Respondetur</span> <span class='ocrx_word' id='word_1_300' title='bbox 2871 980 3171 1067; x_wconf 86' lang='lat' dir='ltr'>negando</span> <span class='ocrx_word' id='word_1_301' title='bbox 3238 978 3798 1066; x_wconf 84' lang='lat' dir='ltr'>consequentiam,</span> <span class='ocrx_word' id='word_1_302' title='bbox 3877 973 4113 1109; x_wconf 43' lang='lat' dir='ltr'>affligat</span> 
     </span>
     <span class='ocr_line' id='line_1_57' title="bbox 2248 1095 4131 1210; baseline 0.001 -50"><span class='ocrx_word' id='word_1_303' title='bbox 2248 1095 2400 1180; x_wconf 91' lang='lat' dir='ltr'>quia</span> <span class='ocrx_word' id='word_1_304' title='bbox 2435 1095 2757 1162; x_wconf 90' lang='lat' dir='ltr'>institutio</span> <span class='ocrx_word' id='word_1_305' title='bbox 2791 1095 3018 1162; x_wconf 84' lang='lat' dir='ltr'>formae</span> <span class='ocrx_word' id='word_1_306' title='bbox 3071 1096 3276 1163; x_wconf 90' lang='lat' dir='ltr'>sumit</span> <span class='ocrx_word' id='word_1_307' title='bbox 3303 1095 3801 1183; x_wconf 86' lang='lat' dir='ltr'>explicationem</span> <span class='ocrx_word' id='word_1_308' title='bbox 3861 1098 4131 1210; x_wconf 45' lang='lat' dir='ltr'>&#39;rmrggttatis</span> 
     </span>
     <span class='ocr_line' id='line_1_58' title="bbox 2248 1209 4150 1299; baseline -0.001 -20"><span class='ocrx_word' id='word_1_309' title='bbox 2248 1231 2367 1279; x_wconf 91' lang='lat' dir='ltr'>seu</span> <span class='ocrx_word' id='word_1_310' title='bbox 2427 1212 3028 1299; x_wconf 89' lang='lat' dir='ltr'>interpretationem</span> <span class='ocrx_word' id='word_1_311' title='bbox 3115 1232 3151 1278; x_wconf 90' lang='lat' dir='ltr'>a</span> <span class='ocrx_word' id='word_1_312' title='bbox 3232 1210 3361 1278; x_wconf 82' lang='lat' dir='ltr'>lide</span> <span class='ocrx_word' id='word_1_313' title='bbox 3470 1209 3801 1296; x_wconf 88' lang='lat' dir='ltr'>explicita,</span> <span class='ocrx_word' id='word_1_314' title='bbox 3838 1224 4150 1277; x_wconf 75' lang='lat' dir='ltr'>necessaria.</span> 
     </span>
     <span class='ocr_line' id='line_1_59' title="bbox 2252 1328 3804 1416; baseline 0 -23"><span class='ocrx_word' id='word_1_315' title='bbox 2252 1347 2448 1413; x_wconf 90' lang='lat' dir='ltr'>quam</span> <span class='ocrx_word' id='word_1_316' title='bbox 2499 1328 2689 1396; x_wconf 90' lang='lat' dir='ltr'>debet</span> <span class='ocrx_word' id='word_1_317' title='bbox 2728 1328 2969 1395; x_wconf 87' lang='lat' dir='ltr'>habere</span> <span class='ocrx_word' id='word_1_318' title='bbox 3017 1339 3149 1395; x_wconf 90' lang='lat' dir='ltr'>tam</span> <span class='ocrx_word' id='word_1_319' title='bbox 3234 1328 3536 1395; x_wconf 86' lang='lat' dir='ltr'>minister</span> <span class='ocrx_word' id='word_1_320' title='bbox 3610 1348 3804 1416; x_wconf 90' lang='lat' dir='ltr'>quam</span> 
     </span>
     <span class='ocr_line' id='line_1_60' title="bbox 2252 1442 3813 1529; baseline 0.003 -23"><span class='ocrx_word' id='word_1_321' title='bbox 2252 1442 2576 1529; x_wconf 86' lang='lat' dir='ltr'>recipiens</span> <span class='ocrx_word' id='word_1_322' title='bbox 2642 1446 3173 1523; x_wconf 85' lang='lat' dir='ltr'>Sacramentum;</span> <span class='ocrx_word' id='word_1_323' title='bbox 3242 1444 3385 1511; x_wconf 84' lang='lat' dir='ltr'>haec</span> <span class='ocrx_word' id='word_1_324' title='bbox 3448 1455 3666 1511; x_wconf 89' lang='lat' dir='ltr'>autem</span> <span class='ocrx_word' id='word_1_325' title='bbox 3707 1455 3813 1511; x_wconf 87' lang='lat' dir='ltr'>est</span> 
     </span>
     <span class='ocr_line' id='line_1_61' title="bbox 2252 1555 3808 1647; baseline 0.001 -23"><span class='ocrx_word' id='word_1_326' title='bbox 2252 1555 2363 1624; x_wconf 92' lang='lat' dir='ltr'>illa</span> <span class='ocrx_word' id='word_1_327' title='bbox 2395 1579 2520 1644; x_wconf 88' lang='lat' dir='ltr'>qua</span> <span class='ocrx_word' id='word_1_328' title='bbox 2551 1560 2773 1626; x_wconf 87' lang='lat' dir='ltr'>credat</span> <span class='ocrx_word' id='word_1_329' title='bbox 2804 1571 2939 1627; x_wconf 90' lang='lat' dir='ltr'>tres</span> <span class='ocrx_word' id='word_1_330' title='bbox 2972 1580 3286 1647; x_wconf 90' lang='lat' dir='ltr'>personas</span> <span class='ocrx_word' id='word_1_331' title='bbox 3318 1580 3466 1627; x_wconf 88' lang='lat' dir='ltr'>esse</span> <span class='ocrx_word' id='word_1_332' title='bbox 3496 1580 3699 1626; x_wconf 91' lang='lat' dir='ltr'>unum</span> <span class='ocrx_word' id='word_1_333' title='bbox 3740 1559 3808 1625; x_wconf 90' lang='lat' dir='ltr'>in</span> 
     </span>
     <span class='ocr_line' id='line_1_62' title="bbox 2252 1673 3806 1762; baseline 0.003 -25"><span class='ocrx_word' id='word_1_334' title='bbox 2252 1673 2565 1754; x_wconf 88' lang='lat' dir='ltr'>essentia,</span> <span class='ocrx_word' id='word_1_335' title='bbox 2605 1673 2904 1742; x_wconf 89' lang='lat' dir='ltr'>diversas</span> <span class='ocrx_word' id='word_1_336' title='bbox 2938 1674 3004 1740; x_wconf 90' lang='lat' dir='ltr'>in</span> <span class='ocrx_word' id='word_1_337' title='bbox 3045 1696 3323 1760; x_wconf 91' lang='lat' dir='ltr'>persona</span> <span class='ocrx_word' id='word_1_338' title='bbox 3366 1675 3518 1762; x_wconf 88' lang='lat' dir='ltr'>quia</span> <span class='ocrx_word' id='word_1_339' title='bbox 3548 1675 3611 1741; x_wconf 94' lang='lat' dir='ltr'>id</span> <span class='ocrx_word' id='word_1_340' title='bbox 3654 1687 3806 1742; x_wconf 89' lang='lat' dir='ltr'>tan-</span> 
     </span>
     <span class='ocr_line' id='line_1_63' title="bbox 2251 1791 3813 1880; baseline 0.001 -26"><span class='ocrx_word' id='word_1_341' title='bbox 2251 1799 2391 1855; x_wconf 91' lang='lat' dir='ltr'>tum</span> <span class='ocrx_word' id='word_1_342' title='bbox 2442 1791 2978 1858; x_wconf 85' lang='lat' dir='ltr'>accommodatur</span> <span class='ocrx_word' id='word_1_343' title='bbox 3016 1791 3349 1858; x_wconf 90' lang='lat' dir='ltr'>communi</span> <span class='ocrx_word' id='word_1_344' title='bbox 3400 1791 3619 1880; x_wconf 90' lang='lat' dir='ltr'>captui</span> <span class='ocrx_word' id='word_1_345' title='bbox 3652 1812 3668 1871; x_wconf 88' lang='lat'><strong>;</strong></span> <span class='ocrx_word' id='word_1_346' title='bbox 3705 1811 3813 1856; x_wconf 92' lang='lat' dir='ltr'>or—</span> 
     </span>
     <span class='ocr_line' id='line_1_64' title="bbox 2257 1904 3812 1994; baseline 0.002 -24"><span class='ocrx_word' id='word_1_347' title='bbox 2257 1904 2340 1971; x_wconf 96' lang='lat' dir='ltr'>do</span> <span class='ocrx_word' id='word_1_348' title='bbox 2372 1919 2596 1986; x_wconf 69' lang='lat' dir='ltr'>,autem</span> <span class='ocrx_word' id='word_1_349' title='bbox 2642 1906 2927 1994; x_wconf 87' lang='lat' dir='ltr'>originis</span> <span class='ocrx_word' id='word_1_350' title='bbox 2997 1919 3060 1974; x_wconf 90' lang='lat' dir='ltr'>et</span> <span class='ocrx_word' id='word_1_351' title='bbox 3114 1906 3345 1975; x_wconf 91' lang='lat' dir='ltr'>modus</span> <span class='ocrx_word' id='word_1_352' title='bbox 3414 1907 3812 1994; x_wconf 89' lang='lat' dir='ltr'>procedendi</span> 
     </span>
     <span class='ocr_line' id='line_1_65' title="bbox 2254 2024 3798 2110; baseline 0.001 -22"><span class='ocrx_word' id='word_1_353' title='bbox 2254 2043 2701 2108; x_wconf 87' lang='lat' dir='ltr'>personarum.</span> <span class='ocrx_word' id='word_1_354' title='bbox 2741 2024 2996 2090; x_wconf 83' lang='lat' dir='ltr'>excedit</span> <span class='ocrx_word' id='word_1_355' title='bbox 3033 2035 3297 2110; x_wconf 90' lang='lat' dir='ltr'>captum</span> <span class='ocrx_word' id='word_1_356' title='bbox 3344 2044 3757 2091; x_wconf 88' lang='lat' dir='ltr'>communem</span> <span class='ocrx_word' id='word_1_357' title='bbox 3782 2077 3798 2105; x_wconf 90' lang='lat'>,</span> 
     </span>
     <span class='ocr_line' id='line_1_66' title="bbox 2254 2138 3867 2229; baseline 0.001 -24"><span class='ocrx_word' id='word_1_358' title='bbox 2254 2151 2320 2205; x_wconf 90' lang='lat' dir='ltr'>et</span> <span class='ocrx_word' id='word_1_359' title='bbox 2388 2138 2815 2226; x_wconf 90' lang='lat' dir='ltr'>simplicium,</span> <span class='ocrx_word' id='word_1_360' title='bbox 2888 2153 2950 2208; x_wconf 89' lang='lat' dir='ltr'>et</span> <span class='ocrx_word' id='word_1_361' title='bbox 2985 2142 3099 2207; x_wconf 90' lang='lat' dir='ltr'>vix</span> <span class='ocrx_word' id='word_1_362' title='bbox 3165 2161 3199 2206; x_wconf 92' lang='lat' dir='ltr'>a</span> <span class='ocrx_word' id='word_1_363' title='bbox 3270 2141 3478 2208; x_wconf 90' lang='lat' dir='ltr'>doctis</span> <span class='ocrx_word' id='word_1_364' title='bbox 3526 2141 3867 2229; x_wconf 47' lang='lat' dir='ltr'>capitur„</span> 
     </span>
     <span class='ocr_line' id='line_1_67' title="bbox 2259 2256 3813 2343; baseline 0.001 -22"><span class='ocrx_word' id='word_1_365' title='bbox 2259 2276 2472 2342; x_wconf 91' lang='lat' dir='ltr'>neque</span> <span class='ocrx_word' id='word_1_366' title='bbox 2537 2256 2929 2343; x_wconf 86' lang='lat' dir='ltr'>exprimitur</span> <span class='ocrx_word' id='word_1_367' title='bbox 2993 2257 3181 2325; x_wconf 90' lang='lat' dir='ltr'>aliter</span> <span class='ocrx_word' id='word_1_368' title='bbox 3243 2258 3309 2324; x_wconf 92' lang='lat' dir='ltr'>in</span> <span class='ocrx_word' id='word_1_369' title='bbox 3370 2258 3602 2336; x_wconf 83' lang='lat' dir='ltr'>forma,</span> <span class='ocrx_word' id='word_1_370' title='bbox 3686 2257 3813 2324; x_wconf 90' lang='lat' dir='ltr'>nisi</span> 
     </span>
     <span class='ocr_line' id='line_1_68' title="bbox 2255 2372 3809 2462; baseline 0.002 -25"><span class='ocrx_word' id='word_1_371' title='bbox 2255 2385 2574 2458; x_wconf 89' lang='lat' dir='ltr'>quatenus</span> <span class='ocrx_word' id='word_1_372' title='bbox 2607 2372 2671 2437; x_wconf 92' lang='lat' dir='ltr'>in</span> <span class='ocrx_word' id='word_1_373' title='bbox 2696 2373 3059 2459; x_wconf 90' lang='lat' dir='ltr'>prolatione</span> <span class='ocrx_word' id='word_1_374' title='bbox 3102 2395 3531 2462; x_wconf 90' lang='lat' dir='ltr'>personarum</span> <span class='ocrx_word' id='word_1_375' title='bbox 3582 2396 3809 2443; x_wconf 88' lang='lat' dir='ltr'>serve-</span> 
     </span>
     <span class='ocr_line' id='line_1_69' title="bbox 2255 2489 3805 2582; baseline 0.002 -27"><span class='ocrx_word' id='word_1_376' title='bbox 2255 2501 2361 2555; x_wconf 90' lang='lat' dir='ltr'>tur</span> <span class='ocrx_word' id='word_1_377' title='bbox 2406 2489 2589 2571; x_wconf 88' lang='lat' dir='ltr'>ord0,</span> <span class='ocrx_word' id='word_1_378' title='bbox 2637 2490 2747 2577; x_wconf 92' lang='lat' dir='ltr'>qui</span> <span class='ocrx_word' id='word_1_379' title='bbox 2788 2503 2889 2556; x_wconf 92' lang='lat' dir='ltr'>est</span> <span class='ocrx_word' id='word_1_380' title='bbox 2918 2490 3280 2560; x_wconf 90' lang='lat' dir='ltr'>secundum</span> <span class='ocrx_word' id='word_1_381' title='bbox 3322 2493 3805 2582; x_wconf 89' lang='lat' dir='ltr'>processionem</span> 
     </span>
     <span class='ocr_line' id='line_1_70' title="bbox 2259 2606 3809 2698; baseline 0.003 -26"><span class='ocrx_word' id='word_1_382' title='bbox 2259 2626 2508 2685; x_wconf 83' lang='lat' dir='ltr'>earum3</span> <span class='ocrx_word' id='word_1_383' title='bbox 2574 2607 2744 2695; x_wconf 92' lang='lat' dir='ltr'>quod</span> <span class='ocrx_word' id='word_1_384' title='bbox 2805 2628 2933 2674; x_wconf 90' lang='lat' dir='ltr'>non</span> <span class='ocrx_word' id='word_1_385' title='bbox 2994 2606 3239 2675; x_wconf 82' lang='lat' dir='ltr'>sufficit</span> <span class='ocrx_word' id='word_1_386' title='bbox 3296 2624 3368 2678; x_wconf 90' lang='lat' dir='ltr'>ut</span> <span class='ocrx_word' id='word_1_387' title='bbox 3426 2611 3809 2698; x_wconf 90' lang='lat' dir='ltr'>interprete-</span> 
     </span>
     <span class='ocr_line' id='line_1_71' title="bbox 2257 2723 3811 2814; baseline 0.004 -26"><span class='ocrx_word' id='word_1_388' title='bbox 2257 2742 2404 2789; x_wconf 88' lang='lat' dir='ltr'>mur</span> <span class='ocrx_word' id='word_1_389' title='bbox 2443 2724 2568 2789; x_wconf 91' lang='lat' dir='ltr'>hoc</span> <span class='ocrx_word' id='word_1_390' title='bbox 2597 2745 2741 2790; x_wconf 90' lang='lat' dir='ltr'>esse</span> <span class='ocrx_word' id='word_1_391' title='bbox 2780 2723 2860 2790; x_wconf 89' lang='lat' dir='ltr'>de</span> <span class='ocrx_word' id='word_1_392' title='bbox 2907 2725 3296 2792; x_wconf 87' lang='lat' dir='ltr'>necessitate</span> <span class='ocrx_word' id='word_1_393' title='bbox 3335 2730 3585 2806; x_wconf 83' lang='lat' dir='ltr'>formae,</span> <span class='ocrx_word' id='word_1_394' title='bbox 3622 2727 3811 2814; x_wconf 88' lang='lat' dir='ltr'>cujus</span> 
     </span>
     <span class='ocr_line' id='line_1_72' title="bbox 2255 2838 3810 2908; baseline 0.002 -4"><span class='ocrx_word' id='word_1_395' title='bbox 2255 2858 2416 2904; x_wconf 88' lang='lat' dir='ltr'>usus</span> <span class='ocrx_word' id='word_1_396' title='bbox 2503 2849 2568 2905; x_wconf 90' lang='lat' dir='ltr'>et</span> <span class='ocrx_word' id='word_1_397' title='bbox 2618 2838 2781 2907; x_wconf 84' lang='lat' dir='ltr'>fides</span> <span class='ocrx_word' id='word_1_398' title='bbox 2819 2838 3014 2906; x_wconf 91' lang='lat' dir='ltr'>debet</span> <span class='ocrx_word' id='word_1_399' title='bbox 3062 2861 3208 2907; x_wconf 83' lang='lat' dir='ltr'>esse</span> <span class='ocrx_word' id='word_1_400' title='bbox 3248 2840 3616 2908; x_wconf 89' lang='lat' dir='ltr'>communis</span> <span class='ocrx_word' id='word_1_401' title='bbox 3678 2853 3810 2908; x_wconf 89' lang='lat' dir='ltr'>tam</span> 
     </span>
     <span class='ocr_line' id='line_1_73' title="bbox 2256 2955 3809 3043; baseline 0.003 -25"><span class='ocrx_word' id='word_1_402' title='bbox 2256 2956 2462 3023; x_wconf 87' lang='lat' dir='ltr'>doctis</span> <span class='ocrx_word' id='word_1_403' title='bbox 2529 2977 2721 3043; x_wconf 88' lang='lat' dir='ltr'>quam</span> <span class='ocrx_word' id='word_1_404' title='bbox 2778 2955 3053 3022; x_wconf 91' lang='lat' dir='ltr'>indoctis</span> <span class='ocrx_word' id='word_1_405' title='bbox 3108 2977 3185 3023; x_wconf 84' lang='lat' dir='ltr'>ex</span> <span class='ocrx_word' id='word_1_406' title='bbox 3247 2956 3652 3024; x_wconf 89' lang='lat' dir='ltr'>institutione</span> <span class='ocrx_word' id='word_1_407' title='bbox 3692 2960 3809 3023; x_wconf 90' lang='lat' dir='ltr'>Sa-</span> 
     </span>
     <span class='ocr_line' id='line_1_74' title="bbox 2256 3071 3529 3159; baseline 0.004 -24"><span class='ocrx_word' id='word_1_408' title='bbox 2256 3071 2594 3150; x_wconf 86' lang='lat' dir='ltr'>cramenti,</span> <span class='ocrx_word' id='word_1_409' title='bbox 2651 3084 2843 3159; x_wconf 85' lang='lat' dir='ltr'>prout</span> <span class='ocrx_word' id='word_1_410' title='bbox 2888 3072 3176 3139; x_wconf 84' lang='lat' dir='ltr'>Ecclesia</span> <span class='ocrx_word' id='word_1_411' title='bbox 3224 3072 3529 3140; x_wconf 89' lang='lat' dir='ltr'>declarat.</span> 
     </span>
    </p>

    <p class='ocr_par' dir='ltr' id='par_1_24' title="bbox 2255 3177 4149 3416">
     <span class='ocr_line' id='line_1_75' title="bbox 2345 3177 4149 3292; baseline 0.003 -43"><span class='ocrx_word' id='word_1_412' title='bbox 2345 3185 2460 3251; x_wconf 91' lang='lat' dir='ltr'>Hic</span> <span class='ocrx_word' id='word_1_413' title='bbox 2506 3205 2697 3251; x_wconf 88' lang='lat' dir='ltr'>casus</span> <span class='ocrx_word' id='word_1_414' title='bbox 2748 3185 3163 3272; x_wconf 85' lang='lat' dir='ltr'>intelligitur,</span> <span class='ocrx_word' id='word_1_415' title='bbox 3220 3188 3475 3275; x_wconf 89' lang='lat' dir='ltr'>quando</span> <span class='ocrx_word' id='word_1_416' title='bbox 3526 3210 3654 3254; x_wconf 91' lang='lat' dir='ltr'>non</span> <span class='ocrx_word' id='word_1_417' title='bbox 3709 3188 3803 3254; x_wconf 90' lang='lat' dir='ltr'>in·</span> <span class='ocrx_word' id='word_1_418' title='bbox 3857 3177 4149 3292; x_wconf 51' lang='lat' dir='ltr'>(fflffiffiffi&#39;</span> 
     </span>
     <span class='ocr_line' id='line_1_76' title="bbox 2255 3300 4123 3416; baseline 0.003 -51"><span class='ocrx_word' id='word_1_419' title='bbox 2255 3300 2630 3366; x_wconf 89' lang='lat' dir='ltr'>tenderetur</span> <span class='ocrx_word' id='word_1_420' title='bbox 2668 3321 2851 3366; x_wconf 88' lang='lat' dir='ltr'>error</span> <span class='ocrx_word' id='word_1_421' title='bbox 2898 3302 2963 3367; x_wconf 92' lang='lat' dir='ltr'>in</span> <span class='ocrx_word' id='word_1_422' title='bbox 3004 3303 3235 3381; x_wconf 85' lang='lat' dir='ltr'>forma,</span> <span class='ocrx_word' id='word_1_423' title='bbox 3281 3324 3411 3389; x_wconf 92' lang='lat' dir='ltr'>quo</span> <span class='ocrx_word' id='word_1_424' title='bbox 3454 3322 3803 3391; x_wconf 87' lang='lat' dir='ltr'>negaretur</span> <span class='ocrx_word' id='word_1_425' title='bbox 3869 3303 4123 3416; x_wconf 51' lang='grc' dir='ltr'>8ἳῇξέὲο</span> 
     </span>
    </p>
   </div>
   <div class='ocr_carea' id='block_1_11' title="bbox 2256 3415 3804 3618">
    <p class='ocr_par' dir='ltr' id='par_1_25' title="bbox 2256 3415 3804 3618">
     <span class='ocr_line' id='line_1_77' title="bbox 2256 3415 3792 3506; baseline 0.004 -26"><span class='ocrx_word' id='word_1_426' title='bbox 2256 3415 2413 3481; x_wconf 91' lang='lat' dir='ltr'>ordo</span> <span class='ocrx_word' id='word_1_427' title='bbox 2452 3416 2728 3503; x_wconf 90' lang='lat' dir='ltr'>originis</span> <span class='ocrx_word' id='word_1_428' title='bbox 2769 3438 2884 3504; x_wconf 88' lang='lat' dir='ltr'>per</span> <span class='ocrx_word' id='word_1_429' title='bbox 2941 3416 3133 3485; x_wconf 92' lang='lat' dir='ltr'>talem</span> <span class='ocrx_word' id='word_1_430' title='bbox 3191 3420 3792 3506; x_wconf 88' lang='lat' dir='ltr'>transpositionem,</span> 
     </span>
     <span class='ocr_line' id='line_1_78' title="bbox 2258 3533 3804 3618; baseline 0.003 -20"><span class='ocrx_word' id='word_1_431' title='bbox 2258 3544 2330 3599; x_wconf 90' lang='lat' dir='ltr'>ut</span> <span class='ocrx_word' id='word_1_432' title='bbox 2375 3533 2530 3600; x_wconf 90' lang='lat' dir='ltr'>dicit</span> <span class='ocrx_word' id='word_1_433' title='bbox 2575 3537 2826 3601; x_wconf 90' lang='lat' dir='ltr'>Doctor.</span> <span class='ocrx_word' id='word_1_434' title='bbox 2876 3536 3001 3602; x_wconf 90' lang='lat' dir='ltr'>Sed</span> <span class='ocrx_word' id='word_1_435' title='bbox 3042 3535 3243 3618; x_wconf 83' lang='lat' dir='ltr'>dices,</span> <span class='ocrx_word' id='word_1_436' title='bbox 3290 3537 3548 3605; x_wconf 88' lang='lat' dir='ltr'>etiamsi</span> <span class='ocrx_word' id='word_1_437' title='bbox 3593 3538 3804 3606; x_wconf 85' lang='lat' dir='ltr'>inten-</span> 
     </span>
    </p>
   </div>
   <div class='ocr_carea' id='block_1_12' title="bbox 2217 3649 3806 3731">
    <p class='ocr_par' dir='ltr' id='par_1_26' title="bbox 2217 3649 3806 3731">
     <span class='ocr_line' id='line_1_79' title="bbox 2217 3649 3806 3731; baseline 0.004 -16"><span class='ocrx_word' id='word_1_438' title='bbox 2217 3716 2220 3723; x_wconf 73' lang='grc'>,</span> <span class='ocrx_word' id='word_1_439' title='bbox 2257 3649 2518 3717; x_wconf 88' lang='lat' dir='ltr'>deretur</span> <span class='ocrx_word' id='word_1_440' title='bbox 2555 3650 2703 3717; x_wconf 89' lang='lat' dir='ltr'>talis</span> <span class='ocrx_word' id='word_1_441' title='bbox 2743 3672 2947 3731; x_wconf 85' lang='lat' dir='ltr'>error,</span> <span class='ocrx_word' id='word_1_442' title='bbox 3000 3653 3213 3719; x_wconf 87' lang='lat' dir='ltr'>adhuc</span> <span class='ocrx_word' id='word_1_443' title='bbox 3263 3653 3343 3721; x_wconf 89' lang='lat' dir='ltr'>de</span> <span class='ocrx_word' id='word_1_444' title='bbox 3394 3676 3464 3721; x_wconf 90' lang='lat' dir='ltr'>se</span> <span class='ocrx_word' id='word_1_445' title='bbox 3504 3667 3603 3722; x_wconf 90' lang='lat' dir='ltr'>est</span> <span class='ocrx_word' id='word_1_446' title='bbox 3640 3655 3806 3722; x_wconf 90' lang='lat' dir='ltr'>vali-</span> 
     </span>
    </p>
   </div>
   <div class='ocr_carea' id='block_1_13' title="bbox 2244 3764 3826 5363">
    <p class='ocr_par' dir='ltr' id='par_1_27' title="bbox 2244 3764 3826 5363">
     <span class='ocr_line' id='line_1_80' title="bbox 2256 3764 3815 3854; baseline 0.004 -23"><span class='ocrx_word' id='word_1_447' title='bbox 2256 3764 2369 3845; x_wconf 86' lang='lat' dir='ltr'>da;</span> <span class='ocrx_word' id='word_1_448' title='bbox 2428 3788 2587 3854; x_wconf 90' lang='lat' dir='ltr'>ergo</span> <span class='ocrx_word' id='word_1_449' title='bbox 2639 3767 2826 3833; x_wconf 88' lang='lat' dir='ltr'>modo</span> <span class='ocrx_word' id='word_1_450' title='bbox 2867 3768 3015 3835; x_wconf 87' lang='lat' dir='ltr'>talis</span> <span class='ocrx_word' id='word_1_451' title='bbox 3070 3770 3360 3835; x_wconf 86' lang='lat' dir='ltr'>intendat</span> <span class='ocrx_word' id='word_1_452' title='bbox 3399 3790 3686 3839; x_wconf 91' lang='lat' dir='ltr'>errorem</span> <span class='ocrx_word' id='word_1_453' title='bbox 3733 3792 3815 3838; x_wconf 88' lang='lat' dir='ltr'>ex</span> 
     </span>
     <span class='ocr_line' id='line_1_81' title="bbox 2258 3881 3811 3967; baseline 0.006 -22"><span class='ocrx_word' id='word_1_454' title='bbox 2258 3881 2510 3967; x_wconf 87' lang='lat' dir='ltr'>privata</span> <span class='ocrx_word' id='word_1_455' title='bbox 2540 3883 2925 3964; x_wconf 90' lang='lat' dir='ltr'>intentione,</span> <span class='ocrx_word' id='word_1_456' title='bbox 2972 3898 3034 3951; x_wconf 88' lang='lat' dir='ltr'>et</span> <span class='ocrx_word' id='word_1_457' title='bbox 3072 3885 3283 3953; x_wconf 89' lang='lat' dir='ltr'>adhuc</span> <span class='ocrx_word' id='word_1_458' title='bbox 3339 3885 3549 3953; x_wconf 86' lang='lat' dir='ltr'>salvet</span> <span class='ocrx_word' id='word_1_459' title='bbox 3593 3887 3811 3954; x_wconf 89' lang='lat' dir='ltr'>inten-</span> 
     </span>
     <span class='ocr_line' id='line_1_82' title="bbox 2253 3998 3782 4079; baseline 0.006 -17"><span class='ocrx_word' id='word_1_460' title='bbox 2253 3998 2498 4064; x_wconf 88' lang='lat' dir='ltr'>tionem</span> <span class='ocrx_word' id='word_1_461' title='bbox 2555 3999 3016 4079; x_wconf 86' lang='lat' dir='ltr'>universalem,</span> <span class='ocrx_word' id='word_1_462' title='bbox 3075 4003 3282 4069; x_wconf 86' lang='lat' dir='ltr'>forma</span> <span class='ocrx_word' id='word_1_463' title='bbox 3342 4003 3558 4070; x_wconf 87' lang='lat' dir='ltr'>adhuc</span> <span class='ocrx_word' id='word_1_464' title='bbox 3635 4025 3782 4071; x_wconf 88' lang='lat' dir='ltr'>esse</span> 
     </span>
     <span class='ocr_line' id='line_1_83' title="bbox 2255 4114 3809 4204; baseline 0.006 -26"><span class='ocrx_word' id='word_1_465' title='bbox 2255 4114 2495 4194; x_wconf 88' lang='lat' dir='ltr'>valida;</span> <span class='ocrx_word' id='word_1_466' title='bbox 2553 4128 2617 4182; x_wconf 92' lang='lat' dir='ltr'>et</span> <span class='ocrx_word' id='word_1_467' title='bbox 2664 4116 2759 4183; x_wconf 92' lang='lat' dir='ltr'>sic</span> <span class='ocrx_word' id='word_1_468' title='bbox 2807 4117 3101 4204; x_wconf 79' lang='lat' dir='ltr'>exceptio</span> <span class='ocrx_word' id='word_1_469' title='bbox 3176 4140 3292 4186; x_wconf 91' lang='lat' dir='ltr'>seu</span> <span class='ocrx_word' id='word_1_470' title='bbox 3344 4119 3647 4186; x_wconf 90' lang='lat' dir='ltr'>limitatio</span> <span class='ocrx_word' id='word_1_471' title='bbox 3700 4120 3809 4187; x_wconf 91' lang='lat' dir='ltr'>ad-</span> 
     </span>
     <span class='ocr_line' id='line_1_84' title="bbox 2246 4230 3405 4318; baseline 0.005 -21"><span class='ocrx_word' id='word_1_472' title='bbox 2246 4230 2418 4318; x_wconf 86' lang='lat' dir='ltr'>jecta</span> <span class='ocrx_word' id='word_1_473' title='bbox 2462 4253 2577 4318; x_wconf 90' lang='lat' dir='ltr'>per</span> <span class='ocrx_word' id='word_1_474' title='bbox 2615 4236 2952 4300; x_wconf 90' lang='lat' dir='ltr'>Doctorem</span> <span class='ocrx_word' id='word_1_475' title='bbox 2987 4245 3089 4301; x_wconf 91' lang='lat' dir='ltr'>est</span> <span class='ocrx_word' id='word_1_476' title='bbox 3130 4234 3405 4303; x_wconf 63' lang='lat' dir='ltr'>inutilis».</span> 
     </span>
     <span class='ocr_line' id='line_1_85' title="bbox 2342 4349 3813 4439; baseline 0.007 -26"><span class='ocrx_word' id='word_1_477' title='bbox 2342 4349 2817 4434; x_wconf 79' lang='lat' dir='ltr'>Respondetur,</span> <span class='ocrx_word' id='word_1_478' title='bbox 2862 4349 3010 4417; x_wconf 90' lang='lat' dir='ltr'>dato</span> <span class='ocrx_word' id='word_1_479' title='bbox 3050 4351 3224 4439; x_wconf 93' lang='lat' dir='ltr'>quod</span> <span class='ocrx_word' id='word_1_480' title='bbox 3253 4353 3461 4420; x_wconf 83' lang='lat' dir='ltr'>forma</span> <span class='ocrx_word' id='word_1_481' title='bbox 3500 4367 3674 4422; x_wconf 90' lang='lat' dir='ltr'>esset</span> <span class='ocrx_word' id='word_1_482' title='bbox 3703 4377 3813 4422; x_wconf 88' lang='lat' dir='ltr'>va·</span> 
     </span>
     <span class='ocr_line' id='line_1_86' title="bbox 2253 4462 3809 4558; baseline 0.007 -30"><span class='ocrx_word' id='word_1_483' title='bbox 2253 4462 2409 4541; x_wconf 87' lang='lat' dir='ltr'>lida,</span> <span class='ocrx_word' id='word_1_484' title='bbox 2475 4465 2689 4532; x_wconf 90' lang='lat' dir='ltr'>adhuc</span> <span class='ocrx_word' id='word_1_485' title='bbox 2747 4467 3042 4553; x_wconf 89' lang='lat' dir='ltr'>exceptio</span> <span class='ocrx_word' id='word_1_486' title='bbox 3094 4468 3305 4536; x_wconf 92' lang='lat' dir='ltr'>locum</span> <span class='ocrx_word' id='word_1_487' title='bbox 3357 4470 3576 4551; x_wconf 88' lang='lat' dir='ltr'>habet,</span> <span class='ocrx_word' id='word_1_488' title='bbox 3656 4472 3809 4558; x_wconf 92' lang='lat' dir='ltr'>quia</span> 
     </span>
     <span class='ocr_line' id='line_1_87' title="bbox 2253 4582 3795 4674; baseline 0.006 -32"><span class='ocrx_word' id='word_1_489' title='bbox 2253 4590 2473 4663; x_wconf 88' lang='lat' dir='ltr'>posset</span> <span class='ocrx_word' id='word_1_490' title='bbox 2537 4601 2683 4648; x_wconf 90' lang='lat' dir='ltr'>esse</span> <span class='ocrx_word' id='word_1_491' title='bbox 2756 4582 3046 4649; x_wconf 80' lang='lat' dir='ltr'>deiectus</span> <span class='ocrx_word' id='word_1_492' title='bbox 3119 4584 3500 4651; x_wconf 88' lang='lat' dir='ltr'>intentionis</span> <span class='ocrx_word' id='word_1_493' title='bbox 3576 4588 3795 4674; x_wconf 87' lang='lat' dir='ltr'>requi-</span> 
     </span>
     <span class='ocr_line' id='line_1_88' title="bbox 2252 4695 3808 4773; baseline 0.006 -12"><span class='ocrx_word' id='word_1_494' title='bbox 2252 4695 2423 4773; x_wconf 82' lang='lat' dir='ltr'>sitae‚</span> <span class='ocrx_word' id='word_1_495' title='bbox 2493 4707 2557 4762; x_wconf 89' lang='lat' dir='ltr'>et</span> <span class='ocrx_word' id='word_1_496' title='bbox 2624 4717 2751 4763; x_wconf 89' lang='lat' dir='ltr'>non</span> <span class='ocrx_word' id='word_1_497' title='bbox 2819 4699 3071 4765; x_wconf 89' lang='lat' dir='ltr'>servari</span> <span class='ocrx_word' id='word_1_498' title='bbox 3140 4701 3332 4766; x_wconf 89' lang='lat' dir='ltr'>etiam</span> <span class='ocrx_word' id='word_1_499' title='bbox 3404 4702 3808 4770; x_wconf 84' lang='lat' dir='ltr'>universalis</span> 
     </span>
     <span class='ocr_line' id='line_1_89' title="bbox 2250 4806 3821 4921; baseline 0.008 -47"><span class='ocrx_word' id='word_1_500' title='bbox 2250 4806 2548 4888; x_wconf 90' lang='lat' dir='ltr'>intenti0,</span> <span class='ocrx_word' id='word_1_501' title='bbox 2635 4833 2783 4900; x_wconf 84' lang='lat' dir='ltr'>quae</span> <span class='ocrx_word' id='word_1_502' title='bbox 2859 4814 2937 4879; x_wconf 90' lang='lat' dir='ltr'>ad</span> <span class='ocrx_word' id='word_1_503' title='bbox 2978 4815 3336 4881; x_wconf 80' lang='lat' dir='ltr'>minimum</span> <span class='ocrx_word' id='word_1_504' title='bbox 3416 4817 3821 4921; x_wconf 58' lang='lat' dir='ltr'>requiritur,</span> 
     </span>
     <span class='ocr_line' id='line_1_90' title="bbox 2251 4928 3826 5014; baseline 0.007 -22"><span class='ocrx_word' id='word_1_505' title='bbox 2251 4939 2323 4993; x_wconf 90' lang='lat' dir='ltr'>ut</span> <span class='ocrx_word' id='word_1_506' title='bbox 2377 4928 2721 5014; x_wconf 90' lang='lat' dir='ltr'>applicatio</span> <span class='ocrx_word' id='word_1_507' title='bbox 2780 4931 3009 4998; x_wconf 81' lang='lat' dir='ltr'>formae</span> <span class='ocrx_word' id='word_1_508' title='bbox 3068 4932 3132 4997; x_wconf 91' lang='lat' dir='ltr'>in</span> <span class='ocrx_word' id='word_1_509' title='bbox 3195 4952 3393 5000; x_wconf 88' lang='lat' dir='ltr'>causa</span> <span class='ocrx_word' id='word_1_510' title='bbox 3457 4935 3826 5003; x_wconf 80' lang='lat' dir='ltr'>ministeri-</span> 
     </span>
     <span class='ocr_line' id='line_1_91' title="bbox 2251 5042 3814 5131; baseline 0.006 -23"><span class='ocrx_word' id='word_1_511' title='bbox 2251 5042 2365 5109; x_wconf 87' lang='lat' dir='ltr'>ali.</span> <span class='ocrx_word' id='word_1_512' title='bbox 2442 5046 2892 5131; x_wconf 87' lang='lat' dir='ltr'>Respondetur</span> <span class='ocrx_word' id='word_1_513' title='bbox 2957 5046 3239 5123; x_wconf 79' lang='lat' dir='ltr'>secundo</span> <span class='ocrx_word' id='word_1_514' title='bbox 3311 5050 3585 5118; x_wconf 85' lang='lat' dir='ltr'>formam</span> <span class='ocrx_word' id='word_1_515' title='bbox 3685 5072 3814 5118; x_wconf 88' lang='lat' dir='ltr'>non</span> 
     </span>
     <span class='ocr_line' id='line_1_92' title="bbox 2247 5159 3807 5254; baseline 0.006 -31"><span class='ocrx_word' id='word_1_516' title='bbox 2247 5178 2393 5224; x_wconf 90' lang='lat' dir='ltr'>esse</span> <span class='ocrx_word' id='word_1_517' title='bbox 2433 5159 2739 5246; x_wconf 88' lang='lat' dir='ltr'>validam,</span> <span class='ocrx_word' id='word_1_518' title='bbox 2776 5163 2926 5249; x_wconf 91' lang='lat' dir='ltr'>quia</span> <span class='ocrx_word' id='word_1_519' title='bbox 2966 5163 3114 5231; x_wconf 88' lang='lat' dir='ltr'>licet</span> <span class='ocrx_word' id='word_1_520' title='bbox 3143 5165 3302 5232; x_wconf 92' lang='lat' dir='ltr'>ordo</span> <span class='ocrx_word' id='word_1_521' title='bbox 3364 5166 3644 5254; x_wconf 88' lang='lat' dir='ltr'>originis</span> <span class='ocrx_word' id='word_1_522' title='bbox 3677 5188 3807 5235; x_wconf 90' lang='lat' dir='ltr'>non</span> 
     </span>
     <span class='ocr_line' id='line_1_93' title="bbox 2244 5275 3817 5363; baseline 0.008 -24"><span class='ocrx_word' id='word_1_523' title='bbox 2244 5275 2619 5361; x_wconf 87' lang='lat' dir='ltr'>requiratur</span> <span class='ocrx_word' id='word_1_524' title='bbox 2684 5280 2932 5346; x_wconf 87' lang='lat' dir='ltr'>servari</span> <span class='ocrx_word' id='word_1_525' title='bbox 2994 5280 3080 5346; x_wconf 75' lang='lat' dir='ltr'>&#39;in</span> <span class='ocrx_word' id='word_1_526' title='bbox 3138 5283 3368 5363; x_wconf 82' lang='lat' dir='ltr'>forma,</span> <span class='ocrx_word' id='word_1_527' title='bbox 3432 5294 3651 5352; x_wconf 89' lang='lat' dir='ltr'>tamen</span> <span class='ocrx_word' id='word_1_528' title='bbox 3711 5304 3817 5351; x_wconf 91' lang='lat' dir='ltr'>re-</span> 
     </span>
    </p>
   </div>
   <div class='ocr_carea' id='block_1_14' title="bbox 2244 5393 3786 5480">
    <p class='ocr_par' dir='ltr' id='par_1_28' title="bbox 2244 5393 3786 5480">
     <span class='ocr_line' id='line_1_94' title="bbox 2244 5393 3786 5480; baseline 0.005 -22"><span class='ocrx_word' id='word_1_529' title='bbox 2244 5393 2526 5480; x_wconf 89' lang='lat' dir='ltr'>quiritur</span> <span class='ocrx_word' id='word_1_530' title='bbox 2608 5406 2675 5461; x_wconf 91' lang='lat' dir='ltr'>ut</span> <span class='ocrx_word' id='word_1_531' title='bbox 2764 5418 2889 5463; x_wconf 78' lang='lat' dir='ltr'>uon</span> <span class='ocrx_word' id='word_1_532' title='bbox 2983 5400 3387 5468; x_wconf 67' lang='lat' dir='ltr'>exclulatur.</span> <span class='ocrx_word' id='word_1_533' title='bbox 3480 5400 3786 5469; x_wconf 67' lang='lat' dir='ltr'>Exclusio</span> 
     </span>
    </p>
   </div>
   <div class='ocr_carea' id='block_1_15' title="bbox 2235 5512 3790 5608">
    <p class='ocr_par' dir='ltr' id='par_1_29' title="bbox 2235 5512 3790 5608">
     <span class='ocr_line' id='line_1_95' title="bbox 2235 5512 3790 5608; baseline 0.006 -32"><span class='ocrx_word' id='word_1_534' title='bbox 2235 5524 2452 5577; x_wconf 86' lang='lat' dir='ltr'>autem</span> <span class='ocrx_word' id='word_1_535' title='bbox 2511 5512 2656 5597; x_wconf 88' lang='lat' dir='ltr'>ejus</span> <span class='ocrx_word' id='word_1_536' title='bbox 2714 5514 3119 5581; x_wconf 84' lang='lat' dir='ltr'>sufficienter</span> <span class='ocrx_word' id='word_1_537' title='bbox 3185 5528 3287 5582; x_wconf 65' lang='lat' dir='ltr'>est</span> <span class='ocrx_word' id='word_1_538' title='bbox 3344 5537 3655 5608; x_wconf 86' lang='lat' dir='ltr'>expressa</span> <span class='ocrx_word' id='word_1_539' title='bbox 3721 5516 3790 5586; x_wconf 88' lang='lat' dir='ltr'>in</span> 
     </span>
    </p>
   </div>
  </div>
 </body>
</html>
