4287 6313
575 415 656 476 20
1751 409 1889 473 LlB.
1944 410 2044 472 IV.
2089 406 2690 472 SEN'I'ENTIARUM

560 575 729 667 agit
770 573 1275 668 dispositive.
1326 571 1545 657 Quod
1600 573 1667 645 si
1714 573 2110 660 intelliga-

217 748 287 796 Β.
339 743 524 793 Thom·
559 696 698 765 tur
748 691 1353 773 universaliter,
1402 690 1695 762 falsum
1729 693 1879 770 est,
1924 707 2111 759 narn

243 806 505 933 {hae‘sliss
561 808 945 899 possibile
985 813 1109 881 est
1164 807 1596 907 secundum
1649 807 1905 897 ipsum
1974 804 2114 875 ali-

221 925 662 1007 Quandoiwbi,
734 926 1371 998 instrumentum
1443 924 1853 1013 attingere
1929 920 2115 992 effe-

251 1002 505 1128 Stffffiffn'
562 1049 784 1116 etum
840 1042 1316 1135 principalis
1354 1041 1673 1131 agentis
1715 1066 1728 1121 ;
1768 1045 1844 1111 et
1892 1043 2114 1131 patet

218 1121 641 1253 εεῖῑξῗιῗῗςῗῗιῗηίη
687 1160 965 1233 multis
1020 1160 1330 1233 actibus
1392 1160 1628 1241 artis,
1690 1156 1771 1228 in
1830 1156 2113 1248 quibus

247 1259 505 1365 pmffifssa'
563 1276 863 1348 artifex
899 1276 1371 1367 quandoque
1424 1294 1567 1365 per
1630 1275 2116 1346 instrumen-

219 1369 541 1485 ἷιᾎῃῗμῗῧῗιὲ
569 1398 736 1466 tum
800 1392 1102 1465 inducit
1152 1392 1597 1463 terminum
1656 1388 2116 1480 principali-

219 1496 355 1609 }{ff12
385 1510 445 1609 (ἐξ
475 1495 531 1621 {j
567 1515 693 1583 ter
728 1510 1152 1590 intentum,
1187 1507 1396 1579 sicut
1434 1505 1938 1581 monetarius
1978 1524 2118 1595 per

249 1621 504 1747 {3303}
569 1625 1203 1698 instrumentum
1259 1621 1561 1694 inducit
1621 1623 1975 1692 formam
2042 1622 2114 1691 in

248 1749 504 1861 end-418·
569 1746 1004 1822 monetam,
1051 1746 1132 1813 et
1175 1740 1589 1830 sigillator
1651 1738 1728 1808 in
1799 1756 2112 1814 ceram;

309 1831 363 1878 ‘³'
432 1851 444 1863 ’
568 1878 712 1929 nec
785 1876 1134 1948 unquam
1218 1858 1544 1946 oportet
1630 1854 2121 1925 instrumen-

570 1978 739 2045 tum
794 1974 888 2044 ad
940 1973 1321 2044 effectum
1377 1970 1910 2063 principalem
1970 1969 2114 2039 dis-

568 2109 899 2181 ponere,
969 2089 1126 2161 nisi
1181 2089 1285 2161 sit
1329 2087 1964 2159 instrumentum
2036 2086 2119 2156 in

565 2205 912 2286 actione,
962 2226 1135 2296 quae
1185 2203 1539 2296 disponit
1582 2202 1675 2273 ad
1734 2200 2116 2273 effectum

568 2321 840 2402 istum,
894 2323 1097 2413 quod
1139 2342 1297 2394 non
1369 2325 1493 2393 est
1538 2318 2120 2391 universaliter

564 2438 1149 2517 necessarium,
1243 2438 1377 2508 sed
1457 2435 1721 2506 solum
1807 2433 2116 2524 quando

566 2559 753 2627 sunt
789 2554 1063 2647 plures
1088 2554 1449 2627 actiones
1487 2552 1905 2627 ordinatae,
1937 2569 2119 2641 qua-

565 2690 743 2740 rum
791 2690 948 2741 una
990 2670 1085 2741 ad
1136 2669 1386 2741 aliam
1449 2668 1831 2760 disponit.
1885 2667 2126 2745 Abso-v

561 2787 728 2858 luto
771 2791 1043 2859 autem
1088 2788 1355 2877 potest
1407 2805 1583 2856 esse
1629 2784 2119 2856 instrumen-

568 2907 739 2975 tum
775 2903 856 2974 in
892 2902 1325 2994 principali
1360 2901 1700 2982 actione,
1729 2900 1920 2972 licet
1952 2920 2109 2969 non

566 3022 1004 3091 concurrat
1042 3017 1119 3087 in
1164 3017 1437 3108 aliqua
1470 3016 1633 3088 alia
1678 3014 2118 3107 praeceden-

560 3136 661 3205 te.
745 3132 926 3204 Non
1011 3136 1287 3225 potest
1357 3151 1554 3223 ergo
1641 3130 1907 3224 major
1972 3148 2117 3202 sua

559 3250 854 3323 habere
897 3252 1363 3331 veritatem,
1422 3249 1578 3321 nisi
1651 3252 1767 3323 sic
1811 3249 2118 3322 intelle-

559 3370 714 3451 cta,
800 3368 1003 3458 quod
1076 3367 1717 3439 instrumentum
1762 3386 1905 3458 per
1976 3363 2118 3435 ali-

559 3482 741 3573 quid
787 3483 937 3554 sibi
1015 3483 1465 3575 proprium,
1522 3485 1804 3554 causat
1846 3480 2117 3572 dispo-

560 3601 937 3674 sitionem
961 3603 1055 3673 ad
1077 3601 1518 3674 terminum
1553 3600 2112 3692 principalem,

565 3718 871 3807 quando
916 3738 1074 3788 non
1120 3718 1382 3809 potest
1440 3717 1753 3787 virtute
1822 3714 2115 3805 princi-

565 3833 773 3925 palis
842 3832 1161 3922 agentis
1237 3831 1649 3921 attingere
1712 3830 1806 3902 ad
1883 3830 2111 3900 illum

570 3948 1007 4022 terminum
1082 3947 1645 4040 principalem.
1742 3949 1836 4017 Εἰ
1928 3951 2114 4018 tunc

572 4069 994 4156 oporteret
1074 4085 1531 4156 supponere
1611 4063 1691 4134 in
1791 4062 2112 4142 minori,

566 4182 773 4273 quod
812 4187 1198 4254 ereatura
1229 4201 1389 4251 non
1444 4180 1702 4272 possit
1740 4179 1816 4249 in
1859 4179 2117 4250 virtu-

570 4304 643 4371 te
718 4297 860 4370 Dei
923 4298 1333 4386 attingere
1395 4296 1836 4396 terminum
1897 4316 2117 4366 crea-

563 4414 835 4495 tionis,
877 4434 1049 4506 quae
1087 4412 1355 4484 minor
1388 4432 1550 4482 non
1593 4417 1717 4484 est
1744 4412 2112 4501 probata,

562 4530 719 4602 nisi
760 4550 900 4621 per
936 4530 1336 4602 rationem
1376 4527 1598 4598 illam
1640 4525 1993 4619 priorem
2023 4528 2113 4597 de

563 4670 720 4727 esse,
784 4647 873 4717 de
948 4665 1100 4737 qua
1152 4644 1324 4734 jam
1393 4643 1654 4713 visum
1709 4645 1857 4723 est,
1906 4642 2109 4733 quod

564 4762 741 4853 ipsa
790 4780 954 4832 non
1020 4759 1453 4832 concludit.

340 4920 421 4970 10·
653 4878 819 4949 Nec
862 4876 1056 4947 illud
1116 4873 1573 4964 exemplum
1651 4872 1741 4944 de
1812 4872 2103 4951 securi,

226 4983 540 5095 mar-pamen—
561 4984 684 5056 vel
748 4982 1273 5076 probationes
1320 4981 1478 5052 illae
1525 4979 1730 5060 aliae,
1783 5000 1955 5070 quae
1991 4979 2116 5049 ad·

226 5110 378 5218 ³535,
418 5102 968 5220 qgg‘ldueuntur
999 5099 1094 5170 ad
1153 5096 1329 5178 hoc,
1371 5098 1574 5189 quod
1631 5096 2117 5168 instrumen-

253 5187 277 5217 ι
338 5187 451 5222 ⁶¹⁸⁰
567 5222 741 5289 tum
774 5215 1063 5287 habeat
1133 5212 1437 5304 aliquid
1497 5211 1915 5303 proprium
1974 5230 2117 5302 per

569 5334 769 5425 quod
852 5333 1065 5422 agat,
1140 5329 1431 5421 probat
1537 5326 2118 5399 universaliter

569 5448 772 5541 quod
863 5447 1497 5517 instrumentum
1579 5447 1768 5532 agat
1863 5441 2118 5533 dispo-

558 5564 823 5638 sitive.
926 5564 1109 5635 Ideo
1202 5560 1417 5654 enim
1490 5558 1827 5651 praecise
1899 5580 2117 5631 secu-

2231 572 2344 643 ris
2465 573 2635 661 agit
2716 571 3194 662 dispositive
3279 570 3370 640 ad
3471 588 3773 648 arcam,

2225 688 2414 779 quia
2472 694 2593 761 est
2686 689 3323 761 instrumentum
3402 687 3483 758 in
3591 685 3780 758 inci·

2229 805 2454 876 sione
2610 804 3047 897 lignorum,
3176 824 3348 894 quae
3499 802 3785 875 incisio

2233 925 2608 1017 praecedit
2732 922 3270 995 inductionem
3348 924 3671 1004 formae;
3721 925 3785 997 si

2228 1048 2500 1114 autem
2621 1043 2924 1116 artifex
3029 1044 3400 1114 uteretur
3515 1044 3783 1115 securi

2231 1156 2351 1227 vel
2387 1156 2548 1227 alio
2594 1157 3141 1228 instrumento
3191 1155 3269 1227 in
3353 1157 3782 1249 principali

2231 1274 2576 1357 actione,
2649 1295 2808 1345 non
2899 1280 3318 1368 oporteret
3400 1277 3607 1370 quod
3679 1275 3786 1346 in·

2234 1395 2778 1465 strumentum
2836 1393 3052 1471 illud,
3129 1393 3603 1486 inquantum
3656 1401 3782 1468 est

2235 1505 2868 1579 instrumentum
2949 1508 3043 1579 ad
3114 1509 3463 1581 formam
3538 1530 3776 1591 arcae,

2232 1621 2563 1695 haberet
2600 1623 2954 1714 aliquam
3000 1625 3399 1697 actionem
3449 1626 3884 1728 disposi-13lt
3942 1678 4126 1741 majori

2233 1738 2514 1811 tivam.
2565 1742 2678 1809 Ex:
2733 1741 3035 1811 talibus
3088 1762 3285 1831 ergo
3355 1742 3772 1833 exemplis,
3807 1742 4106 1868 Ρῇξῑὲἳυὲζῑ

2230 1854 2361 1924 ubi
2396 1855 2942 1947 accipit,quod
2979 1857 3608 1931 instrumentum
3632 1859 3782 1930 dis·
3913 1866 4036 1936 nihil
4077 1841 4087 1852 ’

2235 1968 2457 2059 ponit
2546 1972 2637 2041 ad
2701 1972 3141 2044 terminum
3219 1975 3772 2067 principalem,
3827 1938 4078 1994 sequw'

2236 2105 2393 2155 non
2443 2091 2709 2176 potest
2764 2087 3049 2160 inferri
3104 2090 3252 2162 hoc
3304 2092 3777 2164 universali-

2239 2204 2385 2281 ter,
2423 2203 2579 2273 nisi
2621 2204 2760 2276 fiat
2797 2204 3126 2278 fallacia
3168 2209 3771 2299 consequentis;

2237 2317 2370 2388 sed
2440 2319 2596 2390 nisi
2639 2322 3100 2413 accipiatur
3170 2324 3772 2405 universaliter,

2234 2454 2392 2504 non
2437 2440 2730 2541 ¹potest
2810 2441 3216 2511 removeri
3278 2460 3324 2511 a
3393 2446 3778 2514 creatura

2240 2550 2452 2622 ratio
2513 2553 2984 2635 creationis,
3057 2574 3245 2625 nam
3313 2577 3411 2628 ex
3480 2557 3778 2649 majori

2239 2669 2722 2758 particulari
2777 2671 2852 2742 in
2907 2674 3251 2744 secunda
3320 2673 3607 2763 figura,
3669 2676 3782 2747 ni-

2236 2782 2342 2854 hil
2382 2786 2753 2875 sequitur
2778 2794 3118 2880 propter
3149 2788 3561 2863 fallaciam
3597 2812 3778 2865 eon-

2237 2902 2673 2992 sequentis.

2691 3195 3330 3261 COMMENTARIUS.

2309 3471 2402 3553 (b)
2449 3477 2623 3535 Hanc
2666 3476 2984 3535 rationem
3019 3478 3362 3557 impugnat
3390 3477 3426 3556 g
3456 3480 3588 3539 Sed
3643 3480 3773 3538 z'scae
3941 3518 3997 3566 4·

2230 3593 2511 3651 raciones
2542 3595 2666 3652 etc.
2705 3591 2923 3668 quoad
2972 3593 3243 3668 primam
3292 3601 3568 3672 partem,
3619 3611 3770 3656 con·
3826 3574 4117 3692 Lnffifg’f‘a·

2230 3707 2395 3765 sistit
2446 3709 2508 3765 in
2556 3706 2811 3768 duabus
2863 3709 3437 3785 propositionibus,
3495 3728 3766 3788 quarum

2230 3822 2428 3897 prima
2489 3831 2586 3882 est
2645 3841 2658 3879 ε
2722 3841 2850 3884 esse
2893 3826 3270 3901 simpliciter
3327 3832 3413 3886 esc
3460 3831 3773 3903 proprius

2227 3939 2486 4012 effectus
2533 3941 2663 4001 Dei.
2712 3941 3015 4002 Secunda
3056 3960 3069 4001 ε
3107 3959 3235 4003 esse
3266 3945 3646 4020 sz'mplirz'ter
3688 3951 3776 4005 est

2228 4057 2533 4129 proprius
2561 4058 2873 4117 terminus
2917 4059 3274 4120 creationis.
3311 4061 3583 4122 Primam
3632 4078 3784 4124 esse

2228 4170 2458 4231 falsam
2519 4174 2751 4248 probat
2809 4173 3071 4245 Doctor,
3124 4178 3274 4252 quia
3325 4193 3471 4237 esse
3531 4180 3781 4256 simpli-

2229 4289 2387 4350 citer
2416 4295 2516 4349 est
2548 4291 2893 4351 existentia
2942 4293 3059 4365 rei,
3114 4299 3179 4354 et
3226 4298 3582 4383 opponitur
3635 4314 3782 4359 esse

2229 4404 2594 4465 seeundum
2654 4405 2837 4482 quid,
2871 4407 2994 4468 hoc
3041 4424 3188 4468 esse
3242 4426 3372 4471 non
3427 4417 3529 4472 est
3567 4428 3600 4471 a
3643 4413 3782 4471 solo

2232 4518 2386 4586 Deo,
2451 4520 2601 4596 quia
2660 4537 2872 4582 causae
2930 4529 3162 4584 ereatae
3229 4529 3436 4603 agunt
3504 4526 3587 4587 ad
3649 4526 3780 4586 exi-

2226 4636 2532 4697 stentiam
2574 4638 2689 4708 rei,
2745 4639 2895 4716 quia
2940 4644 3282 4717 generatio
3338 4647 3435 4703 est
3486 4643 3570 4703 ad
3605 4659 3777 4717 esse,

2227 4755 2284 4814 5.
2348 4754 2769 4828 Physieorum
2837 4759 2887 4817 l.
2952 4757 3028 4817 de
3074 4761 3362 4819 Generat.
3411 4764 3467 4818 et
3524 4762 3580 4820 2.
3649 4764 3773 4821 Me-

2227 4870 2469 4947 taphyS.
2545 4870 2829 4948 Aliquod
2894 4879 3114 4933 autem
3174 4878 3609 4951 compositum
3653 4893 3773 4955 ge—

2230 4990 2497 5045 neratur
2552 5004 2586 5046 a
2650 5004 2846 5048 eausa
2921 4995 3162 5062 creata,
3246 4991 3397 5067 quia
3475 4995 3782 5069 producit

2231 5098 2594 5164 formamin
2642 5105 2936 5178 materia,
2982 5111 3108 5166 ete.
3170 5107 3443 5169 consule
3500 5114 3771 5171 textum.

2310 5220 2495 5281 Varie
2566 5223 2973 5299 respondent
3041 5224 3380 5286 Thoniistae
3442 5224 3524 5285 ad
3603 5226 3770 5287 hane

2228 5337 2695 5414 objectionem,
2778 5345 3152 5400 asserentes
3227 5341 3579 5402 Ductorem
3638 5358 3770 5404 non
3806 5318 4120 5444 Ηξὲᾞξῖο

2228 5455 2569 5530 percipere
2601 5458 2895 5514 mentem
2929 5456 2998 5514 D.
3031 5455 3310 5528 Thomae,
3350 5458 3535 5533 quasi
3576 5460 3773 5520 vellet

2227 5570 2347 5645 ipsi
2393 5570 2749 5632 attribuere
2800 5567 2979 5649 quod
3051 5574 3408 5633 asseruerit
3504 5590 3771 5637 causam
