4287 6313
1653 350 1850 414 DlST.
1897 349 1998 409 1V.
2031 344 2393 422 QUAESTto
2424 346 2499 407 V.

510 518 669 580 torio
694 516 995 597 ejusdem
1025 517 1245 597 gratiae
1270 536 1284 577 :
1310 517 1644 588 Poenitere,
1677 517 1845 576 sicut
1874 527 2063 587 opor-

517 638 623 705 tet,
670 638 741 694 ut
784 635 848 695 ei
858 682 862 684 A
873 634 1364 711 justificationis
1399 633 1619 709 qratia
1655 631 2063 722 concedatur,

497 757 571 813 ut
610 749 843 812 definit
876 749 1328 812 Tridentinum
1362 766 1509 811 sess.
1543 749 1602 808 6.
1657 762 1797 807 can.
1831 747 1890 807 3.
1915 747 2065 823 jam

500 884 713 944 supra
792 870 1010 942 citata,
1082 869 1185 928 cui
1247 862 1726 943 correspondet
1797 878 1939 939 cap.
1999 861 2060 922 5.

512 984 818 1045 Declarat
853 991 1182 1061 praeterea
1232 985 1432 1060 ipsius
1470 979 1963 1058 justificationis
1996 980 2065 1038 in

502 1101 744 1164 adultis
799 1118 841 1161 a
902 1104 1022 1162 Dei
1058 1117 1178 1178 per
1243 1101 1564 1163 Christum
1630 1101 1840 1160 lesum
1889 1111 2060 1174 prae·

504 1220 784 1279 veniente
838 1220 1059 1294 qratia
1125 1221 1511 1279 sumendum
1561 1233 1712 1286 esse,
1801 1216 1919 1275 hoc
1976 1217 2063 1274 est

508 1335 589 1394 ab
620 1335 762 1410 ejus
801 1334 1154 1406 vocatione,
1204 1334 1363 1409 quia
1409 1331 1609 1393 nullis
1666 1346 1885 1392 eorum
1919 1329 2061 1391 eoez'·

507 1450 809 1511 stentibus
838 1451 1086 1511 meritis
1120 1453 1457 1519 vocantur,
1492 1456 1561 1509 ut
1607 1450 1724 1525 qui
1740 1464 1865 1523 per
1909 1463 2056 1523 pee-

514 1574 721 1628 catum
763 1583 804 1625 a
853 1569 981 1627 Deo
1026 1568 1238 1627 aversi
1279 1570 1486 1636 erant,
1531 1581 1659 1641 per
1700 1565 1841 1641 ejus
1882 1568 2058 1625 exci-

515 1689 755 1744 tantem
839 1693 1028 1760 atque
1099 1685 1517 1760 adjuvantem
1590 1684 1879 1759 qratiam
1979 1682 2068 1742 ad

514 1801 1003 1860 convertendum
1060 1816 1145 1873 se,
1209 1807 1331 1862 etc.
1415 1800 1863 1876 disponuntur,
1934 1801 2060 1857 etc.

506 1914 581 1975 Et
628 1931 771 1990 cap.
824 1914 883 1974 6.
942 1928 1342 1975 enumerans
1387 1919 1572 1974 actus
1623 1912 2065 1974 conversionis

514 2028 849 2095 ordinatae,
921 2030 1150 2090 ultimo
1231 2030 1374 2091 loco
1450 2027 1674 2092 statuit
1731 2029 2066 2107 poeniten-

511 2149 710 2215 tiam,
787 2163 928 2222 cap.
994 2147 1087 2207 14.
1170 2144 1328 2208 dicit
1384 2146 1465 2206 ab
1542 2145 1779 2207 eadem
1850 2148 2064 2224 gratia

513 2263 772 2339 lapsum
830 2270 978 2339 post
1034 2261 1438 2340 Baptismum
1489 2262 1754 2324 excitari
1800 2260 1884 2322 ad
1927 2278 2059 2340 poe·

515 2382 881 2454 nitentiam,
935 2401 1077 2461 cap.
1133 2384 1192 2444 4.
1248 2384 1706 2446 contritionem
1753 2382 2062 2462 imperfev

522 2504 687 2558 ctam
741 2498 979 2560 asserit
1035 2516 1163 2560 esse
1208 2503 1447 2562 donum
1490 2503 1627 2572 Dei,
1682 2504 1738 2559 et
1782 2501 2068 2575 Spiritus

518 2617 732 2676 sancti
784 2615 1139 2691 impulsum
1199 2622 1526 2692 moventis,
1589 2632 1710 2693 quo
1750 2618 2069 2693 paenitens

520 2731 649 2790 sibi
673 2732 851 2790 viam
883 2732 969 2792 ad
997 2732 1329 2806 justitiam
1356 2733 1531 2792 viam
1577 2737 1797 2805 parat.

291 2861 373 2912 13.
601 2846 905 2908 Secundo
950 2849 1263 2924 probatur
1320 2848 1524 2909 altera
1589 2864 1762 2924 parS,
1821 2863 2064 2925 nempe

162 2923 497 3060 ρῗςῗὲἒιῗὲἳώ
521 2977 655 3023 non
712 2960 885 3043 exigi
944 2964 1406 3026 contritionem
1463 2963 1850 3042 perfectam,
1908 2965 2066 3026 rati-

164 3063 473 3164 ¹⁰⁰2ffi⁴f⁰¹'
521 3097 648 3143 one
705 3082 1022 3154 DoctoriS,
1089 3082 1237 3143 loco
1288 3080 1480 3142 citato
1561 3088 1783 3143 contra
1861 3082 2059 3162 Magi·

194 3176 460 3289 93¹2&ss
521 3203 752 3272 strum,
817 3199 968 3276 quia
1025 3206 1419 3276 sequeretur
1462 3198 1641 3277 quod
1695 3201 2067 3278 Baptismus

519 3314 787 3377 realiter
843 3331 1186 3393 nunquam
1232 3312 1563 3376 conferret
1607 3316 1878 3392 primam
1922 3331 2066 3395 gra-

522 3433 699 3504 tiam,
734 3432 839 3495 vel
867 3432 1234 3493 remitteret
1263 3438 1604 3509 peccatum
1640 3450 1655 3504 ;
1690 3431 1816 3492 hoc
1846 3439 2065 3501 autem

527 3554 628 3612 est
669 3550 1167 3622 inconvenienS,
1215 3551 1367 3628 quia
1415 3549 1788 3627 Baptismus
1829 3566 1947 3629 per
1994 3568 2067 3615 se

524 3666 799 3731 remittit
842 3669 1213 3746 peccatum,
1250 3666 1435 3746 juxta
1472 3682 1551 3727 ea
1584 3681 1734 3745 quae
1784 3666 2068 3730 Concilia

173 3787 471 3843 Constanti·
525 3790 590 3848 et
647 3785 866 3847 Patres
912 3783 996 3846 de
1056 3781 1346 3846 efficacia
1402 3783 1601 3863 huJ‘us
1667 3781 2068 3846 sacramenti

247 3853 426 3918 nopot.
526 3902 791 3975 docent,
845 3907 918 3963 ut
959 3900 1122 3963 illud
1165 3921 1181 3963 :
1222 3902 1544 3976 Confiteor
1582 3917 1784 3961 unum
1845 3903 2069 3977 Bapti-

523 4035 665 4082 sma
708 4020 775 4078 in
804 4019 1247 4079 remissionem
1286 4023 1725 4093 peccatorum.
1758 4018 1834 4079 Et
1862 4014 2067 4080 forma

520 4130 834 4212 Baptismi
879 4131 1071 4194 datur
1122 4131 1191 4193 in
1246 4104 1711 4211 remissionem
1754 4140 2060 4212 peccato-

521 4266 666 4312 rum
697 4265 781 4312 ex
822 4248 1186 4311 Milevitano
1231 4265 1373 4311 can.
1406 4250 1464 4311 2.
1499 4248 1785 4310 Trident.
1819 4266 1965 4311 sess.
2002 4252 2063 4311 5.

525 4383 668 4428 can.
735 4366 797 4426 4.
864 4362 1045 4443 quod
1105 4379 1238 4426 non
1302 4364 1516 4427 solum
1576 4365 1956 4442 intelligitur
2003 4366 2066 4426 in

523 4479 905 4549 infantibus,
956 4478 1077 4541 sed
1122 4479 1320 4541 etiam
1363 4480 1431 4540 in
1477 4480 1739 4555 adultiS,
1780 4485 1853 4542 ut
1887 4485 2070 4558 patet

528 4613 611 4660 ex
676 4598 891 4659 verbis
949 4596 1107 4674 ipsis
1177 4593 1398 4658 formae
1455 4596 1522 4657 in
1592 4595 2069 4677 significatione

157 4741 495 4806 Baptismum
526 4715 836 4793 practica,
882 4715 1149 4791 Baptizo
1202 4722 1283 4786 te,
1344 4718 1470 4776 etc.
1528 4727 1766 4792 nempe
1814 4732 1850 4776 a
1907 4731 2065 4792 pec-

158 4802 498 4917 ἀέὶζωῖῃζζ
528 4837 710 4903 cat03
770 4829 1058 4908 ideoque
1125 4827 1584 4892 Tridentinum
1639 4831 1863 4891 eadem
1917 4848 2065 4893 sess.

215 4937 452 5044 Ρξῇξέιῖῗ·
526 4963 670 5008 can.
703 4946 760 5006 3.
808 4944 1308 5007 anathematizat
1346 4948 1715 5026 ,negantem
1761 4947 2069 5007 meritum

527 5061 759 5123 Christi
810 5065 940 5123 tam
993 5058 1351 5123 infantibus
1409 5077 1607 5141 quam
1651 5060 1892 5124 adultis
1952 5080 2071 5139 ap·-

524 5179 779 5257 plicari
818 5182 888 5242 in
925 5182 1286 5242 remedium
1308 5180 1563 5255 peccati
1590 5195 1718 5256 per
1758 5182 2076 5255 Baptismi

532 5302 1037 5360 Sacramentum
1059 5297 1131 5357 in
1177 5296 1398 5371 forma
1442 5296 1734 5358 Ecclesiae
1776 5297 1901 5357 rite
1949 5296 2075 5358 cot-

531 5413 761 5476 latum.
789 5416 956 5495 Ergo
1000 5413 1312 5491 supponit
1354 5411 1759 5489 Baptismum
1811 5413 2074 5475 realiter

540 5531 766 5594 datum
822 5534 886 5592 et
938 5533 1306 5609 receptum,
1355 5545 1502 5592 esse
1567 5528 1821 5604 efficax,
1883 5532 2077 5594 etiam

669 5644 985 5700 Tomxvl.

162 4343 440 4398 Milevitan
450 4384 462 4396 .

214 4408 438 4460 Trident
449 4446 463 4461 .

3607 342 3722 403 433

2181 513 2253 570 ut
2302 508 2669 571 remedium
2728 510 3090 586 proximum
3150 506 3415 568 delendi
3446 508 3720 584 peccati,

2179 626 2336 688 alias
2390 624 2596 688 forma
2645 626 2789 704 ejus
2846 641 2979 686 non
3039 630 3217 687 esset
3257 639 3441 693 vera,
3489 625 3542 684 si
3590 638 3722 684 non

2175 741 2450 803 haberet
2497 741 2693 802 talem
2740 739 3098 803 efficaciam
3144 745 3458 819 quantum
3493 742 3593 801 est
3637 736 3721 799 de

2176 875 2273 920 se.
2320 860 2396 919 Et
2423 875 2567 919 sess.
2602 858 2659 920 6.
2696 875 2836 934 cap.
2882 858 2946 918 4.
2992 858 3148 919 dicit
3187 855 3725 937 justificationem

2174 974 2356 1051 impii
2411 975 2510 1035 vet
2552 974 2617 1035 in
2671 990 2745 1036 re
2801 973 2900 1034 vel
2942 976 3008 1035 in
3063 980 3205 1035 voto
3277 975 3531 1036 causari
3601 987 3723 1051 per

2176 1107 2297 1169 per
2333 1091 2738 1168 Baptismum
2771 1110 2786 1165 ;
2825 1107 2970 1170 quae
3015 1090 3363 1169 disjunctio
3415 1093 3724 1168 importat

2177 1208 2563 1269 alterutrum
2597 1224 2743 1270 esse
2776 1208 3141 1270 remedium
3191 1205 3613 1287 justificandi.
3646 1210 3725 1269 Et

2177 1344 2315 1403 cap.
2349 1329 2408 1388 7.
2459 1325 2612 1388 dicit
2633 1327 3117 1407 justificationis
3165 1344 3434 1389 causam
3482 1329 3719 1388 instru-

2174 1444 2520 1505 mentalem
2569 1461 2696 1505 esse
2742 1446 3166 1521 Baptismum,
3225 1450 3290 1506 et
3317 1445 3606 1523 loquitur
3640 1445 3725 1506 de

2165 1559 2638 1640 justificatione
2671 1561 2898 1623 adulti.

2235 1681 2424 1757 Ergo
2472 1695 2552 1740 ex
2583 1678 2681 1740 his
2711 1684 2941 1756 aperte
2984 1679 3285 1757 sequitur
3321 1679 3726 1756 Baptismum

2176 1813 2307 1859 non
2367 1797 2636 1875 exigere
2696 1798 2872 1857 illam
2938 1797 3434 1873 dispositionem
3501 1794 3722 1874 perfe-

2180 1918 2350 1973 ctam
2379 1913 2445 1973 in
2478 1911 2727 1985 adult0,
2773 1928 2915 1990 quae
2946 1911 3306 1975 dimitteret
3354 1921 3722 1990 peccatum.

2175 2030 2361 2091 Patet
2417 2030 2916 2108 consequentia,
2965 2031 3115 2107 quia
3180 2029 3553 2091 remedium
3614 2046 3726 2090 or-

2180 2147 2525 2220 dinarium,
2588 2152 2652 2208 et
2693 2145 2926 2208 efficax
2971 2145 3240 2209 delendi
3287 2147 3541 2225 peccati
3588 2164 3720 2207 non

2180 2263 2574 2325 determinat
2623 2261 3120 2339 dispositionem
3171 2264 3478 2340 priorem,
3528 2264 3725 2324 talem

2180 2396 2352 2452 esse,
2401 2386 2475 2441 ut
2533 2397 2612 2441 ex
2671 2397 2789 2443 sua
2843 2383 3082 2443 virtute
3140 2383 3426 2443 remittat
3483 2398 3721 2459 pecca-

2180 2502 2340 2568 tum,
2386 2497 2543 2558 alias
2574 2494 2867 2559 efficacia
2897 2499 3003 2561 illa
3045 2498 3323 2562 remedii
3369 2514 3501 2559 non
3548 2501 3727 2559 esset

2180 2612 2264 2673 de
2322 2627 2393 2673 se
2465 2610 2820 2685 sufficiens,
2888 2630 3109 2692 neque
3164 2630 3459 2694 unquam
3529 2630 3725 2675 causa

2179 2731 2473 2806 proxima
2514 2732 2893 2794 remittendi
2938 2736 3218 2810 peccati,
3265 2741 3582 2812 quantum
3626 2736 3731 2795 est

2182 2847 2265 2908 de
2322 2865 2419 2919 se,
2477 2850 2532 2909 si
2606 2865 2682 2911 ea
2739 2853 3137 2913 necessitate
3197 2867 3325 2929 qua
3392 2852 3725 2930 praeexigit

2182 2965 2678 3044 dispositionem
2733 2967 2802 3028 in
2860 2966 3083 3030 adulto
3121 2973 3508 3045 peccatore,
3569 2985 3725 3046 prze-

2181 3089 2481 3165 exigeret
2539 3085 2736 3148 etiam
2794 3102 2942 3147 eam
2991 3086 3507 3164 ‘dispositionem
3578 3102 3726 3148 esse

2178 3203 2584 3264 remissivam
2667 3203 2944 3280 peccati.
3015 3203 3266 3265 Deinde
3347 3219 3478 3265 non
3551 3208 3727 3264 esset
3773 3196 4057 3309 reffiissgttfet

2179 3332 2331 3378 vera
2402 3318 2509 3379 illa
2581 3317 2819 3379 locutio
2893 3317 3175 3391 Concilii‚
3248 3318 3427 3397 quod
3505 3319 3728 3380 Sacra-
3837 3323 3889 3371 in
3918 3337 3994 3382 re,

2179 3440 2473 3498 mentum
2542 3452 2661 3497 seu
2725 3436 3095 3513 Baptismus
3152 3438 3220 3497 in
3285 3443 3436 3499 voto
3500 3440 3722 3499 remit·
3784 3391 4048 3519 pecgggum

2182 3557 2351 3615 teret
2404 3556 2754 3629 peccatum
2810 3553 3065 3615 actuale
3134 3556 3201 3613 et
3248 3555 3620 3630 personale,
3674 3554 3728 3614 si
3773 3513 4058 3625 rffinztgeteget

2180 3671 2673 3733 Sacramentum
2722 3672 2788 3732 in
2835 3687 2907 3732 re
2959 3687 3092 3732 non
3139 3676 3316 3732 esset
3349 3669 3579 3735 efficax
3629 3688 3727 3734 re·

2181 3792 2413 3864 spectu
2483 3783 2787 3868 ejusdem
2843 3786 3270 3860 remissioniS,
3334 3790 3483 3865 quia
3551 3788 3729 3848 nulla

2183 3908 2359 3963 esset
2412 3901 2859 3964 subordinatio
2919 3904 3090 3964 inter
3120 3904 3616 3966 Sacramentum
3662 3908 3729 3966 in

2180 4034 2252 4078 re
2301 4022 2367 4079 et
2409 4020 2477 4078 in
2524 4022 2703 4092 vot0,
2765 4034 2914 4079 cum
2972 4019 3148 4079 nulla
3202 4023 3379 4081 esset
3438 4018 3726 4081 efficacia

2181 4135 2583 4197 Sacramenti
2632 4135 2697 4195 in
2738 4151 2832 4207 re,
2888 4134 3109 4213 quoad
3157 4137 3341 4197 illum
3393 4136 3725 4212 effectum,

2184 4249 2295 4327 qui
2344 4264 2425 4310 ex
2468 4252 2866 4312 necessitate
2930 4251 3357 4325 sacramenti,
3406 4258 3478 4314 ut
3528 4251 3728 4332 digne

2184 4371 2251 4426 et
2279 4365 2492 4428 valide
2523 4367 2899 4445 recipiatur,
2946 4367 3339 4446 supponitur
3378 4380 3728 4446 peccatum

2184 4484 2495 4546 ablatum.

2261 4601 2579 4665 Praeterea
2626 4601 3076 4666 Tridentinum
3126 4621 3272 4667 sess.
3330 4603 3422 4667 14.
3474 4625 3616 4684 cap.
3663 4610 3724 4668 2.
3874 4602 3957 4715 1131}

2187 4718 2523 4796 explicans
2556 4718 2984 4783 differentiam
3016 4727 3580 4784 sacramentorum
3613 4725 3727 4784 Ba·
3774 4725 4060 4796 differentia

2186 4837 2402 4914 ptismi
2434 4841 2502 4898 et
2530 4836 2932 4899 Poenitentiae
2981 4837 3200 4915 quoad
3240 4838 3524 4902 fructum
3557 4859 3572 4902 ι
3605 4844 3730 4901 Per
3758 4795 4056 4903 Sffssffifflffi

2187 4955 2588 5030 Baptismum
2618 4957 2808 5026 enim,
2845 4958 3076 5034 inquit,
3114 4957 3437 5019 Christum
3465 4962 3726 5021 induen-
3882 4920 3946 4964 ω’

2184 5077 2274 5132 tes
2314 5087 2481 5131 nova
2516 5086 2792 5146 prorsus
2834 5073 2900 5132 in
2931 5072 3046 5133 itto
3095 5072 3423 5149 efficimur
3469 5083 3726 5137 creatu-

2186 5202 2284 5259 ra,
2334 5187 2599 5263 plenam
2643 5193 2697 5247 et
2746 5189 3069 5267 inteqram
3117 5198 3534 5266 peccatorum
3590 5212 3724 5256 om-

2188 5304 2368 5363 nium
2457 5305 2900 5366 remissionem
3001 5316 3465 5383 consequentes,
3551 5313 3728 5389 quod

2189 5424 2396 5498 negat
2441 5417 2580 5481 fieri
2624 5420 2690 5481 in
2740 5420 3137 5498 Poenitentia,
3200 5427 3417 5502 quoad
3462 5444 3731 5490 omnem

2191 5535 2437 5599 scilicet
2492 5552 2752 5612 poenam
2811 5541 3233 5617 temporalem
3280 5542 3401 5605 nisi
3454 5545 3535 5605 sit
3577 5560 3730 5622 per-

3542 5656 3604 5706 28
