4287 6313
1618 464 1627 471 ·
1689 445 1889 507 Dis'r.
1924 446 2051 508 vn.
2087 447 2449 523 QUAESTIO
2493 448 2593 512 iv,

141 613 424 728 suffixam}
486 594 761 666 bebatur
801 622 835 667 a
874 604 1201 672 Gnosticis
1232 627 1315 673 ex
1347 610 1594 674 Irenaeo
1625 629 1824 695 supra
1871 609 2033 675 cita-

163 741 441 811 Sacerdote
484 720 572 777 to.
678 716 1027 784 Ostensum
1120 732 1221 787 est
1318 733 1535 788 autem
1621 723 2031 790 Sacerdotem

126 817 445 930 jurigiiigtio-
486 825 849 915 simplicem
885 832 1027 899 sine
1048 836 1508 922 jurisdictione
1554 839 2032 906 communicata

153 941 221 977 ¹²⁸
243 927 442 1040 pugium
484 941 565 1007 ab
627 945 911 1014 Ecclesia
970 969 1097 1016 non
1178 973 1372 1038 posse
1443 974 1589 1021 esse
1658 955 2027 1021 ministrum

486 1058 789 1127 idoneum
854 1062 1052 1152 hujus
1122 1069 1544 1147 Sam-amenti,
1601 1090 1814 1157 neque
1870 1071 2028 1137 vali-

480 1172 560 1240 de
590 1175 1016 1259 confirmare3
1071 1203 1220 1248 cum
1260 1203 1419 1270 ergo
1460 1186 1742 1271 separati
1792 1185 1871 1251 ab
1913 1189 2028 1252 Ec·

474 1290 674 1357 clesia
742 1283 987 1362 nullam
1061 1299 1412 1366 habuerint
1471 1302 2022 1387 jurisdictionem,

473 1405 569 1473 sic
625 1408 820 1475 etiam
865 1432 992 1477 non
1050 1414 1266 1481 valide
1324 1417 1821 1485 confirmabant.
1887 1422 2022 1484 Non

473 1534 573 1588 est
617 1524 855 1591 mirum
899 1548 1058 1615 ergo
1108 1531 1163 1595 si
1205 1533 1371 1598 sacri
1413 1537 1706 1599 Canones
1746 1555 1824 1599 ex
1878 1557 2023 1621 spe-

468 1637 616 1704 ciali
687 1660 810 1707 usu
890 1645 1201 1712 Ecclesiae
1295 1647 1643 1715 Orientalis
1729 1650 2024 1716 absolute

467 1754 742 1825 doceant
791 1759 1139 1828 haereticos
1185 1763 1669 1846 chrismandos,
1719 1767 2023 1853 quamvis

469 1871 797 1956 Baptisma
845 1884 908 1939 et
958 1875 1405 1944 ordinationes
1454 1879 1625 1945 inter
1691 1879 1867 1966 ipsos
1933 1881 2023 1947 fa-

470 1995 595 2063 cta,
643 2006 792 2071 quae
832 2009 961 2056 non
1020 1991 1390 2078 dependent
1429 2006 1744 2081 quantum
1779 1996 1854 2062 ad
1904 2017 2020 2064 va-

471 2100 699 2183 lorem,
775 2123 809 2169 a
851 2117 1174 2193 potestate
1222 2110 1705 2196 jurisdictionis
1776 2113 2053 2200 recipe-·

473 2224 619 2278 1⁴0ssss
634 2266 648 2281 .

251 2375 305 2425 5,
562 2333 641 2395 Et
700 2351 813 2417 per
870 2334 994 2401 hoc
1051 2348 1223 2421 patet
1279 2338 1357 2403 ad
1422 2340 1774 2405 secundam
1825 2340 2017 2407 etiam

147 2436 430 2548 R⁰⁸ffi¹²⁸⁵⁰
473 2443 930 2530 objectionem,
995 2470 1143 2536 quae
1207 2452 1542 2539 colligitur
1585 2475 1664 2520 ex
1720 2455 2017 2541 epistola.

147 2562 421 2691 ἔξέἱῑὲἓῗίᾗὲὓ
477 2559 742 2627 Adriani
792 2566 843 2629 1.
878 2564 957 2631 ad
1017 2568 1342 2653 ignatium
1379 2570 1817 2637 patriarcham
1861 2575 2023 2638 Con-

215 2701 355 2761 npm.
479 2678 1153 2766 stantinopolitanum,
1235 2686 1385 2771 quia
1482 2689 1853 2774 Presbyteri
1931 2687 2020 2754 illi

124 2747 453 2867 &diii-{³3³5
478 2795 1169 2885 Constantinopolitani
1266 2814 1450 2869 erant
1543 2805 1866 2885 Photiani,
1958 2816 2022 2871 et

192 2877 323 2926 facta
357 2890 384 2924 a
629 2911 641 2923 .
753 2912 766 2925 .
971 2913 983 2925 .
1061 2914 1073 2926 .
1311 2915 1324 2928 .
1533 2920 1544 2931 .
1799 2920 1811 2933 .
2005 2923 2016 2936 .

124 2937 448 2999 presbyteris
476 2929 681 2977 sacris
749 2912 1100 2994 interdicti,
1172 2927 1238 2981 at
1308 2937 1373 2982 in
1464 2919 1673 2985 aliena
1742 2923 2019 2989 Dioecesi

151 3001 443 3121 {ffiffiffiish
474 3025 645 3093 inter
676 3028 1015 3114 Bulgaros,
1067 3032 1177 3118 qui
1220 3031 1296 3098 ad
1358 3034 1726 3101 districtum
1789 3042 2018 3105 Roma-

473 3163 578 3210 nae
644 3145 955 3214 Ecclesiae
995 3150 1403 3236 spectabant,
1484 3152 2007 3222 confirmarunt.

471 3260 732 3348 Repetit
762 3261 1064 3332 Pontifex
1094 3268 1294 3333 verba
1332 3270 1565 3355 Ignatii
1596 3291 1610 3334 t
1645 3273 2011 3358 scripsisti,

468 3371 702 3461 inquit,
768 3387 838 3442 nt
873 3380 1088 3445 nostri
1145 3382 1530 3468 Presbyteri
1584 3406 1667 3449 ea:
1725 3385 2018 3451 dictione

464 3489 914 3577 Bulqarornm
971 3516 1119 3562 cum
1168 3497 1544 3583 iqnominia
1582 3511 1641 3565 et
1697 3501 2015 3567 dedecore

457 3607 888 3692 pellerentur,
947 3623 1068 3678 etc.
1140 3625 1203 3679 et
1252 3615 1603 3700 respondet
1663 3617 2003 3686 Pontifex:

470 3723 660 3799 Quod
740 3727 803 3791 si
881 3727 1067 3794 dicas
1148 3728 1545 3817 (respondet
1637 3733 2007 3822 Adrianus)

456 3842 651 3926 prius
686 3863 728 3907 a
764 3843 953 3909 nobis
990 3845 1418 3932 Presbyter-os
1452 3849 2005 3938 Constantinopo-

465 3957 697 4023 litanoe
755 3961 1062 4026 Dioecesis
1100 3963 1182 4028 ab
1219 3986 1296 4029 ea
1336 3966 1606 4052 reqione
1663 3970 1997 4054 empulsos,
2028 3965 2033 3970 ’

461 4072 643 4140 haud
680 4075 947 4158 inficias
978 4078 1224 4144 inimus
1242 4104 1268 4160 ,·
1320 4094 1513 4148 erant
1544 4083 1867 4150 Photiani
1913 4086 2002 4151 il-

462 4189 716 4277 liusque
751 4195 1134 4279 symmistes,
1182 4196 1414 4281 quibus
1472 4218 1607 4263 non
1647 4200 1859 4266 solnm
1926 4201 2001 4266 in

464 4307 911 4395 Bnlqaroritm
975 4313 1193 4391 terris,
1245 4312 1362 4378 sed
1436 4315 1675 4402 ubique
1702 4318 2000 4402 qentiitm

458 4425 671 4489 sacris
716 4426 1018 4492 omnibus
1100 4429 1581 4510 interdiximus
1646 4434 1998 4499 interdici-

461 4560 765 4625 musque,·
805 4542 1083 4609 habetur
1111 4543 1178 4608 in
1227 4544 1489 4632 Synodo
1528 4557 1780 4614 octava.

237 4682 287 4733 6.
550 4650 817 4719 Photius
864 4653 1059 4720 etiam
1092 4656 1382 4722 intrusus
1415 4657 1481 4723 in
1512 4659 1757 4740 sedem,
1802 4682 1996 4748 quam

135 4742 415 4858 383ζὲῈῷ
461 4771 769 4858 profanus
799 4772 1164 4857 occupavit,
1202 4773 1268 4839 in
1299 4794 1415 4840 sua
1447 4774 1720 4861 epistola
1783 4781 1998 4866 Ency-

114 4930 168 4982 in
191 4870 424 4986 133ζο8
459 4889 617 4956 elica
656 4888 734 4954 ad
774 4888 1208 4970 PatriarchaS,
1252 4889 1678 4959 dissimulans
1730 4915 1997 4962 suorum

457 5005 991 5091 presbyterorum
1079 5006 1578 5091 suspensionem
1665 5028 1700 5075 a
1766 5013 1992 5092 sacriS‚

455 5122 579 5188 hoc
626 5121 840 5207 ipsum
880 5120 1043 5188 vitio
1072 5121 1270 5189 vertit
1310 5121 1577 5207 LatiniS,
1615 5125 1786 5212 quod
1826 5129 1994 5194 Con-

453 5237 889 5306 firmationem
956 5238 1304 5317 iterarent3
1375 5239 1564 5326 cujus
1650 5240 1997 5309 calumniae

453 5353 790 5442 usurpatio
877 5363 942 5420 et
995 5353 1283 5421 schisma
1347 5353 1497 5421 licet
1564 5356 1990 5440 innotuerint,

452 5489 670 5545 tamen
701 5476 1239 5544 consuetudinem
1271 5477 1577 5545 Ecclesiae
1608 5479 1996 5547 universalis

458 5601 538 5670 de
577 5623 707 5669 non
766 5601 1059 5669 iterando
1098 5601 1452 5669 chrismate
1492 5603 1735 5671 attexit
1773 5615 1998 5672 contra

3572 442 3692 507 707

2153 611 2478 680 Latinos:‘
2536 614 2713 689 Quin
2779 617 2983 681 ctiam
3035 615 3208 693 illos,
3289 610 3525 699 inquit,
3583 611 3698 697 qui

2145 746 2187 789 a
2246 727 2661 813 Presbyteris
2727 731 3086 795 chrismate
3150 730 3334 795 tincti
3394 729 3693 812 suerunt,

2145 842 2390 907 iterum
2447 845 2815 910 chrismare
2853 866 2989 911 non
3058 847 3486 923 horruerunt,
3534 842 3702 927 Epi-

2140 978 2372 1043 scopos
2400 961 2650 1046 seipsos
2671 965 3027 1048 jactantes,
3061 974 3121 1027 et
3153 960 3700 1047 Presbyterormn

2140 1076 2434 1139 chrisma
2493 1078 2733 1143 inutile
2774 1100 2929 1158 esse,
2981 1090 3043 1144 et
3089 1081 3352 1164 frustra
3408 1077 3490 1142 ab
3556 1076 3700 1141 iltis

2140 1189 2624 1258 administrari
2709 1205 3087 1279 portentose
3167 1193 3492 1272 docentes,
3568 1203 3692 1259 etc.

2138 1306 2290 1372 Non
2329 1310 2668 1391 reperitur
2705 1312 2976 1397 aliquis,
3022 1313 3138 1398 qni
3171 1312 3369 1377 talem
3401 1329 3692 1397 unquam

2137 1424 2412 1489 auribus
2460 1428 3321 1514 acceperitinsipientiam,
3367 1448 3564 1513 quam
3606 1427 3691 1490 is-

2138 1539 2191 1603 ti
2256 1552 2470 1606 mente
2509 1544 2691 1628 capit
2726 1542 2974 1609 audere
3044 1564 3179 1609 non
3248 1543 3641 1610 dubitarunt
3664 1569 3690 1624 ,·

2136 1656 2292 1721 illos
2325 1656 2634 1751 videlicet
2672 1660 2788 1745 qni
2830 1661 3029 1726 semel
3081 1662 3275 1726 tincti
3324 1668 3480 1725 sunt
3513 1660 3687 1725 cliri-

2133 1782 2362 1849 smate,
2429 1774 2670 1839 iterum
2700 1776 3158 1853 chrismantes,
3224 1786 3286 1841 et
3347 1777 3684 1841 Christia—

2135 1907 2377 1952 norum
2460 1890 2720 1955 caecelsa
2795 1901 2856 1955 et
2912 1890 3152 1957 divina
3224 1893 3550 1977 mysteria
3615 1892 3691 1956 in

2134 2024 2413 2089 maynas
2450 2027 2684 2092 nnqas,
2722 2018 2782 2072 et
2828 2007 3121 2074 derisum
3174 2010 3510 2096 inqentem
3541 2031 3690 2075 con-

2136 2131 2484 2188 vertentes,
2529 2125 2607 2188 Et
2640 2123 2851 2189 infra:
2888 2124 3139 2191 Iterata
3177 2127 3569 2191 chrismatio
3608 2127 3691 2190 il-

2137 2237 2350 2302 lorum
2410 2238 2526 2324 qui
2602 2239 2930 2324 baptizati
2979 2254 3153 2321 sunt,
3217 2252 3279 2307 et
3333 2243 3691 2309 chrismate

2138 2350 2353 2429 tincti,
2420 2372 2625 2438 neque
2671 2355 3020 2420 Canonum
3060 2357 3457 2425 auctoritate
3507 2356 3687 2422 indi-

2133 2474 2259 2547 9et,
2322 2465 2540 2543 crede,
2608 2479 2677 2532 nt
2717 2467 3097 2548 damnetur,
3179 2492 3326 2535 ciem
3387 2471 3491 2535 vel
3539 2470 3687 2555 ipsa

2132 2584 2276 2649 sola
2315 2583 2417 2649 rei
2452 2586 2762 2650 narratio
2819 2598 3083 2673 superet
3148 2610 3406 2653 omnem
3447 2589 3683 2673 impie·

2137 2699 2293 2763 tatis
2331 2701 2682 2781 excelsum,
2719 2714 2841 2768 etc,

2225 2819 2377 2882 Haec
2434 2828 2614 2883 notat
2654 2819 2975 2888 Arcudius
3031 2832 3255 2887 contra
3297 2821 3680 2888 modernum

2134 2951 2419 2997 errorem
2507 2935 2906 3014 Graecorum,
2976 2938 3088 3022 qui
3148 2937 3684 3005 chrismationem

2134 3061 2492 3129 renovant3
2556 3052 2727 3138 quod
2788 3056 2889 3120 vel
2959 3055 3100 3140 ipse
3176 3060 3418 3122 Auctor
3484 3056 3686 3124 totins

2128 3166 2504 3234 schismatis
2536 3169 2804 3236 Photius
2835 3171 3121 3252 damnat,
3160 3194 3194 3238 a
3239 3173 3485 3239 Latinis
3524 3194 3678 3240 con·

2126 3296 2224 3351 tra
2273 3288 2592 3365 CanoneS,
2648 3298 2713 3354 et
2769 3289 3113 3356 veritatem
3176 3291 3435 3358 factam.
3482 3293 3682 3359 Ceetess

2124 3422 2270 3467 rum
2322 3401 2633 3488 maligne,
2694 3405 2847 3491 quia
2889 3405 3138 3473 nullum
3188 3406 3310 3472 fuit
3354 3407 3555 3494 hujus
3586 3408 3678 3474 rei

2124 3519 2498 3605 exemplum
2541 3531 2780 3606 praeter
2838 3520 3021 3600 illud,
3085 3523 3255 3611 quod
3308 3523 3545 3591 factum
3581 3536 3680 3591 est

2122 3634 2292 3701 inter
2322 3635 2660 3721 Bulgaros,
2696 3648 2759 3703 et
2789 3636 3102 3722 legitime,
3142 3638 3293 3724 quia
3344 3650 3410 3704 et
3440 3641 3520 3705 ab
3564 3639 3671 3717 iis,

2120 3751 2232 3836 qui
2326 3750 2568 3818 nullam
2633 3752 3085 3820 auctoritatem
3140 3754 3551 3823 ‘habuerunt
3610 3758 3674 3822 in

2116 3865 2327 3932 aliena
2388 3867 2687 3948 Dioecesi,
2740 3879 2804 3934 et
2851 3868 2961 3956 qui
3002 3868 3206 3935 sacris
3238 3881 3425 3937 erant
3464 3871 3669 3938 inter-

2116 3981 2295 4061 dicti,
2350 3994 2665 4070 erantque
2719 3984 3096 4051 Sacerdotes
3173 3985 3527 4073 simpliceS,
3567 4009 3675 4072 ,ex

2116 4119 2298 4165 more
2345 4100 2745 4180 Graecorum,
2800 4101 3112 4182 ministri,
3164 4122 3293 4167 non
3323 4122 3482 4169 vero
3525 4104 3679 4190 Epi·

2113 4216 2317 4301 scopi,
2382 4215 2492 4301 qui
2566 4215 2735 4303 apud
2795 4216 3054 4282 Graecos
3094 4216 3300 4283 solam
3349 4216 3671 4284 ordinati-

2109 4352 2301 4399 onem
2355 4331 2621 4398 faciunt.

2201 4450 2551 4527 Caeterum,
2625 4446 2847 4533 praxis
2933 4448 3242 4515 Ecclesiae
3317 4447 3671 4517 Orientalis

2111 4561 2265 4627 hinc
2304 4561 2584 4628 sumitur
2623 4572 2938 4650 quantum
2980 4561 3059 4629 ad
3118 4563 3207 4646 id,
3253 4564 3423 4650 quod
3466 4585 3664 4651 supra

2112 4677 2554 4764 praemisimus
2594 4677 2674 4743 de
2715 4678 3013 4745 ministro
3046 4680 3246 4768 hujus
3286 4681 3665 4748 Sacramen-

2112 4792 2194 4860 ti.
2256 4793 2598 4880 Colligitur
2638 4794 2950 4875 secund0,
2994 4797 3171 4863 hunc
3219 4796 3424 4864 fuisse
3471 4817 3663 4864 usum

2113 4909 2179 4975 in
2211 4911 2494 4976 Ecclesia
2537 4910 2846 4978 Orientali
2896 4923 3048 4979 ante
3088 4912 3392 4979 Photium
3427 4914 3664 4981 iterum

2116 5045 2242 5090 non
2279 5024 2716 5103 confirmare,
2782 5025 2911 5092 imo
2971 5047 3088 5112 pro
3148 5029 3485 5095 communi
3548 5029 3665 5096 do-

2110 5151 2330 5228 gmate
2361 5141 2483 5208 hoc
2505 5143 2994 5208 Sacramentum
3029 5143 3233 5210 fuisse
3256 5164 3384 5210 non
3408 5145 3664 5212 iterabi-

2111 5255 2217 5333 le;
2289 5276 2447 5342 ergo
2516 5259 2809 5323 Canones
2894 5257 3147 5343 praefati
3209 5262 3664 5345 supponebant

2111 5371 2480 5451 haereticos,
2534 5371 2613 5438 de
2661 5373 2900 5460 quibus
2945 5372 3189 5440 faciunt
3239 5375 3658 5454 mentionem,

2112 5508 2241 5553 non
2285 5487 2488 5553 fuisse
2521 5509 2675 5555 vere
2706 5489 3150 5558 confirmatos.

2199 5608 2270 5670 In
2331 5604 2619 5672 Ecclesia
2666 5618 2882 5672 autem
2932 5607 3348 5689 Occidentali,
3395 5607 3661 5696 recipie·
