4287 6313
169 1125 409 1247 Quffestio

257 1252 327 1325 ¹¹?

170 1328 407 1365 nomme.

127 1376 316 1453 naith.
358 1376 446 1428 21.

128 1441 352 1553 nubi&
386 1501 445 1555 4.

153 4792 285 4845 ¹²³²·
207 4735 456 4908 ..ἕξεθ’

143 4918 214 4969 do
242 4921 430 4970 soemn.

124 4981 353 5032 Dubium
389 4984 446 5033 5.

122 5046 248 5095 Act.
280 5046 361 5097 19.
389 5045 447 5095 ⁴.

120 5109 272 5158 Gom.
296 5108 365 5158 nd
401 5106 457 5159 2.

138 5185 203 5223 c.
227 5170 283 5220 in
310 5172 435 5221 fine.

1748 384 2193 453 nis-numo
2245 366 2321 455 u.

489 726 673 803 Quid
796 729 1117 796 utilitatis
1251 732 1528 799 habebat
1641 735 2029 821 Baptismus

1013 849 1296 915 Joannis
1327 849 1360 916 ?

577 1119 606 1154 α
654 1090 768 1162 Ad
830 1089 1015 1180 quid
1063 1107 1264 1180 ergo
1329 1089 1558 1163 utilis
1625 1093 1808 1164 erat
1882 1092 2027 1162 Ba-

487 1206 834 1299 ptismus
897 1205 1236 1278 Joannis
1294 1211 1329 1277 ¹?
1391 1205 1595 1289 Quia
1653 1206 2025 1280 homines

488 1343 633 1394 usu
677 1323 1139 1415 baptizandi
1189 1323 1711 1417 praeparabat
1752 1324 1846 1395 ad
1890 1324 2031 1395 Ba-

486 1437 869 1531 ptismum
943 1437 1276 1513 Christi.
1328 1467 1357 1503 »
1405 1440 1550 1514 Sed
1602 1438 2024 1531 quaeritur,

483 1574 733 1646 quare
763 1554 1024 1629 dictus
1058 1558 1179 1628 est
1217 1559 1498 1625 Joannis
1529 1557 2025 1648 Baptismus,

483 1670 694 1744 Siout
730 1671 1058 1744 Veritas
1107 1670 1300 1744 dicit
1337 1696 1352 1741 ε
1419 1676 1799 1761 Baptismus
1827 1676 2031 1742 Joan-

483 1790 589 1855 nis
680 1790 856 1856 unde
939 1800 1033 1856 est
1102 1790 1134 1854 ξ)
1200 1788 1406 1869 Quia
1491 1788 1598 1861 ibi
1685 1790 1729 1860 J
1742 1790 2028 1863 oannis

482 1902 855 1994 operatio
889 1902 1235 1976 visibilis
1284 1906 1608 1978 tantum
1675 1910 1860 1980 erat
1902 1927 2031 1978 ex-

479 2020 739 2093 terius
771 2019 1149 2102 lavantis,
1195 2041 1356 2092 non
1391 2021 1820 2094 invisibilis
1853 2041 2031 2114 gra·

479 2141 599 2214 tia
688 2137 832 2211 Dei
918 2137 1262 2211 interius
1345 2137 1788 2230 operantis.
1883 2139 2028 2212 Sed

480 2258 754 2330 tamen
804 2258 881 2329 et
926 2256 1068 2328 illa
1128 2257 1468 2330 Joannis
1543 2255 1916 2349 operatio
1978 2276 2026 2329 a

481 2374 649 2446 Deo
698 2387 892 2454 erat,
953 2376 1033 2447 et
1073 2372 1543 2465 Baptismus
1587 2371 1722 2443 ille
1757 2391 1802 2443 a
1859 2373 2026 2445 Deo

481 2493 688 2570 erat,
742 2510 903 2562 non
965 2488 1063 2560 ab
1145 2488 1496 2569 homine,
1553 2489 1685 2561 sed
1736 2492 2029 2558 hominis

480 2605 740 2680 dictus
806 2609 955 2684 est.
1023 2605 1211 2697 quia
1263 2605 1465 2678 nihil
1524 2603 1631 2677 ibi
1703 2604 2030 2695 gereba-

481 2730 622 2799 tur
655 2722 860 2815 quod
901 2743 1062 2794 non
1122 2725 1403 2815 ageret
1469 2721 1741 2794 homo.

573 2980 653 3045 Si
678 2978 814 3064 fuit
851 2978 1361 3044 Sacramentum
1398 2977 1761 3064 baptismus
1794 2977 1935 3045 ille.

576 3248 656 3323 Si
689 3270 884 3323 vero
919 3246 1340 3340 quaeritur,
1397 3262 1499 3317 an
1552 3248 2031 3319 Sacramen-

485 3372 660 3443 tum
735 3364 1007 3447 suerit,
1116 3364 1317 3438 satis
1383 3367 1650 3454 potest
1708 3359 2033 3436 concedi

481 3504 586 3556 ex
650 3504 745 3556 eo
817 3503 1082 3563 sensu,
1148 3501 1302 3572 quo
1363 3483 1609 3570 leqalia
1664 3486 1857 3570 siqua
1923 3481 2032 3554 di·

481 3603 782 3675 cuntur
866 3601 1420 3673 Sacramenta.
1508 3596 2031 3689 Significabat

481 3721 699 3794 enim
766 3718 1237 3813 Baptismus
1270 3716 1610 3790 Joannis
1685 3738 1860 3791 rem
1910 3738 2033 3791 sa-

481 3857 739 3920 cram,
785 3835 1099 3909 scilicet
1130 3831 1642 3929 Baptismum
1692 3833 2027 3921 Christi,

484 3954 622 4047 qui
689 3973 849 4027 non
907 3956 1227 4027 tantum
1294 3955 1419 4024 est
1507 3949 2026 4045 poenitentiae,

486 4068 623 4141 sed
658 4072 742 4143 et
791 4065 1301 4139 remissionis
1337 4070 1887 4159 peccatorum.

483 4317 584 4383 De
609 4318 837 4402 forma
866 4313 1201 4401 Baptismi
1226 4312 1533 4392 Joannis,
1578 4322 1640 4378 et
1678 4312 1762 4380 de
1817 4313 2029 4400 bapti-

1079 4430 1252 4495 zatis
1281 4428 1363 4495 ab
1392 4448 1489 4494 ec.

580 4596 732 4671 Hic
773 4596 1441 4671 considerandum
1508 4602 1656 4679 est,
1736 4595 1803 4668 si
1893 4597 2030 4669 ba-

488 4713 776 4809 ptizati
820 4733 865 4786 a
907 4715 949 4785 J
961 4733 1217 4786 oanne
1275 4711 1574 4784 iterum
1634 4711 2029 4805 baptizati

490 4835 678 4905 sunt
760 4830 1183 4922 Baptismo
1280 4827 1613 4912 Christi,
1712 4833 1792 4903 et
1874 4850 2030 4922 qua

485 4953 756 5025 forma
794 4949 1230 5022 verborum
1265 4968 1459 5020 usus
1511 4948 1617 5020 sit
1647 4949 2027 5020 Joannes.

488 5058 622 5132 Illi
680 5057 815 5150 qui
872 5053 1260 5149 baptizati
1339 5058 1525 5129 sunt
1567 5074 1614 5127 a
1690 5057 2026 5142 Joanne,

484 5173 966 5255 nescientes,
1014 5169 1409 5263 Spiritum
1474 5173 1846 5244 sanctum
1905 5191 2032 5242 es-

488 5313 601 5371 se,
666 5308 759 5362 ac
864 5307 1086 5381 spem
1172 5289 1558 5379 ponentes
1645 5285 1724 5357 in
1806 5285 2027 5359 illius

486 5407 938 5500 Baptismo‚
1018 5404 1303 5498 postea
1358 5402 1749 5495 baptizati
1839 5407 2030 5478 sunt

483 5520 910 5617 Baptismo
977 5517 1309 5595 Christi.
1376 5517 1844 5610 Baptismus
1894 5537 2029 5590 au·

3575 394 3695 459 237

2138 552 2306 624 tem
2357 553 2400 624 J
2411 556 2695 629 oannis
2762 560 2839 626 in
2876 561 3144 628 nomine
3202 562 3471 629 venturi
3521 562 3691 633 tra-

2140 667 2503 744 debatur.
2545 672 2767 747 Unde
2828 672 3380 768 Hieronymus
3447 696 3693 769 super

2141 785 2454 860 Joelem
2498 813 2514 859 :
2566 819 2594 851 α
2647 789 2797 873 Qui
2862 790 3081 875 dicit,
3158 813 3242 865 se
3301 791 3382 864 in
3468 792 3694 866 Chri-

2145 904 2361 976 stum
2473 907 2830 993 credere,
2928 909 3005 981 et
3067 929 3229 983 non
3295 909 3550 982 credit
3613 908 3692 982 in

2142 1018 2538 1111 Spiritum
2586 1028 2983 1109 sanctum,
3056 1028 3406 1101 nondum
3452 1027 3693 1101 habet

2141 1136 2415 1210 claros
2477 1141 2781 1214 oculos,
2871 1142 3090 1217 Unde
3165 1142 3557 1238 baptizati
3643 1164 3689 1215 a

2141 1254 2454 1328 «Ioanne
2521 1260 2594 1326 in
2652 1264 2918 1329 nominc
2985 1266 3272 1344 venturi,
3383 1261 3457 1333 id
3533 1264 3683 1342 est,

2140 1369 2468 1444 Domini
2509 1372 2723 1457 Jesu,
2774 1374 2961 1466 quia
3018 1376 3400 1449 dixerunt
3474 1400 3488 1444 :
3552 1376 3686 1444 Sed

2140 1507 2371 1574 neque,
2435 1490 2497 1554 si
2533 1491 2834 1576 Spiritus
2898 1504 3165 1560 sanctus
3231 1505 3347 1573 est,
3426 1492 3690 1558 audivi-

2146 1624 2308 1685 mus,
2395 1601 2692 1676 iterum
2778 1606 3426 1700 baptizabantur,
3528 1607 3688 1679 imo

2140 1737 2426 1791 verum
2463 1721 2885 1814 Baptisma
2916 1724 3445 1818 accipiebant.
3498 1754 3525 1788 »
3567 1724 3696 1798 Illi

2142 1855 2342 1908 vero
2397 1838 2531 1929 qui
2593 1860 2819 1933 spem
2880 1861 3040 1915 non
3103 1848 3552 1936 posuerunt
3605 1841 3687 1914 in

2143 1953 2564 2046 Baptismo
2607 1959 2972 2045 Joannis,
3070 1964 3151 2035 et
3222 1962 3549 2035 Patrem
3611 1964 3692 2035 et

2142 2069 2438 2145 Filium
2483 2078 2563 2148 et
2607 2074 3004 2168 Spiritum
3071 2079 3441 2150 sanctum
3520 2098 3689 2151 cre-

2140 2184 2453 2270 debant,
2483 2208 2644 2263 non
2696 2195 2876 2283 post
2908 2192 3300 2286 baptizati
3333 2194 3686 2278 fuerunt,

2145 2303 2277 2375 sed
2322 2303 2841 2397 impositione
2885 2330 3296 2395 manuum,
3342 2313 3441 2385 ab
3471 2314 3685 2407 Apo—

2143 2419 2379 2492 stolis
2439 2443 2685 2516 super
2749 2446 2888 2500 eos
2968 2427 3208 2512 facta,
3284 2429 3684 2523 Spiritum

2142 2540 2513 2610 sanctum
2605 2548 3107 2635 receperunt.
3204 2544 3365 2617 Alii
3461 2566 3683 2630 ver0,

2143 2651 2275 2744 qui
2349 2673 2508 2726 non
2604 2656 2718 2731 ita
2778 2660 3229 2745 credebant,
3293 2662 3686 2756 baptizati

2143 2771 2328 2840 sunt
2389 2769 2810 2864 Baptismo
2854 2775 3186 2862 Christi,
3260 2781 3345 2851 ut
3413 2779 3690 2871 praedi-

2145 2887 2366 2957 ctum
2493 2891 2642 2961 est.
2749 2890 2969 2964 Unde
3075 2893 3673 2985 Hieronymus:

2146 3028 2174 3063 α
2231 3002 2380 3084 Qui
2470 3005 2865 3098 Spiritum
2940 3013 3312 3084 sanctum
3387 3012 3688 3087 nescie-

2141 3117 2358 3204 bant,
2412 3141 2599 3195 cum
2666 3123 3177 3217 Baptismum
3243 3149 3288 3201 a
3374 3131 3686 3205 Joanne

2141 3246 2658 3331 acceperunt,
2694 3242 2993 3318 iterum
3019 3245 3410 3339 baptizati
3436 3252 3624 3323 sunt
3652 3277 3680 3312 >2

2143 3374 2241 3426 ne
2328 3357 2506 3447 quis
2565 3380 2665 3432 ex
2732 3360 3031 3434 Judaeis
3097 3364 3225 3436 vel
3295 3366 3682 3440 Gentibus

2145 3474 2496 3564 putaret,
2534 3496 2827 3568 aquam
2891 3479 3060 3553 sine
3132 3481 3439 3575 Spiritu
3504 3503 3688 3556 san-

2143 3593 2276 3662 cto
2322 3592 2416 3664 ad
2460 3593 2804 3667 salutem
2852 3617 3086 3688 posse
3142 3600 3538 3686 sufficere.
3574 3602 3689 3674 De

2143 3705 2295 3780 hoc
2362 3708 2612 3783 etiam
2691 3712 3175 3788 Ambrosius
3247 3720 3310 3789 1.
3400 3720 3514 3798 lib.
3605 3720 3688 3786 de

2143 3828 2409 3913 Spiritu
2472 3843 2699 3899 sancto
2758 3860 2779 3899 .·
2862 3861 2890 3896 α
2948 3834 3282 3915 Quidam
3357 3856 3738 3928 negave-·

2149 3945 2336 4015 runt
2398 3965 2482 4016 se
2544 3945 2756 4019 scire
2820 3948 3216 4049 Spiritum
3287 3957 3686 4036 sanctum,

2146 4077 2327 4129 cum
2386 4059 2843 4153 baptizatos
2891 4086 2974 4138 se
3029 4066 3388 4141 dicerent
3452 4070 3690 4141 Joan-

2143 4171 2270 4245 nis
2337 4174 2786 4269 Baptismo,
2836 4181 2969 4274 qui
3039 4182 3118 4255 in
3192 4183 3688 4258 advenientis

2143 4290 2356 4376 Jesu,
2391 4294 2662 4365 nonin
2708 4317 2878 4380 su0,
2942 4298 3387 4391 baptizavit
3427 4300 3686 4374 nomi-

2142 4430 2266 4483 ne.
2341 4414 2489 4488 Isti
2520 4436 2744 4509 ergo,
2792 4419 2980 4511 quia
3041 4440 3186 4493 nec
3248 4421 3327 4494 in
3383 4421 3689 4508 Christi

2142 4533 2494 4615 nomine,
2540 4552 2683 4606 nec
2715 4556 2896 4607 cum
2930 4535 3075 4609 fide
3118 4537 3476 4630 Spiritus
3511 4559 3685 4612 san-

2142 4644 2255 4718 cti
2311 4645 2700 4740 baptizati
2750 4649 3100 4734 fuerant,
3173 4673 3333 4725 non
3407 4657 3688 4747 potue·
3747 4749 3752 4756 ι

2149 4767 2333 4835 runt
2430 4765 2803 4859 accipere
2896 4767 3299 4862 Baptismi
3406 4774 3729 4846 Sac1·a·‘

2146 4884 2974 4977 mentum;baptizati
3028 4891 3214 4961 sunt
3277 4887 3534 4980 igitur·
3602 4891 3685 4964 in

2142 4998 2467 5072 nomine
2500 5000 2831 5088 Christi,
2882 5024 3026 5078 nec
3095 5005 3488 5080 iteratum
3557 5011 3682 5084 est

2143 5115 2222 5187 in
2264 5113 2391 5187 his
2423 5117 2869 5210 Baptisma,
2908 5120 3041 5194 sed
3084 5124 3500 5196 novatum.
3560 5153 3588 5188 »

3767 2166 3862 2218 Hic
3890 2178 3995 2216 non

3778 2233 3981 2280 tenetur

3770 2290 3981 2358 Magist.

3775 2354 3898 2406 Act.
3937 2356 3990 2406 8.

3757 2842 3814 2892 In
3847 2844 3996 2910 epist.

3845 2909 3911 2957 ad

3738 2966 3930 3043 ocean.
3959 2971 4024 3020 de

3807 3047 3959 3105 unius

3717 3108 3890 3145 uxoris
3909 3111 4039 3159 viro,

3744 3160 4016 3273 Ρῖῗιῗῃῖἑίἶ

3754 3345 3766 3354 ·
3796 3300 3848 3336 c.
3883 3285 3932 3358 3:

3751 3359 3805 3396 m
3848 3363 4015 3413 princ.

2408 5315 2627 5406 (Finis
2710 5319 2949 5387 Tea-tus
3004 5320 3372 5412 Maqistri.)
