4287 6313
1669 406 1868 468 nisr.
1902 406 2033 467 vn.
2084 403 2444 481 QUAESTIO
2493 407 2542 465 ι.

562 564 801 644 clesioe,
859 564 1094 652 inquit,
1128 568 1310 633 salus
1341 569 1416 633 in
1452 569 1697 633 memmi
1729 567 2113 634 Sacerdotis

561 682 888 768 diqnilate
924 682 1189 768 pendet,
1246 685 1356 749 cui
1382 685 1443 749 si
1518 705 1653 750 non
1702 705 1898 750 eaeors
1937 706 2106 771 quee-

561 797 735 876 dam,
804 809 865 863 et
904 798 986 864 ab
1016 798 1394 865 hominibus
1433 802 1727 866 eminens
1775 800 1968 865 detur
1990 821 2108 886 po-

565 925 780 993 testas,
857 925 947 980 tot
1003 916 1079 980 in
1126 917 1445 982 Ecclesiis
1509 919 1891 1001 efficientur
1935 917 2107 982 schi-

223 1012 512 1127 Cssffiffi'go‘
561 1042 795 1111 emata,
842 1043 995 1118 quot
1036 1032 1466 1116 Sacerdotes,-
1509 1032 1667 1099 inde
1704 1035 1883 1098 venit
1911 1044 1981 1098 ut
2020 1035 2105 1098 si-

216 1137 533 1253 ¹¹²³¹¹{{{.¹'f¹¹‘⁸‘
562 1167 646 1212 ne
684 1147 1059 1229 chrismate,
1100 1159 1162 1214 et
1192 1149 1508 1235 Episcopi
1537 1150 1859 1235 jussione,
1897 1169 2106 1235 neque

562 1262 937 1348 Presbyter,
1020 1284 1228 1350 neque
1292 1265 1628 1330 Diae-onus
1655 1267 1771 1350 jus
1823 1262 2105 1329 habea-nt

558 1377 971 1463 baptizandi,
1027 1391 1154 1445 etc.
1203 1400 1362 1467 ergo
1395 1379 1707 1466 supponit
1747 1379 2100 1447 Diaconum

547 1493 660 1580 jus
701 1514 894 1579 posse
954 1495 1194 1563 babere
1240 1495 1604 1582 baptizandi
1646 1495 1726 1561 ab
1757 1496 2099 1583 Episcopo.

555 1622 933 1677 nontamen
970 1611 1111 1679 sine
1150 1613 1523 1692 chrismate,
1589 1633 1823 1699 nempe
1866 1590 1931 1678 in
1994 1615 2103 1678 Ba·

554 1726 793 1814 ptismo
853 1726 1153 1807 solemni,
1205 1748 1398 1815 quem
1451 1727 1727 1793 intendit
1784 1728 2101 1814 Hierony-

553 1864 724 1922 muS,
770 1855 833 1909 et
867 1843 1032 1909 insra
1065 1842 1233 1910 idem
1266 1843 1472 1910 docet.
1509 1848 1587 1910 Et.
1616 1857 1797 1910 extra
1829 1844 2098 1910 dubium

555 1971 652 2026 est
688 1959 1037 2025 Diaconum
1102 1959 1529 2046 baptizantem
1572 1960 1947 2026 solemniter
1992 1959 2098 2026 de·

551 2076 704 2142 bere
773 2076 1125 2143 observare
1203 2076 1388 2156 ritus,
1479 2096 1811 2163 nunquam
1881 2088 2097 2142 tamen

551 2192 735 2260 licuit
793 2192 889 2258 sic
964 2193 1288 2278 baptizare
1372 2192 1730 2259 secundum
1780 2193 2098 2279 Hierony-

556 2330 734 2376 mum
775 2310 918 2376 sine
948 2309 1323 2376 chrismate.
1368 2310 1856 2376 Advertendum
1924 2311 2099 2376 insu-

555 2446 671 2511 per
700 2436 824 2506 est,
870 2425 1325 2512 baptizandum
1368 2447 1496 2492 non
1547 2427 1706 2512 ungi
1746 2424 2099 2493 chrismate

553 2553 725 2620 ante,
772 2542 884 2608 sed
917 2555 1063 2628 post
1126 2542 1525 2629 Baptismum
1569 2542 1636 2609 in
1680 2543 1944 2620 vertice,
1991 2563 2097 2607 an·

551 2670 615 2725 te
656 2671 869 2725 autem
901 2660 1299 2746 Baptismum
1335 2660 1606 2747 ungitur
1635 2660 1775 2726 oleo
1826 2659 2095 2725 benedi-

552 2786 684 2841 cto.
742 2780 837 2842 Ex
876 2796 1004 2862 quo
1034 2776 1329 2863 sequitur
1373 2776 1548 2842 illam
1608 2775 1811 2843 fuisse
1872 2776 1936 2841 in
1972 2797 2094 2843 usu

552 2891 850 2957 Diaconis
891 2913 969 2957 ex
1029 2893 1445 2978 HieronymO,
1507 2892 1699 2979 idque
1773 2914 2089 2981 congrue,

548 3029 695 3074 cum
732 3028 968 3074 munus
1001 3006 1362 3093 baptizandi
1403 3008 1530 3074 illis
1578 3009 1956 3076 solemniter
1985 3009 2094 3075 de-

547 3122 747 3209 legari
790 3123 1132 3190 consuevit
1182 3124 1244 3188 in
1295 3123 1589 3191 absentia
1647 3124 1920 3193 aliorum
1966 3125 2091 3191 mi-·

552 3242 952 3322 nistrorum3
992 3244 1074 3309 ita
1112 3244 1304 3309 etiam
1340 3256 1404 3310 et
1434 3255 1719 3331 potestas
1752 3247 1972 3313 utendi
2007 3248 2097 3313 ri-

544 3359 723 3425 tibus
753 3361 832 3424 ab
864 3359 1151 3426 Ecclesia
1183 3359 1524 3442 ordinatis,
1559 3361 1848 3427 commiti
1881 3365 2093 3449 potuit

544 3489 608 3542 et
642 3477 902 3556 debuit3
951 3497 1078 3541 nou
1124 3476 1384 3543 videtur
1414 3499 1569 3565 ergo
1602 3478 1706 3545 illa
1754 3480 2091 3566 responsio

549 3594 759 3661 facere
800 3595 879 3660 ad
913 3595 1232 3660 intentum
1267 3595 1570 3661 CanoniS.

331 3739 409 3789 ⁴1.
639 3710 731 3777 Ad
763 3714 1085 3778 Canonem
1119 3711 1499 3777 Arausicani
1542 3712 1709 3778 idem
1746 3714 2093 3799 respondet

218 3802 499 3912 Respgnsio
553 3828 824 3894 dicendo
874 3848 1002 3893 non
1051 3848 1243 3915 posse
1284 3828 1559 3914 intelligi
1595 3828 1673 3894 de
1705 3829 1827 3894 hoc
1865 3831 2084 3896 Sacra-

202 3927 525 4039 Affifflgffi
559 3955 797 4023 mente,
834 3944 1144 4032 alioquin,
1184 3945 1418 4031 inquit,
1467 3966 1593 4011 non
1646 3947 1873 4013 suisset
1915 3947 2085 4012 limi-

556 4058 821 4124 tandum
888 4060 966 4124 ad
1034 4062 1207 4128 solos
1258 4062 1623 4141 baereticOS,
1678 4062 1790 4128 sed
1859 4063 2088 4150 majori

557 4173 803 4239 ratione
879 4176 1358 4242 extendendum
1428 4177 1506 4243 ad
1556 4199 1784 4244 omnes
1837 4178 2082 4257 fideles,

554 4290 618 4355 in
670 4291 896 4357 mortis
937 4290 1314 4357 discrimine
1356 4293 1624 4377 positOS,
1672 4292 1929 4379 quando
1962 4315 2087 4359 non

550 4406 734 4473 adest
808 4406 1190 4492 EpiscopuS,
1264 4406 1373 4491 qui
1453 4427 1564 4471 eos
1621 4407 2082 4477 confirmaret.

550 4522 909 4591 Concilium
998 4542 1155 4608 ergo
1232 4521 1518 4609 loquitur
1586 4522 1917 4608 spcialiter
2013 4524 2090 4591 de

549 4639 897 4719 haereticiS,
943 4637 1092 4724 quia
1173 4657 1301 4703 non
1350 4637 1487 4724 agit
1544 4636 1622 4704 de
1679 4641 2091 4705 Sacramento

549 4754 1104 4832 Confirmationis,
1146 4755 1257 4821 sed
1316 4755 1395 4822 de
1429 4754 1954 4822 reconciliatione
1985 4778 2089 4822 so-

549 4873 773 4950 lemni,
804 4893 929 4960 qua
972 4871 1126 4938 olim
1160 4871 1237 4938 ad
1273 4873 1596 4958 gremium
1647 4872 1954 4940 Ecclesiae
1995 4896 2090 4941 re·

553 4991 965 5078 cipiebantur
1001 4990 1065 5055 in
1099 4988 1489 5077 quibusdam
1519 4990 1904 5070 ProvinciiS,
1942 5012 2087 5058 cuni

550 5108 825 5196 quadam
864 5111 1188 5189 unctione,
1217 5132 1330 5178 seu
1373 5112 1866 5198 consignatione
1915 5113 2092 5178 chri-

549 5226 799 5293 smatis.

640 5345 792 5408 Haec
849 5342 1186 5429 responsio
1252 5342 1444 5427 longe
1512 5343 1730 5409 deviat
1796 5364 1831 5407 a
1897 5362 2093 5430 scopo

554 5461 864 5536 Canonis,
913 5479 1061 5525 nam
1122 5459 1316 5525 talem
1371 5458 1740 5526 unctionem
1798 5460 2092 5527 adhiberi

554 5592 671 5663 pro
710 5570 1230 5642 reconciliatione
1260 5570 1716 5642 haereticorum
1751 5591 1879 5640 non
1911 5572 2095 5641 inve-

244 5374 497 5438 Rejioitur

300 5441 435 5492 diota
446 5502 455 5514 ι

228 5517 490 5572 responsio
502 5543 515 5558 .

3670 400 3792 462 677

2228 565 2403 631 nitur
2471 566 2536 631 in
2577 566 2737 632 actis
2787 566 3287 645 Ecclesiasticis,
3344 584 3554 651 neque
3604 561 3783 627 vide-

2221 692 2328 749 tur
2378 704 2684 771 magnam
2740 685 2979 750 habere
3047 684 3388 760 virtutem,
3453 692 3563 747 aut
3615 701 3766 766 pro-

2225 800 2589 884 portionem
2625 799 2703 865 ad
2736 800 3020 885 aliquam
3056 798 3607 886 significationem
3643 816 3779 879 my-

2221 913 2474 991 sticam,
2499 914 2638 981 sive
2672 914 2848 980 enim
2874 914 3168 980 hoeretici
3205 935 3396 979 usum
3421 911 3780 979 chrisman-

2220 1030 2284 1097 di
2376 1051 2552 1096 mere
2616 1029 3143 1098 caeremonialem
3210 1028 3635 1095 adhibuerint
3712 1027 3776 1093 in

2213 1145 2562 1233 BaptismO,
2584 1145 2723 1212 sive
2756 1166 2908 1226 non,
2942 1150 3235 1213 Canones
3266 1155 3563 1211 statuunt
3595 1144 3775 1231 ipsos

2217 1283 2343 1329 non
2410 1283 2556 1328 esse
2615 1263 3131 1349 rebaptizandOS,
3207 1262 3311 1330 vel
3363 1261 3769 1347 Baptismum

2216 1397 2343 1443 non
2410 1397 2553 1443 esse
2612 1376 2678 1442 in
2712 1377 2808 1443 eis
2861 1377 3332 1454 innovandum,
3380 1377 3550 1462 quod
3599 1395 3770 1441 com·

2217 1494 2559 1579 prehendit
2652 1493 2847 1560 etiam
2936 1514 3008 1559 ea
3094 1516 3243 1582 quae
3326 1494 3391 1559 in
3441 1493 3773 1580 Baptismo

2213 1610 2575 1677 secundum
2627 1609 2825 1676 ritum
2862 1608 3226 1697 baptizandi
3267 1609 3560 1675 adhiberi
3610 1612 3769 1678 sole·

2214 1727 2390 1793 bant.
2449 1728 2512 1794 Si
2556 1738 2774 1794 autem
2818 1725 3062 1793 alludat
3101 1726 3178 1791 ad
3220 1729 3540 1806 CanoneS,
3614 1728 3766 1813 qui-

2211 1845 2333 1912 bus
2402 1845 2851 1931 praescribitur
2919 1842 3328 1929 recipiendos
3383 1863 3528 1910 esse
3561 1844 3762 1911 haere·

2212 1964 2375 2029 ticos
2426 1983 2573 2028 cum
2645 1961 2950 2028 unctione
3004 1961 3400 2041 chrismatis,
3474 1982 3603 2026 non
3661 1974 3760 2028 est

2224 2080 2491 2147 dubium
2543 2079 2826 2165 idipsum
2901 2078 3277 2165 significare
3322 2078 3496 2145 hunc
3555 2082 3761 2145 Cano-

2217 2217 2364 2262 nem
2411 2194 2790 2261 Arausicani
2822 2217 2835 2273 ;
2873 2193 2984 2259 scd
3030 2193 3191 2259 ritus
3234 2193 3340 2260 ille
3392 2214 3519 2259 non
3562 2195 3757 2261 intel-
3836 2181 4070 2231 Canones

3808 2241 4100 2293 intelliouut

2214 2311 2442 2398 ligitur
2503 2311 2582 2377 de
2641 2309 3103 2376 chrismatione
3140 2310 3601 2391 caeremoniali,
3648 2311 3758 2377 sed
3790 2283 4114 2356 chi-ism‘inio-

2212 2422 2691 2501 sacramentali,
2773 2444 2900 2509 qua
2959 2422 3414 2489 conserebatur
3509 2423 3758 2489 Confir-
3814 2384 4098 2543 safilffieut-

2214 2540 2411 2606 matio
2500 2538 2854 2622 haereticiS,
2925 2540 3037 2625 qui
3105 2553 3291 2605 antea
3359 2561 3551 2606 usum
3622 2543 3763 2628 ejus
3814 2500 4112 2667 ιξῖιξηῖἰέεῗε

3812 2633 3981 2669 monta
4004 2635 4105 2669 eil]-

2216 2679 2344 2724 non
2406 2657 2796 2738 habuerunt,
2873 2667 2942 2723 ut
3005 2669 3259 2723 constat
3300 2680 3383 2722 cx
3431 2680 3577 2724 can.
3634 2664 3749 2726 31.

2210 2774 2480 2841 Concilii
2538 2777 2585 2839 l.
2642 2774 2866 2840 Niceni
2932 2795 3011 2840 ex
3070 2774 3354 2840 editione
3425 2775 3638 2842 Pisani
3703 2788 3765 2841 et

2209 2891 2533 2970 Turriani,
2569 2912 2654 2956 eoe
2683 2913 2829 2957 can.
2877 2896 2937 2958 7.
3013 2891 3281 2958 Concilii
3324 2896 3373 2959 Ι.
3453 2895 3764 2960 Constan-

2207 3007 2663 3093 tinopolitani;
2704 3008 2870 3074 idem
2907 3009 3099 3075 babet
3131 3008 3562 3075 Laodicenum
3594 3032 3651 3076 c.
3697 3015 3758 3077 7.

2207 3124 2582 3192 Arelatense
2654 3126 2697 3193 l.
2792 3125 2913 3191 sub
3012 3125 3350 3213 Sylvestro
3443 3148 3590 3193 can.
3683 3131 3747 3196 8.

2204 3253 2266 3307 et
2305 3240 2682 3307 Arelatense
2741 3242 2818 3305 11.
2884 3261 3031 3326 cap.
3081 3245 3184 3310 17.
3231 3262 3378 3328 quae
3411 3229 3590 3307 nullo
3631 3263 3761 3308 mo-

2210 3354 2291 3421 do
2324 3354 2599 3442 intelligi
2634 3365 2910 3440 possunt
2968 3354 3046 3421 de
3101 3355 3224 3422 alia
3265 3355 3759 3440 chrismatione‚

2208 3469 2514 3557 quamde
2576 3470 2682 3535 illa
2743 3471 2808 3535 in
2869 3491 2995 3558 qua
3066 3469 3256 3537 datur
3342 3471 3626 3557 Spiritus
3694 3474 3760 3539 in

2204 3585 2729 3652 confirmatione.

2297 3721 2480 3786 Unde
2522 3725 2646 3785 Leo
2688 3720 2983 3787 Pontifex
3052 3723 3241 3807 epist.
3295 3726 3405 3791 35.
3473 3724 3758 3811 baptiza·
3791 3715 4101 3841 Le0412222pa.

2203 3848 2344 3902 tum
2397 3837 2477 3902 ab
2562 3837 2889 3903 haereticis
2949 3836 3106 3903 dicit
3172 3859 3298 3903 non
3366 3861 3511 3906 esse
3567 3843 3758 3907 reba-

2204 3951 2603 4039 ptizandum,
2650 3950 2764 4017 sed
2805 3953 2861 4018 ei
2895 3953 3018 4018 hoc
3057 3975 3202 4020 esse
3262 3955 3750 4036 conferendum,

2205 4069 2374 4155 quod
2427 4069 2666 4134 ibidem
2711 4067 2939 4146 defuit,
3000 4081 3070 4134 ut
3127 4092 3241 4157 per
3304 4072 3753 4158 Episcopalem

2207 4206 2434 4253 manus
2529 4186 3011 4272 impositionem
3137 4188 3447 4255 virtutem
3546 4191 3751 4256 sancti

2204 4303 2484 4389 Spiritus
2527 4312 2984 4389 consequatur.
3029 4305 3106 4368 Et
3147 4305 3500 4391 Gregorius
3560 4306 3746 4374 lib.9.
3831 4311 4047 4423 Gfflffior·

2203 4419 2393 4506 epist.
2430 4418 2702 4505 epistola
2759 4420 2867 4485 61.
2938 4418 3249 4500 Arianos
3331 4420 3568 4509 inquit,
3635 4445 3757 4510 per
3787 4390 4111 4508 reconcji'isan-

2205 4557 2442 4600 manus
2501 4535 2989 4621 impositionem
3074 4536 3414 4619 Occidens,
3486 4560 3607 4624 per
3639 4562 3758 4606 un-
3822 4498 4066 4614 Arifflos.

2204 4652 2485 4716 ctionem
2551 4672 2704 4716 vero
2759 4653 2979 4716 sancti
3049 4653 3431 4720 chrismalis
3497 4656 3587 4721 ad
3657 4651 3755 4722 in'-

2203 4788 2499 4854 pressum
2526 4779 2773 4834 sanceoe
2821 4770 3133 4835 Eccles-ioe
3224 4772 3462 4838 Oriens
3532 4777 3756 4858 refor-

2205 4895 2362 4962 mat,
2411 4895 2533 4951 etc.
2601 4887 2724 4950 Per
2801 4887 3298 4972 impositionem
3369 4911 3625 4974 manac,
3670 4892 3761 4957 in-

2205 4998 2443 5085 telligit
2485 5020 2610 5064 non
2671 4999 3273 5082 Confirmationem,
3346 5004 3459 5070 sed
3528 5027 3759 5073 manns

2213 5115 2764 5182 reconciliatrices
2827 5136 2941 5200 per
2997 5117 3494 5199 absolutionem,
3556 5135 3625 5186 ut
3659 5123 3758 5187 in—

2207 5230 2450 5318 telligit
2510 5231 2735 5298 Glossa
2778 5232 2861 5297 de
2890 5247 3248 5300 consecrat.
3295 5236 3450 5302 disc.
3489 5241 3551 5303 4.
3588 5237 3752 5325 Jeep.

2209 5348 2523 5424 Arianae,
2580 5359 2706 5412 etc.
2774 5347 2926 5434 quia
2985 5347 3336 5436 distinguit
3407 5353 3759 5438 Gregorius

2210 5483 2246 5528 a
2317 5461 2790 5529 chrismatione
2832 5483 3064 5530 manus
3097 5465 3578 5551 impositionem
3621 5481 3759 5533 tan-

2208 5594 2409 5663 quam
2461 5574 2799 5645 diversum
2834 5585 3057 5646 ritum.
3098 5577 3509 5648 Manifestum
3543 5580 3758 5650 autem

3852 5297 4044 5348 Glossa.
