4287 6313
1132 751 1537 811 SCHoLmM.

638 982 886 1054 Septem
924 996 1084 1039 nova
1132 980 1528 1037 Sacramenta
1558 980 1634 1036 ab
1690 980 1828 1051 ipso
1874 978 2125 1036 Christo

565 1082 852 1137 instituta
881 1080 1097 1145 fuisse,
1148 1083 1209 1137 et
1239 1078 1493 1135 adducit
1530 1078 1889 1135 testimonia
1956 1077 2128 1133 Scri-

566 1181 758 1247 pturae
787 1180 863 1234 de
894 1177 1182 1248 singulis.
1234 1177 1510 1234 Habetur
1561 1178 1626 1233 in
1670 1175 1841 1232 Trid.
1892 1189 2049 1232 8888.
2077 1175 2138 1231 7·

568 1278 793 1351 can.b1.
819 1275 968 1333 vide
1023 1279 1174 1345 Aac.
1207 1290 1304 1347 ep.
1338 1276 1464 1332 118.
1497 1290 1551 1331 c.
1592 1275 1646 1331 1.
1683 1279 1743 1331 et
1775 1274 1864 1331 19.
1917 1277 2129 1330 contra

572 1377 777 1432 Faust.
811 1372 900 1433 13.
952 1375 1162 1430 Amor.
1193 1373 1248 1429 4.
1281 1371 1358 1428 de
1380 1372 1630 1428 Sacram
1653 1415 1670 1430 .
1703 1373 1760 1431 4.

364 1605 419 1656 4,
672 1557 1032 1630 Secunda
1078 1557 1177 1647 (d)
1223 1555 1638 1629 conclusio
1698 1554 1829 1627 hic
1885 1552 2139 1626 decla-

259 1664 520 1781 Ῑξὲξξξζζξιο
587 1674 862 1755 randa,
908 1674 1017 1747 sit
1067 1673 1291 1746 haec:
1377 1675 1666 1747 Omnia
1746 1669 2136 1761 instituta

257 1795 556 1906 Sssgssssm‘
588 1794 770 1863 sunt
816 1811 862 1861 a
905 1789 1236 1865 Christo
1288 1787 1414 1861 vel
1460 1810 1505 1861 a
1539 1791 1709 1861 Deo
1748 1807 1896 1880 pro
1943 1791 2138 1859 tem-

480 1890 492 1903 ’
588 1928 785 2000 pore
844 1906 1085 1978 istius
1145 1905 1374 1997 legis.
1458 1905 1679 1988 Quod
1768 1901 2140 1976 breviter

591 2023 921 2097 ostendo
946 2021 1103 2103 hic,
1134 2023 1428 2113 quiade
1454 2019 1796 2112 singulis
1821 2018 1903 2090 in
1931 2015 2139 2090 10018

586 2160 875 2213 eorum
908 2139 1269 2233 propriis
1313 2138 1627 2232 plenius
1680 2134 2136 2230 apparebit.

584 2259 700 2329 De
740 2256 1165 2349 Baptismo
1209 2258 1456 2348 patet,
1496 2255 1684 2347 quia
1704 2252 1873 2347 ‘fuit
1912 2251 2142 2325 insti·

587 2377 810 2446 tutus
845 2393 891 2444 a
926 2372 1257 2447 Christo
1299 2372 1645 2451 vivente,
1694 2370 1880 2463 quia
1911 2369 2143 2441 disci-

588 2487 751 2580 puli
811 2488 1356 2579 baptizabant,
1406 2493 1493 2562 ut
1558 2490 1781 2580 patet
1836 2488 2033 2556 Joan.
2064 2487 2130 2555 3.

581 2608 660 2677 et
714 2607 1215 2698 praeceptum
1248 2604 1400 2678 fuit
1443 2608 1532 2678 ut
1567 2602 1882 2696 publice
1948 2621 2145 2694 pree·

558 2721 1019 2807 dicaretur,
1088 2720 1385 2794 Matth.
1443 2719 1788 2793 ultimo:
1839 2720 1951 2799 Ite,
2022 2720 2146 2785 do-

585 2851 717 2905 cete
736 2861 957 2906 omnes
977 2851 1221 2926 yente3‚
1249 2840 1663 2925 baptizantes
1692 2858 1821 2916 003,
1850 2838 2003 2907 eto.
2030 2835 2148 2905 De

309 2986 554 3059 Euphffl.
586 2950 1108 3024 Eucharistia
1159 2954 1383 3043 patet
1423 2950 1600 3041 ejus
1669 2948 2143 3043 praedicatio

337 3059 473 3102 ⁸⁰³⁸·
583 3066 906 3149 diffusa,
951 3070 1154 3135 Joan.
1218 3069 1284 3139 6.
1368 3069 1500 3140 sed
1578 3066 1988 3139 institutio
2060 3064 2147 3136 in

237 3253 558 3310 Conflrmati-
590 3187 832 3258 Coessa
882 3186 1113 3254 Matth.
1182 3185 1294 3257 26.
1340 3186 1456 3258 De
1499 3182 2145 3258 Confirmatione

342 3318 470 3370 0018.

266 2344 528 2411 Baptismi.

590 3303 812 3393 patet
876 3299 1313 3383 institutio,
1368 3303 1607 3373 Joan.
1658 3303 1770 3374 20.
1840 3303 2146 3389 Accipite

585 3421 921 3506 Spiritum
956 3430 1280 3499 sanctum,
1318 3420 1470 3490 etc.
1508 3417 1634 3489 vel
1670 3416 1752 3489 in
1783 3417 1907 3488 die
1953 3417 2143 3488 Pen-

590 3535 971 3617 tecostes,
1029 3537 1173 3602 Act.
1209 3534 1275 3604 2.

680 3651 796 3724 De
838 3650 1323 3722 Poenitentia
1372 3649 1697 3728 dicitur,
1753 3648 1960 3741 quod
2019 3650 2142 3720 est

242 3819 567 3871 Poeniteutiae
599 3765 979 3840 instituta
1036 3765 1312 3838 Jacob.
1363 3770 1429 3840 5.
1481 3770 1916 3853 Confitemini
1974 3769 2147 3834 alte-

276 3882 524 3995 Ass'ti‘ffei.
600 3895 884 3964 rueram,
958 3885 1111 3955 etc.
1159 3885 1292 3956 sed
1369 3881 1521 3956 hoc
1597 3901 1757 3954 non
1823 3881 2147 3955 videtur

241 4011 561 4118 part-dffact·
606 4000 1135 4091 probabileex
1163 4021 1547 4094 processu
1587 4000 1915 4083 litterae,
1958 4000 2147 4092 quia

254 4131 486 4197 conf.q.
514 4131 562 4181 9-
601 4117 883 4190 statim
945 4118 1318 4208 Sequitur
1366 4145 1380 4190 ε
1431 4121 1633 4186 Orate
1675 4142 1801 4207 pro
1834 4121 2141 4201 invicem,

592 4237 744 4307 etc.
784 4233 1308 4306 Manifestum
1339 4235 1462 4304 est
1497 4230 1736 4316 enim,
1773 4233 1977 4324 quod
2004 4252 2150 4324 per

595 4348 787 4421 illud
829 4369 1171 4440 sequens
1251 4368 1411 4420 non
1474 4347 1929 4421 intendebat
2004 4347 2146 4420 ali-

593 4461 799 4558 quod
830 4470 1453 4540 Sacramentum
1488 4463 1946 4545 instituere,
1999 4483 2146 4538 nec

597 4580 1153 4674 promulgare;
1201 4601 1345 4653 nec
1391 4580 1644 4653 etiam
1686 4583 1867 4653 erat
1934 4579 2142 4673 apud

592 4698 983 4771 Jacobum
1104 4698 1560 4771 auctoritas
1671 4695 2147 4770 instituendi

596 4812 920 4905 aliquod
995 4814 1638 4895 Sacramentum,
1702 4812 1916 4884 sicut
1960 4813 2145 4903 post

596 4933 981 5021 tangetur
1048 4929 1130 5001 in
1210 4928 1528 5003 ratione
1601 4927 1961 5018 ponenda
2051 4926 2150 4998 ad

599 5045 851 5119 istam
892 5043 1527 5119 conclusionem.
1592 5042 1879 5114 Melius
1947 5061 2148 5133 ergo

595 5167 745 5244 est,
805 5167 893 5236 ut
968 5163 1289 5235 dicatur
1331 5159 1799 5233 institutum
1870 5155 2146 5242 fuisse,

597 5280 830 5352 Joan.
873 5282 985 5352 20.
1064 5282 1361 5367 Accipite
1425 5280 1759 5366 Spiritum
1818 5290 2142 5358 sanctum,

599 5421 878 5486 quorum
976 5397 1371 5463 remiseritis
1458 5406 1753 5482 peccata,
1827 5397 1978 5466 etc.
2068 5396 2147 5466 et

599 5514 1096 5608 promissum
1172 5509 1461 5584 Matth.
1554 5510 1657 5582 16.
1750 5513 1895 5578 Tibi
1976 5513 2147 5578 dabo

596 5636 812 5707 claves
866 5633 1061 5725 reqni
1107 5633 1441 5710 certorum,
1479 5630 1930 5717 quodcumqae
1963 5629 2137 5714 liqa-

1751 479 1894 540 ΜΒ.
1929 476 2030 539 IV.
2065 473 2667 539 SENTENTIARUM

2238 640 2436 720 veris,
2466 639 2634 709 etc.
2686 634 2857 706 Ista
2897 630 3116 705 enim
3187 631 3557 725 potestas
3634 645 3797 699 non

2236 756 2420 825 erat
2479 749 3055 843 principaliter
3108 744 3565 820 dimittendi
3628 762 3800 835 pec-

2239 869 2448 948 cata,
2504 866 2713 959 quod
2753 867 2876 939 est
2924 864 3072 939 Dei
3135 861 3600 957 proprium,
3667 857 3801 931 sed

2243 974 2696 1055 arbitrandi
2748 983 2841 1055 de
2907 979 3381 1054 dimissione
3454 973 3796 1071 peccati,

2241 1096 2591 1170 arbitrio
2643 1096 3096 1190 approbato
3132 1115 3178 1166 a
3228 1096 3441 1175 Deo;
3501 1090 3617 1165 sic
3663 1110 3798 1162 au-

2246 1217 2409 1287 tem
2466 1213 2863 1287 arbitrari
2922 1216 3047 1286 est
3121 1211 3203 1283 in
3280 1208 3460 1282 foro
3541 1205 3797 1281 Poeni-

2248 1329 2524 1403 tentiae
2577 1330 2895 1403 solvere
2953 1328 3080 1402 vel
3149 1328 3440 1419 ligare.

2336 1448 2452 1518 De
2521 1448 2916 1519 Extrema
2999 1444 3397 1519 Unctione
3468 1441 3794 1522 dicitur,
3967 1460 4022 1509 5.

2253 1557 2458 1648 quod
2491 1558 2765 1630 Jacob.
2800 1560 2866 1632 5.
2919 1559 3316 1643 Infirmatur
3345 1561 3491 1645 quis
3558 1558 3634 1623 in
3691 1577 3799 1621 vo·
3841 1517 4142 1638 ῃῖἳξξῖὶῗ,

2245 1678 2362 1754 bis,
2429 1677 2581 1746 etc.
2631 1676 2777 1748 Sed
2819 1674 3012 1747 licet
3075 1673 3182 1745 ibi
3228 1670 3801 1766 promulgave-

2257 1790 2364 1863 rit
2406 1790 2603 1867 illud
2635 1794 3285 1873 Sacramentum,
3352 1792 3475 1862 est
3513 1785 3802 1860 melius

2252 1906 2542 1987 dicere,
2628 1907 2832 1999 quod
2908 1902 3158 1980 fuerit
3248 1904 3807 1979 institutuma

2256 2022 2610 2097 Christo,
2675 2022 3058 2115 Legimus
3160 2021 3370 2095 enim
3455 2023 3669 2089 Marci
3732 2021 3799 2091 6.
3926 2078 4059 2131 Vide

2258 2141 2460 2232 quod
2492 2139 2864 2232 Apostoli
2927 2139 3333 2231 ungebant
3378 2136 3554 2208 oleo
3611 2133 3805 2208 mul·
3879 2139 4099 2254 biga-4·

3997 2202 4060 2253 23

2257 2259 2386 2327 tos
2441 2254 2836 2338 infirmos,
2891 2262 2970 2329 et
3023 2254 3564 2328 sanabantur.·
3608 2254 3805 2378 Con:
3838 2238 4170 2395 ‘'meza“

2259 2375 2424 2445 stat
2505 2373 2710 2464 quod
2751 2372 2903 2446 1100
2973 2393 3135 2446 non
3177 2372 3585 2451 fecerunt,
3640 2366 3807 2439 nisi
3886 2396 4096 2509 slezm

3956 2472 4013 2507 01·
4106 2490 4127 2506 ι

2257 2488 2336 2560 10
2370 2492 2675 2564 virtute
2735 2490 3072 2573 Christi,
3120 2489 3256 2581 qui
3309 2485 3797 2561 instituerat
3933 2536 3985 2585 p,
4020 2516 4097 2566 11,

2260 2602 2476 2675 illam
2516 2606 2979 2678 unctionem
3023 2603 3510 2677 virtuosam.
3847 2581 4179 2698 Mffi’issffii

2345 2723 2461 2793 De
2540 2721 3069 2796 Matrimonio
3119 2722 3466 2814 apparet
3516 2715 3808 2792 Matth·
3847 2706 4167 2824 θῑέὼξζῗ·

2256 2839 2363 2910 19.
2400 2840 2547 2906 Νοη
2571 2842 2823 2928 leqistis
2854 2840 2998 2929 (ait
3023 2837 3433 2925 Christus)
3465 2840 3625 2925 quia
3647 2858 3814 2903 mas-

2259 2957 2481 3022 culum
2555 2970 2614 3023 et
2681 2960 3031 3043 foeminam
3098 2959 3260 3040 fecit
3316 2978 3443 3034 eos,
3529 2949 3814 3044 supple

2256 3071 2497 3154 138118,
2532 3075 2613 3145 et
2653 3071 2883 3151 dixit,
2933 3071 3216 3166 supple
3261 3090 3403 3164 per
3447 3090 3535 3142 os
3573 3068 3756 3141 Adae
3792 3093 3806 3137 ε

2268 3192 2704 3266 Quamobrem
2755 3193 3085 3279 relinquet
3151 3193 3365 3271 home,
3446 3191 3600 3261 eto.
3684 3184 3815 3257 ubi

2259 3304 2635 3377 Christus
2707 3305 3111 3397 approbat
3176 3309 3257 3378 et
3331 3304 3683 3377 ratificat
3738 3301 3809 3373 id

2259 3422 2463 3513 quod
2537 3423 2750 3493 Deus
2852 3422 2931 3494 in
3011 3425 3230 3496 statu
3323 3419 3811 3495 innocentiae

2259 3554 2402 3627 per
2446 3556 2533 3606 os
2568 3535 2753 3608 Adae
2790 3536 3267 3629 publicavit.

2347 3652 2461 3723 De
2502 3650 2818 3733 Ordine,
2867 3652 3154 3727 Matth.
3189 3655 3300 3725 26.
3331 3657 3462 3721 Hoc
3499 3656 3703 3739 facite
3740 3655 3814 3719 in
3894 3678 4140 3734 ordinis.

2258 3792 2476 3837 meam
2513 3774 3219 3852 commemorationem,
3273 3773 3366 3865 et·
3420 3773 3463 3841 J
3475 3790 3651 3842 oan.
3692 3771 3804 3842 ΞΟ.

2266 3887 2558 3961 Quorum
2596 3890 2988 3954 remiseritis
3025 3900 3326 3975 peccata,
3381 3889 3531 3959 eto.
3613 3887 3799 3958 Haeo

2260 3998 2473 4070 enirn
2542 4000 2694 4073 duo
2774 4000 3183 4094 pertinent
3262 4002 3355 4074 ad
3447 4002 3807 4074 ordinem

2257 4116 2873 4198 sacerdotalem,
2922 4117 3237 4192 scilicet
3276 4121 3638 4211 potestas
3688 4140 3808 4190 re-

2262 4237 2540 4323 spectu
2620 4232 2997 4324 corporis
3069 4232 3378 4307 Christi
3451 4233 3651 4316 veri,
3733 4234 3811 4304 et

2265 4351 2628 4440 potestas
2677 4354 3046 4451 respectu
3082 4349 3460 4443 corporis
3497 4347 3807 4425 Christi

2263 4463 2614 4556 mystici,
2666 4469 2750 4538 ut
2809 4465 3124 4539 dicetur
3177 4464 3258 4536 in
3329 4465 3680 4542 materia
3717 4465 3808 4537 de

2265 4579 2591 4653 Ordine.

2351 4697 2572 4778 Quod
2632 4699 2905 4770 autem
2973 4695 3141 4769 haec
3196 4695 3467 4769 omnia
3514 4716 3560 4768 a
3631 4696 3807 4769 8010

2261 4813 2426 4884 1300
2496 4810 2802 4885 fuerint
2878 4812 3279 4896 instituta,
3361 4816 3586 4905 patet
3667 4832 3854 4906 per=

2262 4923 2454 4997 illud
2516 4928 2721 5017 quod
2765 4928 3076 4999 tactum
3115 4931 3240 5001 est
3304 4927 3386 4998 in
3447 4924 3810 5018 generali
3867 4952 4192 5021 Intelligen-

2262 5041 2931 5115 de'institutione
2991 5043 3524 5117 sacramenti.
3587 5043 3811 5116 Nulli
3952 5017 4052 5130 ‘¹5¹2

2262 5156 2479 5229 enim
2530 5159 2922 5250 competit
2985 5158 3305 5249 signum
3380 5157 3810 5233 instituere
3859 5143 4136 5256 οξὲξξξξξξ

2264 5273 2746 5365 practicum,
2799 5273 2960 5346 nisi
3034 5274 3160 5346 vel
3223 5281 3597 5367 respectu
3668 5276 3813 5348 ali·
3881 5245 4169 5388 affilssg:

2269 5392 2500 5485 eujus
2545 5397 2777 5466 actus
2828 5390 2949 5463 sui
2988 5392 3328 5485 proprii,
3369 5393 3493 5465 vel
3549 5413 3812 5486 respe-

2264 5511 2396 5580 ctu
2441 5507 2811 5601 alicujuS,
2861 5508 2991 5601 qui
3037 5508 3311 5583 subest
3353 5508 3530 5593 sibi,
3570 5528 3809 5601 quan-

2267 5627 2440 5697 tum
2507 5625 2602 5697 ad
2659 5625 2893 5698 illum
2951 5630 3267 5709 actum;
3335 5630 3806 5700 Sacramen-
