4287 6313
223 539 466 591 Debitum

198 602 250 654 in
301 618 361 652 ca
395 602 467 675 ite

230 679 370 715 mora
392 682 429 715 1.

209 1208 471 1260 Sententia

219 1272 432 1323 aliorum
447 1310 461 1326 .

220 1869 461 1943 Debitum

232 1940 446 1996 justitiae

193 1994 473 2062 originalis.

251 2401 435 2454 Merita

232 2463 418 2516 Adami

194 2522 481 2595 personalia

230 2591 409 2640 fuerun
417 2592 453 2639 t.

224 3408 313 3460 Tri
319 3408 440 3457 dent
451 3443 465 3458 .

308 4279 383 4329 18.

204 5215 512 5284 Interpreta-

239 5282 473 5390 Pattffum.

528 379 648 442 252

526 557 661 604 non
734 545 1176 623 applicaretur
1243 545 1558 607 membris
1627 558 1750 622 per
1831 542 2070 604 merita

527 659 695 739 ejus,
741 664 963 723 tamen
1014 663 1381 724 necessario
1440 661 1924 739 applicarentur
1984 658 2064 720 ab

524 776 691 853 ipso,
729 781 801 837 ut
833 793 1028 838 causa
1059 778 1308 852 morali,
1355 778 1640 857 alioquin
1675 792 1808 840 non
1854 776 2067 839 salva-

523 900 704 973 retur
732 891 1017 954 influxus
1064 894 1317 971 capitis,
1359 910 1580 973 neque
1624 890 1968 968 institutio,
2015 890 2070 951 si

522 1008 741 1071 nullus
773 1018 948 1072 esset
976 1011 1122 1091 ejus
1165 1010 1453 1073 influxus
1480 1011 1547 1072 in
1578 1013 1901 1074 membra.

605 1125 707 1185 Sic
781 1125 1048 1203 quidam
1120 1125 1451 1203 explicant
1527 1128 1912 1190 electionem
1985 1125 2071 1188 ad

525 1240 802 1322 gloriam
830 1239 1033 1304 fuisse
1065 1244 1188 1305 sub
1233 1244 1486 1306 ratione
1536 1242 1785 1320 praemii
1823 1242 2069 1321 depen-

527 1357 762 1420 denter
803 1359 884 1419 ab
923 1358 1259 1435 operibuS,
1292 1377 1426 1422 non
1460 1360 1730 1439 quidem
1761 1362 1882 1423 sub
1912 1357 2066 1421 rati-

524 1491 653 1537 one
711 1477 927 1538 meriti
978 1474 1359 1553 formaliter,
1430 1477 1551 1540 sed
1630 1477 1752 1539 sub
1817 1478 2071 1540 ratione

526 1607 741 1654 causae
782 1592 1069 1669 moralis,
1132 1594 1453 1673 quidquid
1513 1596 1594 1657 sit
1656 1594 1738 1656 de
1800 1594 2071 1655 veritate

525 1709 724 1793 hujus
770 1710 1021 1772 asserti.
1055 1710 1158 1770 Sic
1190 1714 1384 1772 etiam
1422 1710 1623 1774 Adam
1654 1711 2068 1784 constitutus„

526 1832 628 1888 est
674 1833 872 1905 caput
923 1833 1171 1890 naturae
1227 1829 1676 1909 propagandae
1735 1830 1799 1891 in
1843 1833 2072 1907 poste-

528 1960 660 2019 rOS,
723 1960 875 2005 cum
914 1944 1160 2022 justitia
1206 1946 1529 2024 originali,
1572 1950 1644 2007 ut
1688 1945 1841 2007 licet
1883 1945 2070 2007 meri-

528 2067 660 2121 tum
697 2077 840 2140 eJus
885 2077 1019 2122 non
1052 2061 1356 2123 transiret
1385 2063 1448 2122 in
1480 2066 1804 2138 posterOS,
1855 2068 2072 2124 tamen

534 2178 588 2237 si
646 2181 1142 2255 perseverasset
1189 2176 1464 2256 justitia,
1504 2186 1644 2240 erat
1688 2177 1910 2241 debita
1952 2196 2070 2256 po-

530 2294 749 2368 steris,
782 2295 869 2355 ita
896 2299 972 2354 ut
1024 2310 1156 2355 non
1204 2295 1406 2373 gratis
1457 2296 1934 2358 communicata
1974 2294 2076 2358 di-

530 2415 816 2485 ceretur,
881 2410 1035 2472 licet
1089 2426 1223 2471 non
1280 2426 1362 2472 ex
1413 2415 1646 2475 merito
1716 2411 1949 2474 Adami
2008 2413 2075 2474 in

528 2531 834 2611 posteros
883 2525 1207 2601 transiret,
1265 2525 1387 2588 sed
1434 2543 1516 2588 ex
1574 2529 1781 2605 primo
1854 2535 2074 2607 pact0,

531 2642 710 2722 quod
756 2643 835 2704 ab
883 2643 1028 2723 ejus
1074 2646 1564 2720 perseverantia
1611 2644 2073 2723 dependebat:

529 2759 762 2821 merita
808 2775 1053 2836 nempe
1094 2758 1324 2822 Adami
1367 2776 1499 2822 non
1541 2765 1729 2823 erant
1780 2778 2077 2825 commu-

528 2876 654 2946 nia,
717 2873 836 2935 sed
893 2874 1288 2951 personalia,
1336 2876 1487 2954 quia
1543 2892 1745 2953 opera
1798 2876 2078 2941 filiorum

533 2993 613 3054 ab
644 2991 801 3070 ipsis
831 3007 963 3055 non
1010 2989 1493 3069 dependerent,
1526 2993 1697 3055 sicut
1724 3009 1850 3055 nec
1892 3010 2076 3056 acce-

532 3113 877 3189 ptarentur
918 3126 954 3171 a
999 3111 1164 3183 Deo,
1235 3110 1404 3172 sicut
1485 3126 1688 3188 opera
1746 3111 2077 3191 justorum
2136 3110 2145 3118 ’

528 3231 684 3306 post
722 3226 983 3304 lapsum
1023 3231 1090 3288 et
1134 3224 1489 3290 satisfactio
1545 3233 1971 3305 acceptantur
2011 3232 2079 3290 in

534 3344 851 3421 operibus
909 3342 1163 3417 Christi,
1225 3349 1298 3406 ut
1368 3343 1567 3408 docet
1626 3345 2077 3408 Tridentinum

535 3479 701 3526 sesa.
756 3463 850 3523 15.
952 3477 1097 3541 cap.
1143 3461 1203 3522 8.
1270 3464 1405 3523 Non
1459 3463 1648 3525 habet
1690 3465 1879 3525 homo
1933 3465 2080 3527 inde

534 3579 878 3657 ylorietur,
938 3581 1052 3640 sed
1102 3580 1306 3640 omnis
1360 3578 1668 3655 yloriatio
1740 3586 1959 3641 nostra
2015 3581 2083 3642 in

542 3700 791 3760 Christo
836 3702 949 3770 est,
982 3699 1048 3757 in
1098 3712 1225 3773 quo
1273 3698 1567 3769 vivimus,
1616 3698 1682 3758 in
1714 3714 1838 3774 quo
1870 3713 2080 3760 mere-

540 3836 708 3889 mur,
754 3819 821 3878 in
878 3832 1005 3894 quo
1045 3817 1511 3892 satisfacimus,
1568 3819 1878 3893 facientes
1929 3820 2077 3895 fru-

535 3942 668 3998 ctus
721 3936 949 4011 diynos
994 3934 1408 4010 poenicentiae‚
1477 3934 1593 4009 qui
1628 3949 1727 3993 ,ex
1768 3933 1886 3995 ilio
1955 3937 2085 3996 vim

531 4051 786 4122 habent,
854 4048 934 4110 ab
990 4048 1107 4109 ilio
1163 4048 1526 4122 offeruntur
1592 4050 1799 4120 Patri,
1845 4054 1916 4110 ct
1963 4066 2086 4124 per

536 4164 733 4240 illum
760 4168 1177 4240 acceptantur
1219 4181 1260 4224 a
1305 4167 1521 4237 Patre,
1559 4167 1682 4226 etc.

619 4280 812 4357 Quod
867 4281 921 4342 si
965 4279 1245 4359 amplius
1311 4278 1587 4353 dicatur,
1649 4280 1827 4360 quod
1887 4281 2085 4344 etiam

535 4398 824 4462 Christus
855 4400 1133 4473 veniret,
1179 4402 1251 4459 ut
1296 4413 1491 4459 causa
1538 4399 1886 4470 meritoria,
1936 4400 2087 4460 licet

535 4533 670 4580 non
697 4520 772 4577 ut
799 4512 1262 4589 satisfactoria,
1296 4515 1447 4592 quia
1477 4512 1920 4577 satisfactione
1951 4530 2086 4577 non

534 4634 870 4714 indigeret
920 4631 1030 4696 ille
1087 4633 1319 4704 status,
1366 4632 1576 4710 magis
1603 4630 1893 4692 salvatur
1928 4647 2083 4711 prae·

540 4752 713 4814 dicta
745 4730 1065 4811 doctrina.

618 4882 956 4963 Quidquid
1012 4890 1233 4947 autem
1300 4884 1385 4945 sit
1418 4882 1501 4945 de
1544 4883 1653 4945 illa
1695 4885 2087 4964 quaestione,

538 5003 643 5064 cui
701 5002 1134 5081 supersedeO,
1196 5001 1430 5063 saltem
1493 4999 1575 5062 de
1634 4998 1804 5063 facto
1868 5006 2089 5077 potest

541 5122 738 5183 etlam
800 5121 909 5181 illa
953 5118 1245 5184 doctrina
1303 5119 1583 5199 intelligi
1636 5118 2090 5182 universaliter

544 5239 765 5320 quoad
824 5238 1042 5300 omnia
1087 5237 1282 5308 dona,
1332 5243 1398 5299 et
1448 5238 1575 5300 hoc
1651 5237 1853 5298 verba
1908 5235 2087 5298 Pauli

544 5361 802 5422 sonant.
850 5356 1075 5417 Patres
1118 5359 1339 5416 autem
1384 5356 1453 5415 in
1507 5353 1626 5416 iila
1668 5354 1938 5430 epistola
1978 5356 2081 5417 95.

546 5485 611 5542 et
676 5477 836 5540 alias
916 5481 1137 5536 contra
1193 5473 1608 5553 PelagianOS,
1680 5473 2091 5554 intelligendi

538 5600 699 5663 sunt
743 5594 827 5659 de
855 5593 1073 5679 gratia
1112 5593 1408 5660 salvante
1453 5597 1518 5658 et
1536 5588 1960 5674 justificante,
2007 5593 2090 5658 de

1671 384 1819 449 LlB.
1850 382 1952 447 lv.
2004 376 2600 455 SENTENTIARUM

2184 558 2313 621 qua
2340 540 2462 604 fuit
2492 542 2931 611 controversia
2990 557 3138 604 cum
3180 541 3472 624 PelagiO,
3523 544 3726 619 atque

2179 660 2347 723 adeo
2397 659 2481 721 de
2540 659 2748 739 gratia
2809 657 3289 739 Redemptoris.
3352 656 3539 721 Unde
3601 645 3720 719 E'c-

2181 776 2376 839 etesia
2406 776 2499 836 sic
2528 777 2998 851 interpretatur
3038 775 3106 837 in
3146 775 3280 837 suis
3310 775 3612 838 Collectis
3658 777 3726 836 et
3801 768 4023 840 Ecclesia

2181 892 2607 967 orationibuS‚
2655 908 2819 971 quas
2848 908 2970 969 per
3012 892 3334 955 Christum
3380 891 3600 971 dirigit
3639 892 3723 955 ad
3746 837 4070 961 paesspgffii}

2181 1010 2417 1086 Deum,
2490 1010 2629 1071 sive
2701 1010 3087 1087 temporale,
3160 1009 3295 1072 sive
3360 1010 3721 1086 spirituale,
3765 973 4043 1073 Chrffifxm.

2181 1128 2317 1190 sive
2364 1127 2683 1199 naturale,
2714 1127 2852 1188 sive
2882 1125 3383 1203 supernaturale
3414 1127 3725 1204 postulat,

2183 1243 2399 1305 omnia
2443 1244 2509 1303 in
2539 1241 2804 1304 nomine
2847 1241 2992 1320 ejus
3038 1243 3223 1317 petit,
3275 1241 3466 1320 juxta
3512 1242 3722 1304 illud:

2185 1360 2511 1436 Quidquid
2533 1359 2849 1436 petieritis
2888 1361 3149 1419 Patrem
3179 1360 3243 1419 in
3272 1360 3527 1422 nominc
3565 1376 3725 1434 mee,

2183 1481 2313 1538 etc.
2358 1477 2576 1538 omnia
2616 1477 2686 1536 in
2726 1478 2982 1537 nomine
3019 1491 3163 1537 meo
3198 1480 3415 1551 petite,
3449 1481 3577 1538 etc.

2259 1593 2476 1654 Altera
2521 1593 2795 1654 assertio
2851 1592 3146 1653 Doctoris
3191 1596 3312 1665 est,
3372 1592 3726 1655 incarnati·
3867 1593 3950 1645 ¹9·

2184 1734 2382 1781 onem
2420 1714 2624 1780 fuisse
2683 1721 2948 1780 omnino
3007 1717 3379 1797 gratuitam,
3424 1721 3492 1777 et
3543 1715 3727 1779 inde·
3781 1656 4017 1832 61ξέῗῇ

2183 1834 2556 1912 pendenter
2585 1835 2665 1896 ab
2694 1834 2998 1896 omnihus
3046 1832 3311 1907 meritiS,
3344 1833 3480 1896 sive
3520 1835 3728 1912 ipsius
3827 1789 4040 1893 ‘’r-21²3?

2186 1949 2443 2023 Christi,
2488 1949 2626 2012 sive
2656 1949 2954 2013 aliorum.
3004 1949 3363 2028 Oppositus
3402 1965 3584 2011 error
3615 1952 3724 2011 tri·
3781 1906 4035 2039 {rtiigssffis

2183 2074 2407 2135 buitur
2438 2071 2729 2152 Origeni,
2786 2071 2900 2133 lib.
2959 2074 3019 2133 2.
3078 2071 3495 2147 Periarchon,
3547 2069 3728 2151 quod
3754 2045 4076 2144 1333&ss-

2187 2188 2542 2250 asseruerit
2595 2187 2878 2249 animam
2948 2186 3179 2250 Christi
3259 2186 3462 2250 fuisse
3537 2187 3730 2250 simul
3781 2168 4054 2270 Ρζξῖἷζυς,

2188 2322 2338 2367 cum
2381 2305 2650 2384 Angelis
2680 2309 2991 2379 creatam,
3042 2311 3108 2368 et
3146 2305 3378 2367 merito
3423 2306 3729 2367 virtutum
3758 2284 3824 2334 D.
3881 2280 4067 2331 Tuom.

2187 2422 2552 2484 obtinuisse
2589 2422 2902 2484 unionem
2957 2422 3453 2502 hypostaticam.
3513 2422 3727 2485 Photi-

2187 2557 2312 2602 nus
2357 2557 2473 2617 pro
2506 2538 2747 2600 eodem
2778 2555 2999 2600 errore
3033 2539 3269 2600 citatur
3296 2556 3333 2601 a
3377 2541 3455 2600 D.
3484 2539 3729 2600 Thoma

2187 2658 2246 2719 3.
2274 2676 2345 2734 p.
2392 2674 2455 2733 q.
2493 2659 2515 2717 l
2570 2662 2696 2718 art.
2749 2658 2841 2718 11.
2890 2672 3195 2718 asserens
3242 2655 3564 2717 Christum
3609 2655 3733 2716 ho-

2186 2777 2427 2836 minem
2474 2775 2919 2851 praecessisse,
2954 2777 3021 2834 et
3049 2772 3368 2834 meruisse
3412 2773 3726 2834 unionem

2190 2906 2339 2952 cum
2381 2891 2596 2952 Verbo
2656 2888 3157 2961 accidentalem,
3218 2905 3366 2950 cum
3414 2887 3734 2950 distincti-

2188 3028 2315 3074 one
2370 3010 2715 3090 suppositi,
2760 3013 2833 3068 ιιι
2862 3008 3143 3069 asseruit
3184 3006 3543 3068 Nestorius.

2271 3129 2385 3190 Pro
2416 3128 2540 3189 hoc
2576 3141 2797 3187 errore
2842 3125 3269 3205 AugustinuS,
3320 3123 3638 3187 philaster
3667 3129 3733 3184 et
3783 3119 4056 3237 ssffiusttien'

2190 3247 2292 3309 alii
2339 3246 2606 3324 antiqui,
2681 3261 2814 3305 non
2887 3245 3087 3305 citant
3156 3242 3524 3316 Photinum,
3585 3257 3736 3308 cum
3845 3202 4062 3297 1⁴:¹32ss

2190 3362 2407 3439 potius
2465 3362 2748 3422 tenuerit
2824 3375 2971 3419 cum
3043 3357 3351 3430 SabelliO,
3425 3356 3736 3438 negando
3813 3311 4038 3361 p¹¹⁰⁰⁰¹'

2187 3482 2587 3553 Trinitatem,
2635 3484 2700 3541 et
2742 3494 2886 3539 cum
2918 3477 3115 3539 Paulo
3162 3477 3588 3539 Samosateno
3631 3492 3743 3538 as-

2191 3603 2454 3661 serente
2485 3595 2804 3660 Christum
2848 3592 3051 3656 fuisse
3098 3609 3336 3672 purum
3379 3593 3733 3655 hominem.

2272 3714 2614 3783 Caeterum,
2645 3709 2967 3791 quidquid
3016 3710 3098 3771 sit
3128 3709 3213 3771 de
3261 3709 3555 3782 Photino,
3604 3726 3741 3771 non

2193 3832 2453 3894 videtur
2511 3826 2998 3890 contemnenda
3050 3827 3379 3914 sententia
3449 3823 3740 3886 Cassiani

2193 3951 2371 4032 (licet
2399 3966 2532 4010 non
2579 3946 2947 4008 inveniatur
2989 3946 3069 4006 ab
3098 3944 3486 4021 AugustinO,
3522 3947 3587 4003 et
3616 3957 3741 4019 ge-

2194 4072 2310 4133 stis
2353 4066 2824 4132 Ecclesiasticis
2882 4060 3221 4142 expressa)
3283 4062 3393 4125 lib.
3440 4063 3500 4123 5.
3563 4067 3618 4120 ct
3674 4063 3735 4122 7.

2196 4188 2279 4250 de
2338 4182 2814 4256 incarnatione,
2877 4179 3230 4241 asserentis
3285 4177 3738 4240 Nestorianam

2193 4304 2500 4365 haeresim
2546 4317 2584 4362 a
2625 4299 2893 4377 Pelagio
2968 4297 3148 4374 prius
3223 4292 3425 4356 fuisse
3495 4309 3735 4354 conce·

2195 4428 2398 4498 ptam,
2433 4417 2545 4495 qui
2589 4415 2838 4495 putavit
2866 4413 3188 4474 Christum
3220 4411 3499 4489 primum
3536 4407 3740 4470 fuisse

2194 4536 2524 4597 hominem
2560 4546 2818 4609 purum,
2869 4529 3114 4591 deinde
3154 4543 3320 4606 pure
3370 4532 3436 4588 et
3482 4527 3739 4605 integre

2194 4653 2282 4713 ita
2323 4651 2589 4722 vixisse,
2620 4655 2693 4709 ut
2737 4646 3053 4708 meruerit
3097 4642 3282 4704 liberi
3315 4641 3556 4703 arbitrii
3587 4640 3741 4701 Dei-

2195 4767 2611 4839 ficationem;
2697 4765 2847 4825 hinc
2919 4762 3253 4823 Nestorius
3322 4758 3744 4835 subsequens

2199 4886 2329 4949 duo
2376 4889 2440 4948 in
2471 4885 2721 4947 Christo
2755 4883 3093 4960 supposita
3141 4893 3289 4941 cum
3335 4878 3581 4938 unione
3640 4893 3742 4937 ac·
3979 4951 3991 4962 ·

2201 5002 2507 5065 cidentali
2539 5001 2841 5062 asseruit.
2891 5000 3074 5059 Forte
3104 4997 3178 5058 ad
3210 4997 3376 5058 hanc
3406 4994 3742 5056 historiam
3788 4955 4085 5004 Nastomus.

2200 5120 2417 5182 allusit
2459 5118 2740 5195 Prosper
2791 5115 2857 5176 in
2926 5112 3267 5191 Epitaphio
3316 5111 3399 5172 (le
3463 5115 3744 5188 utraque

2195 5239 2458 5301 haeresi.

2282 5354 2668 5417 Nestoriana
2698 5352 2836 5413 lues
2877 5350 3153 5412 successi
3178 5348 3572 5424 Peiaqianae,

2366 5476 2504 5544 Qua-
2526 5478 2741 5533 tamen
2771 5474 2856 5532 est
2897 5476 3080 5531 utero
3117 5471 3552 5545 proqenerata
3580 5480 3746 5526 meo,

2196 5599 2208 5624 ‘⁸
2281 5591 2525 5670 Infelix
2554 5589 2805 5652 miserae
2857 5586 3150 5668 qenitrix
3195 5593 3251 5648 et
3295 5583 3442 5664 filia
3477 5588 3668 5662 natae,
3725 5617 3736 5622 ·

3849 4292 4012 4341 Error

3820 4351 4036 4418 Pelagii.
