4287 6313
402 530 487 581 51.

358 594 538 645 Variae

304 657 570 769 expggtio-
634 651 817 718 varie
883 651 1396 740 interpretantur
1455 656 1808 730 Doctores3
1871 662 1937 717 et
1987 652 2177 738 juxta
2292 650 2435 716 haec
2465 653 2700 739 rejecta
2732 664 2832 719 est
2861 655 3479 745 supra.Respondet
3509 633 3978 722 Adrianusmp

345 781 543 833 decreti

310 845 579 958 Greffiiria·

307 969 424 1020 Duo
446 946 586 1020 modi

337 1032 539 1082 dicendi

278 1094 600 1148 refelluntur.

306 3006 482 3057 Tertia
508 3006 594 3077 iii-

298 3073 596 3182 lapte-tatio

310 3146 368 3180 re
389 3132 588 3184 ellitur.

294 3750 592 3864 Goeggss'im‘

294 3877 597 3930 auctoritate

340 3940 584 3990 decrevit.

370 5398 561 5522 οιῗὲιῖιι

322 5523 625 5637 inoetssfm‘

623 372 745 436 682

723 537 839 604 His
903 537 1267 626 suppositis
1323 537 1811 605 concessionem
1880 532 2176 621 Gregorii

635 769 854 837 varios
876 770 1104 836 modos
1134 770 1390 838 dicendi
1432 774 1665 837 Doctor
1697 769 1966 837 resolvit
1999 770 2176 855 obje-

637 884 915 952 ctionem
983 888 1238 953 tertiam
1306 887 1539 953 factam
1612 898 1838 953 contra
1889 882 2179 951 definiti-

632 1021 822 1067 onem
888 1002 1411 1069 Confirmationis
1486 1023 1682 1090 supra
1737 1001 2173 1089 praemissam,

630 1117 967 1202 speciatim
1056 1118 1230 1185 illam
1307 1118 1690 1205 particulam
1750 1117 1828 1183 de
1879 1117 2178 1182 ministro

629 1230 983 1314 ordinario,
1020 1231 1131 1320 qui
1161 1232 1401 1299 dicitur
1447 1254 1593 1299 esse
1626 1231 2009 1318 Episcopus.
2046 1229 2175 1295 Ali·

629 1346 742 1432 qui
798 1368 958 1434 ergo
1011 1347 1237 1416 dicunt
1328 1348 1683 1416 indulsisse
1784 1348 2175 1433 Gregorium

630 1473 699 1526 ut
738 1462 904 1541 oleo,
988 1475 1055 1530 et
1124 1484 1253 1529 non
1294 1465 1652 1530 chrismate
1691 1462 1961 1528 linirent
2003 1462 2176 1526 fron·

629 1588 786 1658 tem,
860 1580 974 1646 sed
1038 1596 1107 1647 ut
1171 1581 1335 1648 bene
1404 1585 1658 1659 Doctor,
1723 1581 1866 1645 haec
1950 1578 2178 1643 Glossa

630 1708 959 1782 repugnat
1009 1697 1267 1765 litterae.
1303 1697 1429 1763 Alii
1462 1696 1686 1764 dicunt
1725 1695 1885 1761 nihil
1915 1715 2176 1761 conces-

636 1809 844 1892 sisse,·
907 1822 978 1878 ut
1027 1811 1255 1878 Glossa
1317 1811 1580 1894 ibidem,
1617 1812 1731 1880 sed
1799 1786 2180 1899 permisisse

632 1937 890 1992 tantum
970 1938 1040 1993 ut
1097 1927 1405 2006 facerent,
1487 1928 1600 1993 sed
1695 1927 1890 1993 etiam
1986 1948 2180 2014 repu-

634 2054 795 2130 gnat
861 2044 1098 2111 litterae
1145 2069 1160 2122 ;
1255 2065 1467 2133 neque
1498 2046 1794 2132 Gregorii
1852 2046 2178 2113 sanctitati

636 2162 1092 2247 congruebat,
1180 2173 1251 2229 ut
1322 2161 1700 2229 scandalum
1802 2162 1866 2226 in
1940 2162 2180 2248 prceJu·

634 2277 878 2343 dicium
948 2278 1243 2345 veritatis
1274 2292 1338 2344 ει
1395 2279 1711 2345 doctrinae
1742 2278 1809 2344 in
1845 2278 2180 2344 materiam

636 2393 786 2460 fidei
873 2407 938 2460 ει
1021 2395 1586 2461 Sacramentorum
1675 2395 1957 2474 timeret,
2072 2410 2185 2463 aut

636 2510 1072 2598 permitteret,
1143 2510 1315 2596 quod
1381 2511 1578 2598 longe
1635 2511 1843 2577 abfuit
1899 2511 1981 2576 ab
2029 2512 2173 2597 ejus

635 2626 1000 2693 constantia
1089 2638 1152 2693 et
1236 2625 1615 2713 vigilantia;
1708 2626 1940 2692 merito
2040 2627 2184 2691 haec

637 2740 1080 2828 exploduntur
1160 2761 1288 2807 non
1359 2741 1570 2807 solum
1630 2762 1666 2805 a
1731 2745 2024 2820 Doctore,
2070 2742 2184 2808 sed

637 2858 831 2925 etiam
867 2859 947 2926 ab
979 2858 1197 2925 Alensi
1236 2870 1301 2924 et
1336 2858 1683 2937 Richardo,
1730 2858 1841 2945 qui
1881 2857 1992 2923 illo
2042 2880 2183 2924 mo-

640 2975 758 3041 dos
796 2975 1052 3043 dicendi
1110 2975 1463 3043 adducunt.
1524 2976 1741 3041 Tertio
1790 2974 2185 3061 respondent

640 3091 902 3181 quidam
937 3115 1086 3161 eum
1126 3114 1381 3161 errasse
1413 3104 1482 3160 ut
1521 3092 1881 3175 hominem,
1918 3093 2032 3160 sed
2062 3093 2187 3160 hoc

639 3215 837 3278 etiam
876 3210 1129 3298 ,falsum
1190 3223 1253 3278 et
1306 3210 1698 3299 injuriosum
1757 3223 1878 3288 est,
1937 3230 2084 3275 nam
2126 3213 2183 3277 si

639 3342 967 3417 praetensa
1016 3327 1273 3395 decreta
1324 3328 1590 3406 Urbani,
1647 3328 1879 3396 Leonis
1936 3341 2000 3394 ει
2063 3328 2184 3394 ali—

641 3467 828 3513 orum
872 3447 939 3513 in
981 3468 1058 3513 eo
1096 3467 1294 3513 sensu
1345 3467 1475 3534 quo
1523 3468 1597 3513 ea
1638 3446 1914 3533 intelligi
1958 3446 2187 3512 volunt

646 3563 777 3641 isti,
822 3575 1188 3643 sumantur,
1242 3563 1668 3649 proculdubio
1699 3583 1829 3628 non
1873 3583 1947 3628 ea
1997 3562 2189 3649 igno-

645 3679 817 3747 ravit
871 3678 1247 3766 Gregorius,
1300 3679 1411 3766 qui
1488 3700 1687 3766 supra
1752 3681 1946 3766 epist.
1982 3682 2046 3745 9.
2087 3699 2186 3743 se-

645 3795 931 3864 cundum
974 3796 1083 3863 illa
1120 3795 1435 3874 decrevit,
1479 3807 1543 3862 et
1584 3798 1649 3863 in
1694 3797 1816 3862 hoc
1857 3796 1999 3882 ipso
2047 3796 2187 3862 loco

644 3914 954 3999 supponit
981 3935 1055 3980 ea
1097 3914 1161 3978 in
1197 3934 1319 3980 usu
1361 3912 1566 3980 veteri
1620 3915 1929 3978 Romanae
1964 3911 2188 3979 Eccle-

645 4031 787 4096 siae.
859 4033 1056 4095 Error
1114 4050 1271 4116 ergo
1347 4028 1470 4095 iste
1543 4039 1715 4095 esset
1782 4027 2188 4114 perniciosus

644 4146 983 4234 Gregori0,
1054 4159 1119 4212 et
1176 4146 1388 4234 magis
1471 4144 1926 4232 praeJudicaret
1992 4164 2186 4231 quam

644 4262 1015 4349 permissiO,
1053 4262 1205 4349 quia
1239 4262 1555 4350 processit
1593 4282 1675 4327 ex
1706 4260 1895 4346 plena
1964 4261 2190 4326 notitia

645 4380 1080 4457 decretorum,
1138 4390 1363 4445 contra
1438 4378 1735 4465 quae(ex
1814 4390 2028 4444 mente
2080 4377 2190 4443 ad·

647 4495 1086 4572 versariorum
1122 4494 1393 4582 loquor)
1435 4495 1742 4574 sancivit,
1800 4515 1929 4559 non
1985 4496 2188 4562 veluti

647 4617 713 4682 in
752 4635 825 4680 re
855 4613 1069 4680 adhuc
1108 4611 1303 4679 dubia
1334 4623 1398 4678 et
1431 4611 1773 4699 probabili,
1819 4611 1972 4697 quia
1993 4613 2192 4678 verba

647 4759 785 4806 rem
826 4749 1071 4806 certam
1102 4747 1169 4803 et
1201 4734 1633 4802 indubitatam
1675 4746 1934 4814 sonant,
1990 4748 2052 4801 et
2081 4755 2193 4800 ex-

644 4854 945 4922 ercitium
979 4850 1319 4939 potestatis
1360 4870 1708 4936 supremae.
1757 4849 2033 4915 Falsitas
2082 4869 2196 4914 au-

644 4981 775 5035 tem
834 4967 1035 5053 hujus
1094 4966 1545 5052 responsionis
1582 4964 1786 5051 'patet
1850 4985 1932 5030 ex
1969 4964 2191 5042 dictis,

646 5097 710 5154 et
749 5081 1119 5149 infirmatur
1195 5102 1507 5169 expresse
1562 5102 1643 5147 ex
1708 5081 2082 5148 Florentino
2132 5098 2197 5155 et

650 5199 1037 5282 Senonensi,
1080 5210 1144 5266 et
1172 5199 1364 5266 tacite
1395 5219 1473 5264 ex
1506 5197 1908 5277 Tridentino,
1954 5211 2025 5265 ut
2070 5219 2196 5265 cae-

651 5333 786 5386 tera
818 5317 1143 5383 omittam.

740 5437 865 5504 Alii
924 5435 1341 5522 respondent,
1394 5454 1588 5522 posse
1638 5431 2018 5500 Pontificem
2066 5433 2198 5501 dis-

655 5576 930 5644 pensare
976 5572 1123 5620 cum
1183 5552 1473 5641 quolibet
1501 5551 1907 5628 confirmato,
1944 5563 2012 5617 ut
2051 5571 2199 5639 pos-

1912 369 2053 433 LlB.
2087 372 2190 435 iv,
2222 370 2814 437 SENTENTIARUM

2291 543 2391 598 set
2439 533 2591 599 dare
2658 533 3273 616 Confirmationem;
3335 538 3448 603 sed
3489 538 3830 625 responsio
3862 562 4070 623 Quint..
4101 562 4172 674 ἐξ.

3980 632 4099 675 reta
4162 664 4172 673 .

2293 786 2420 832 non
2490 765 2665 854 loqui
2724 768 3109 854 Gregorium
3161 770 3242 837 de
3280 772 3587 838 unctione
3626 792 3837 837 sacra·

2295 883 2582 960 mentali,
2620 882 2733 949 sed
2763 886 3228 965 caeremoniali,
3274 907 3468 975 quam
3502 888 3839 973 prohibuit

2292 998 2670 1085 GregoriuS,
2716 1000 2821 1066 vel
2880 1002 2963 1066 ob
3029 1002 3417 1087 periculum,
3461 1002 3566 1069 vel
3632 1016 3829 1084 certe,

2290 1114 2443 1201 quia
2492 1134 2620 1180 non
2687 1116 2809 1182 fuit
2847 1116 3058 1183 solita.
3105 1116 3229 1184 Sed
3287 1119 3431 1185 haec
3496 1120 3837 1205 responsio
3861 1137 4158 1189 Refeuitur.

2290 1249 2419 1295 non
2449 1231 2715 1319 attingit
2753 1254 3021 1300 sensum
3051 1236 3345 1314 canonis,
3386 1256 3597 1323 neque
3638 1237 3702 1301 in
3735 1258 3831 1314 re,

2293 1366 2503 1434 neque
2536 1362 2606 1413 ut
2645 1350 3085 1416 communiter
3123 1350 3535 1437 intelligitur,
3596 1364 3666 1418 ut
3723 1372 3840 1437 pa-

2289 1475 2382 1528 tet
2418 1484 2500 1529 ex
2531 1464 2840 1530 Conciliis
2870 1466 3111 1545 citatiS,
3154 1487 3304 1553 quae
3341 1468 3419 1533 ad
3471 1468 3641 1533 hanc
3686 1471 3842 1533 Gre-

2289 1578 2460 1663 gorii
2528 1579 3081 1664 dispensationem
3167 1582 3584 1666 potissimum
3673 1583 3844 1647 allu-

2291 1692 2482 1772 dunt,
2553 1694 2708 1781 quia
2789 1715 2905 1780 per
2990 1696 3255 1763 modum
3333 1697 3846 1785 dispensationis

2290 1810 2483 1895 cujus
2532 1810 2793 1877 initium
2851 1824 2914 1877 et
2943 1812 3130 1899 origo
3175 1814 3444 1894 sciatur,
3482 1835 3612 1880 non
3645 1816 3842 1882 habe·

2293 1935 2400 1991 tur
2444 1925 2609 1991 facta
2647 1947 2682 1992 a
2713 1927 2880 1993 Sede
2908 1929 3277 2014 Apostolica
3316 1930 3488 1996 inter
3527 1952 3833 2013 canoneS,

2297 2039 2410 2125 qui
2443 2039 2708 2107 luerunt
2754 2056 2904 2108 ante
2945 2043 3419 2125 Florentinum,
3465 2046 3616 2125 alia,
3644 2067 3838 2132 quam

2292 2158 2715 2244 Gregoriana.
2754 2161 3075 2225 Praeterea
3104 2159 3195 2225 ibi
3227 2161 3584 2246 Gregorius
3632 2163 3838 2251 loqui-

2293 2284 2400 2338 tur
2423 2272 2503 2339 de
2533 2274 2839 2340 unctione
2864 2287 3118 2342 tantum
3151 2277 3216 2341 in
3246 2277 3542 2343 absentia
3573 2279 3839 2365 Episco-

2295 2388 2358 2477 pi
2401 2389 2589 2470 l'acta,
2633 2412 2827 2477 quam
2871 2412 2998 2458 non
3029 2393 3324 2459 concedit
3365 2392 3506 2459 lieri
3568 2394 3635 2459 in
3675 2416 3841 2482 prae-

2295 2513 2504 2578 sentia
2534 2513 2702 2598 ejuS‚
2749 2533 2960 2598 neque
2990 2514 3308 2594 absolute,
3373 2537 3591 2604 neque
3645 2518 3838 2585 etiam

2297 2627 2376 2693 de
2408 2627 2709 2694 mandato
2765 2629 2975 2714 ipsius
3015 2630 3361 2717 Episcopi;
3416 2653 3577 2718 ergo
3627 2643 3840 2699 textus

2297 2745 2464 2830 ejus,
2538 2755 2602 2809 ει
2656 2746 2990 2811 concessio
3039 2764 3170 2811 non
3210 2758 3425 2833 potest
3481 2748 3707 2815 referri
3755 2750 3839 2816 ad

2299 2857 2503 2924 solam
2542 2858 3088 2940 caeremonialem,
3126 2879 3275 2946 quae
3323 2858 3463 2926 fieri
3511 2864 3721 2949 potuit
3758 2884 3839 2931 ex

4252 1088 4254 1117 Ι

2255 3028 2258 3031 Α
2298 2975 2550 3041 decreta
2590 2976 2920 3061 Sylvestri.

2386 3092 2600 3159 Alium
2679 3104 2994 3180 praeterea
3061 3094 3327 3162 modum
3404 3097 3837 3185 respondendi
3865 3130 4193 3183 Sextainier·

2298 3210 2557 3277 adducit
2585 3214 2839 3289 Doctor,
2876 3211 3215 3297 supposita
3255 3213 3482 3280 Glossa
3527 3215 3791 3301 capituli
3823 3236 3839 3280 t
3903 3196 4160 3260 prexano.

2305 3329 2479 3395 Olim
2547 3328 2722 3394 idem
2796 3339 2940 3394 erat
2997 3329 3373 3416 Presbyter,
3455 3342 3517 3396 et
3571 3333 3843 3418 Episco-

2295 3466 2442 3531 pus,
2513 3456 2638 3511 etc.
2702 3443 2872 3530 quod
2933 3456 3034 3510 est
3096 3445 3474 3532 Hieronymi
3506 3446 3586 3513 ad
3627 3449 3845 3514 Titum

2299 3583 2443 3648 cap.
2485 3565 2547 3628 1.
2609 3572 2673 3627 ει
2725 3581 2806 3627 ex
2838 3561 3063 3627 Glossa
3104 3562 3170 3627 in
3217 3583 3362 3650 cap.
3405 3566 3713 3651 Leyimus
3769 3567 3848 3630 in

2300 3680 2494 3757 Isaia,
2532 3691 2656 3744 etc.
2700 3679 2859 3745 disc.
2928 3681 3036 3744 93.
3114 3680 3222 3746 ubi
3253 3679 3479 3747 Glossa
3527 3680 3737 3767 prima
3771 3683 3840 3747 in

2301 3797 2501 3862 verbo
2563 3807 2813 3883 postea,
2888 3809 2952 3862 et
3018 3797 3244 3864 Glossa
3301 3797 3503 3863 altera
3569 3799 3636 3864 in
3691 3819 3837 3884 cap.
4249 3883 4250 3890 ἵ

2305 3916 2505 3980 Olim.
2542 3916 2636 3979 lta
2665 3913 2991 4000 explicant
3039 3914 3507 4001 Hieronymum
3568 3917 3633 3981 in
3681 3916 3843 3984 locis
3886 3923 4176 3988 Responsio
4249 3899 4250 3918 Χ

2535 4031 2547 4042 .
2822 4031 2835 4044 .
2939 4030 2952 4042 .
3083 4032 3095 4043 .
3219 4031 3231 4043 .
3479 4033 3492 4045 .
3675 4033 3688 4044 ,
3869 3987 4124 4036 Doctoris
4145 4003 4190 4035 ex

2301 4030 2613 4116 prael'atiS‚
2650 4050 2836 4117 quasi
2892 4030 3128 4097 dixerit
3171 4031 3602 4098 differentiam
3674 4044 3844 4098 inter
3896 4050 4174 4113 principiis

2302 4145 2693 4230 Episcopum
2726 4157 2788 4210 et
2823 4145 3230 4212 Sacerdotem
3266 4166 3393 4211 non
3435 4147 3639 4214 fuisse
3670 4148 3842 4234 juris
3866 4112 4192 4243 ὓὲῧὲῆῃᾞ’
4249 4129 4250 4140 ¹

2302 4260 2535 4339 divini,
2569 4273 2680 4326 aut
2718 4260 2998 4340 Ordinis,
3044 4261 3156 4328 sed
3188 4274 3439 4328 tantum
3497 4283 3578 4329 ex
3628 4262 3844 4330 Eccle·
3903 4242 4166 4302 ww·
4249 4341 4250 4350 ἵ

2302 4377 2564 4443 siastica
2603 4377 2943 4458 electione,
2988 4398 3114 4465 qua
3149 4398 3317 4445 unus
3347 4401 3429 4446 ex
3505 4381 3847 4466 Presbyte-

2303 4496 2396 4560 ris
2426 4495 2815 4562 constitutus
2845 4508 3162 4581 estsuper
3202 4496 3489 4582 reliquos
3519 4498 3597 4564 ad
3629 4497 3848 4563 exclu-

2305 4611 2592 4678 dendum
2653 4612 2964 4677 schisma.
3058 4612 3249 4687 Quod
3304 4614 3366 4678 si
3428 4615 3571 4694 hoc,
3639 4614 3849 4700 inquit

2307 4733 2565 4807 Doctor,
2601 4738 2695 4793 est
2739 4748 2988 4810 verum,
3037 4729 3397 4816 Greqorius
3445 4730 3604 4796 bene
3634 4733 3853 4817 potuit

2308 4846 2461 4910 illos
2490 4844 2879 4911 Sacerdotes
2915 4846 3235 4931 subjectos
3274 4848 3606 4912 Ianuario
3655 4849 3851 4913 licen·

2309 4963 2484 5026 ciare
2571 4961 2660 5026 ad
2730 4961 3345 5043 Confirmationem,
3403 4974 3527 5028 eto.
3574 4964 3724 5051 quia
3757 4963 3853 5029 sic

2312 5089 2560 5142 tantum
2630 5075 3040 5161 dispensaret
3096 5076 3162 5141 in
3214 5077 3365 5162 jure
3419 5078 3701 5165 positivo
3757 5099 3855 5144 ec-

2310 5193 2696 5271 clesiastico,
2728 5213 2846 5258 nec
2864 5193 3190 5258 conferret
3222 5192 3349 5257 illis
3380 5192 3650 5280 aliquid,
3680 5195 3851 5281 quod

2312 5310 2470 5377 alias
2506 5311 2656 5396 jure
2684 5308 2759 5398 {et
2799 5308 3214 5376 institutione
3280 5308 3674 5399 divina-‘non
3707 5331 3855 5378 con-
4249 5303 4255 5462 ι

2315 5426 2590 5492 veniret.

2323 5568 2328 5574 ’
2403 5547 2578 5610 Hanc
2634 5543 3128 5630 responsionem
3186 5562 3326 5610 non,
3389 5554 3565 5610 recte
3609 5543 3849 5611 intelli-
