4287 6313
578 312 696 376 606
1826 313 1972 375 LlB.
2022 314 2121 375 lv.
2168 311 2770 378 sssN'rEN'rmRUM

3603 494 3787 546 cum
3948 490 4047 542 18.

2352 473 2453 544 Et
2560 476 2751 545 tunc
2872 472 2969 545 ad
3072 472 3505 555 rationem,

2246 586 2572 670 dicitur,
2620 594 2761 662 aut
2793 593 2917 663 est
2956 588 3386 681 dispositio
3417 610 3517 663 ex
3558 594 3790 681 parte
3838 552 4134 672 ῗῗὲἔῆῗιῖ

2251 704 2468 794 passi
2502 704 2628 776 vel
2671 705 3017 794 agentis,
3086 705 3559 797 respondeo,
3624 724 3789 777 non
3851 676 4136 804 (ιῖξὲοὲξο

2243 820 2587 910 agentis,
2663 820 2896 910 quasi
2931 822 3039 894 sit
3094 822 3499 914 quoddam
3533 840 3780 913 agens
3868 818 3935 852 ⁶¹
3963 806 4124 871 ΡΨ*

3845 878 3999 915 susce
4043 862 4155 912 tivi.

2250 934 2597 1007 medium
2668 935 2886 1010 inter
2938 936 3293 1030 primum
3367 957 3616 1030 agens
3699 943 3780 1012 et
4002 879 4041 928 p

297 472 530 586 hffiffnssb
588 477 740 554 ter,
841 494 999 546 non
1091 473 1628 564 distinguitur
1740 473 1838 544 ab
1949 473 2134 545 aliis

239 597 562 712 nilglffieri-
589 591 1147 673 sanctificatis,
1193 611 1367 682 quae
1417 610 1579 662 non
1633 595 1973 683 possunt
2019 610 2134 662 re·

586 708 859 800 cipere
901 707 1423 780 sanctitatem
1470 704 1965 787 formaliter,
2003 727 2133 776 cu-

577 824 934 917 jusmodi
1043 828 1230 897 sunt
1338 823 1498 897 ista
1619 827 2127 905 consecrata,

586 941 802 1016 calix
886 944 967 1014 et
1048 939 1536 1033 hujusmodi.
1624 938 2130 1032 Respondeo,

316 3606 504 3658 Contra

322 3668 465 3735 Epist
474 3706 487 3718 .

316 3731 484 3783 Fund.

588 1057 793 1149 quod
852 1055 1095 1129 homo
1156 1055 1233 1130 in
1289 1056 1449 1131 ista
1490 1056 1948 1147 negatione,
1986 1054 2134 1128 sci-

588 1172 779 1246 licet
851 1196 987 1242 non
1064 1178 1361 1262 recipere
1410 1177 1830 1241 sanctitatem
1876 1176 2131 1259 forma-

586 1291 761 1373 liter,
807 1308 971 1363 non
1021 1287 1555 1379 distinguitur
1605 1287 1703 1360 ab
1756 1286 1946 1372 illis,
2000 1287 2132 1361 sed

583 1404 1119 1497 distinguitur
1173 1405 1252 1476 in
1293 1403 1446 1478 hoc
1481 1405 1686 1496 quod
1718 1407 1841 1477 est
1875 1424 2132 1496 capax

583 1544 745 1596 non
807 1522 1070 1596 solum
1123 1523 1593 1597 sanctitatis
1636 1519 2128 1602 formaliter,

586 1640 719 1712 sed
760 1639 1321 1732 dispositionis
1373 1640 1469 1712 ad
1520 1659 1738 1720 eam;
1794 1639 1956 1712 ista
1998 1658 2132 1711 au-

587 1763 751 1832 tem
803 1777 996 1831 non.
1062 1761 1163 1831 Et
1214 1757 1283 1830 si
1335 1778 1496 1830 non
1550 1757 1894 1849 recipiat
1940 1756 2135 1829 illud

586 1875 969 1948 ultimum
1053 1879 1392 1967 propter
1469 1872 2134 1965 impedimentum

588 2011 686 2063 ex
756 1993 990 2082 parte
1040 1990 1241 2082 ejus,
1288 1992 1563 2062 tamen
1626 1989 1915 2081 recipit
1986 1987 2134 2061 dis-

591 2105 1080 2198 positionem
1161 2107 1576 2199 praeviam.

679 2223 794 2296 Ad
855 2223 1083 2295 illam
1164 2223 1570 2296 rationem
1633 2221 1984 2314 primam
2044 2221 2136 2293 de

589 2341 1077 2414 necessitate
1118 2339 1462 2433 ponendi
1505 2340 1769 2432 plura,
1807 2357 2139 2430 respon-

586 2458 757 2541 de0,
820 2457 1028 2549 quod
1115 2456 1272 2529 etsi
1360 2475 1522 2529 non
1593 2454 1854 2547 possit
1924 2454 2136 2527 istud

587 2574 1005 2652 evidenter
1080 2572 1548 2647 necessario
1632 2570 1967 2664 probari
2037 2590 2134 2640 ex

589 2690 946 2772 creditis,
982 2691 1258 2762 tamen
1304 2688 1643 2782 ponendi
1686 2686 2135 2760 necessitas

588 2811 713 2880 est
772 2805 967 2887 haec,
1042 2805 1231 2898 quia
1300 2805 1663 2878 Ecclesia
1740 2802 1996 2896 ponit,
2055 2806 2137 2875 et

589 2922 1148 3014 congruentiae
1246 2923 1430 2993 sunt
1527 2919 1804 3013 quales
1908 2919 2134 3011 prius

588 3040 947 3114 adductae
990 3043 1205 3113 sunt.
1241 3040 1407 3111 Nec
1439 3037 1656 3110 valet
1707 3055 2135 3128 argumen-

590 3161 763 3231 tum
811 3154 1305 3246 negativum,
1347 3152 1414 3226 si
1464 3175 1609 3227 nec
1662 3151 2131 3245 Dionysius,

588 3292 732 3347 nec
819 3275 1401 3355 Damascenus,
1510 3291 1710 3363 ergo
1817 3268 2130 3351 nullus;

592 3389 891 3462 sufficit
942 3391 1158 3462 enim
1210 3388 1666 3463 auctoritas
1718 3385 2128 3467 Ecclesiae,

594 3506 784 3598 quia
845 3505 1351 3598 Augustinus
1396 3503 1487 3576 de
1534 3502 1901 3576 moribus
1972 3504 2136 3575 Ma·

593 3622 1094 3696 nichaeorum
1139 3648 1154 3692 :
1200 3623 1570 3711 Evanqelio
1606 3644 1743 3689 non
1773 3621 2129 3702 crederem,

592 3744 730 3808 nisi
758 3741 1092 3809 crederem
1138 3741 1474 3807 Ecclesiae.

681 3857 795 3929 Ad
854 3855 1097 3927 aliam
1164 3854 1593 3935 rationem,
1641 3873 1815 3945 quae
1860 3872 2135 3944 proce-

588 3972 703 4046 dit
752 3994 849 4046 ex
907 3972 1163 4045 medio
1215 3974 1517 4053 eodem,
1566 3968 1879 4042 scilicet
1931 3967 2136 4059 quod

584 4089 791 4162 nihil
862 4088 1314 4181 ponendum
1388 4091 1513 4160 est
1607 4085 1948 4166 frustra,
2018 4104 2136 4155 re-

588 4206 967 4297 sponde0,
1050 4204 1259 4297 quod
1342 4203 1537 4276 licet
1612 4204 1702 4275 de
1772 4201 2139 4294 potentia

585 4322 962 4396 absoluta
998 4322 1273 4414 posset
1305 4323 1522 4394 Deus
1555 4339 1899 4394 causare
1951 4337 2138 4411 gra-

588 4438 817 4524 tiam,
879 4460 1053 4532 quee
1104 4443 1230 4512 est
1274 4436 1752 4531 principalis
1800 4436 2138 4510 effectus

590 4555 1020 4650 Baptismi,
1116 4561 1196 4629 et
1300 4554 1549 4627 etiam
1649 4554 1836 4626 illos
1932 4553 2139 4625 alios

587 4674 924 4749 effectus
981 4672 1368 4767 proprios
1430 4670 1899 4761 assignatos
1961 4670 2139 4743 cha-

591 4790 923 4873 racteri,
987 4790 1298 4864 scilicet
1401 4786 1892 4870 assimilare,
1981 4790 2137 4860 etc.

592 4910 764 4982 sine
824 4906 974 4983 tali
1028 4906 1299 4979 forma
1343 4903 1744 4986 absoluta,
1790 4923 1963 4994 quae
2010 4921 2142 4994 po-

587 5026 818 5099 nitur
867 5024 1331 5106 character,
1375 5026 1653 5096 tamen
1713 5020 1804 5092 de
1870 5022 2146 5112 poten-

590 5142 709 5215 tia
762 5142 1139 5215 ordinata
1194 5143 1547 5221 tenetur,
1613 5136 1821 5229 quod
1860 5138 2143 5209 causat

595 5258 780 5331 illos
811 5258 1149 5331 effectus
1193 5256 1591 5328 mediante
1634 5253 1796 5326 ista
1838 5248 2136 5333 forma,

590 5379 670 5449 et
710 5394 1072 5466 congrue
1134 5378 1475 5466 propter
1524 5369 1889 5444 rationes
1940 5389 2141 5459 pree-

590 5493 877 5566 dictas.

2248 1072 2577 1145 passum
2615 1080 2630 1135 ;
2679 1075 2840 1127 non
2871 1056 3087 1128 enim
3133 1076 3342 1149 pono
3392 1056 3803 1131 characte-

2252 1193 2424 1244 rem
2458 1172 2756 1245 habere
2782 1173 3143 1267 aliquam
3182 1175 3576 1250 virtutem
3608 1176 3805 1249 acti-

2248 1306 2433 1360 vam
2470 1295 2842 1383 respectu
2885 1291 3178 1382 gratiae
3210 1292 3803 1373 causandae,sed

2247 1403 2502 1476 Deum
2544 1406 3092 1479 assistere-illi
3127 1411 3514 1499 tanquam
3567 1407 3804 1498 signo

2246 1521 2635 1595 invisibili
2720 1524 2815 1596 ad
2874 1525 3381 1596 causandum
3415 1523 3803 1615 gratiam,

2248 1657 2489 1728 quam
2586 1638 2884 1729 signat,
2967 1641 3388 1713 recedente
3466 1639 3797 1733 impedi-

2251 1758 2524 1827 mento
2602 1755 2773 1828 sive
2848 1755 3070 1829 obice
3138 1757 3613 1831 inhaerente.
3662 1760 3806 1829 Est

2245 1889 2444 1962 ergo
2495 1870 2928 1963 dispositio
3013 1894 3112 1946 ex
3193 1878 3429 1966 parte
3536 1895 3798 1946 susce·

2254 1986 2480 2078 ptivi,
2566 1988 2756 2078 quia
2811 1993 2935 2063 est
2977 1988 3248 2062 forma
3314 1991 3563 2081 prior,
3622 1990 3791 2063 sine

2250 2122 2410 2194 qua
2459 2122 2620 2174 non
2699 2104 3100 2196 recipitur
3195 2106 3468 2178 forma
3534 2111 3795 2198 poste·

2261 2220 2465 2301 rior,
2501 2241 2660 2293 non
2713 2223 3031 2314 quidem
3099 2224 3334 2316 quasi
3416 2224 3523 2298 sit
3589 2223 3803 2297 ratio

2262 2336 2707 2429 susceptivi
2821 2344 3197 2430 respectu
3268 2338 3793 2431 posterioris,

2255 2452 2393 2526 sed
2442 2453 2652 2544 quod
2694 2453 2926 2547 prius
2972 2454 3193 2537 insit,
3231 2476 3471 2547 quam
3540 2460 3811 2549 poste-

2257 2568 2492 2652 rior;
2542 2590 2703 2643 non
2747 2570 3237 2662 simpliciter
3310 2573 3804 2656 necessariO,

2252 2687 2386 2759 sed
2418 2688 2920 2770 necessario,
2960 2691 3512 2782 comparando
3545 2691 3640 2762 ad
3677 2711 3809 2783 po·

2249 2803 2593 2876 tentiam
2657 2805 3161 2878 ordinariam
3246 2807 3566 2896 agentis
3627 2826 3806 2879 cau-

2249 2919 2505 2993 santis
2556 2924 2987 3013 utramque
3062 2917 3449 2993 formam.

2359 3038 2461 3109 Et
2492 3057 2677 3109 cum
2709 3036 3010 3112 dicitur
3041 3037 3508 3130 ultr0,quod
3540 3042 3814 3131 posset

2249 3149 2593 3228 effectus
2618 3153 3019 3247 Baptismi
3043 3152 3326 3228 haberi
3347 3176 3494 3249 per
3532 3176 3811 3229 veram

2251 3270 2834 3363 poenitentiam,
2871 3272 3047 3345 dico
3082 3272 3289 3365 quod
3319 3273 3411 3345 de
3463 3274 3814 3366 potenti-

2250 3388 2367 3462 tia
2421 3389 2805 3464 ordinata
2863 3409 3042 3462 non
3076 3394 3345 3482 potest
3377 3394 3811 3465 secundum

2252 3505 2506 3578 istam
2583 3506 3048 3598 opinionem
3099 3504 3381 3579 haberi
3452 3507 3817 3599 perfecta

2252 3621 2717 3695 innocentia
2758 3624 2935 3695 sine
2961 3622 3159 3696 talis
3176 3641 3407 3694 orma
3431 3623 3817 3697 intrinse-

2250 3756 2366 3819 ca,
2420 3738 2553 3811 cui
2584 3740 2798 3812 Deus
2831 3739 3150 3813 assistit
3193 3740 3288 3812 ad
3313 3740 3559 3814 talem
3602 3741 3816 3812 inno-

2250 3854 2602 3929 centiam
2669 3856 3184 3928 causandam.

2335 3971 2452 4043 Ad
2508 3970 2672 4053 illa,
2738 3991 2912 4063 quae
2958 3969 3462 4063 objiciuntur
3490 3974 3583 4046 de
3623 3972 3810 4045 aliis

2249 4086 2701 4169 effectibus,
2773 4092 2967 4181 puta
3012 4090 3105 4160 de
3145 4088 3668 4163 distinctione
3731 4092 3810 4162 et

2251 4204 2844 4278 assimilatione
2888 4259 2906 4289 ,
2996 4210 3276 4298 patet,
3381 4207 3583 4297 quod
3653 4206 3809 4280 etsi

2251 4319 2624 4392 absolute
2701 4318 3116 4394 distinctio
3167 4328 3248 4397 et
3318 4322 3808 4397 assimilatio

2255 4441 2586 4529 possent
2636 4457 2816 4508 esse
2876 4457 3022 4528 per
3054 4444 3331 4513 actum
3381 4442 3808 4512 transeun-

2253 4557 2420 4627 tem
2479 4553 2560 4626 in
2620 4553 3162 4644 praeteritum,
3207 4558 3490 4628 tamen
3550 4556 3812 4648 perfe-

2252 4669 2462 4743 ctius
2523 4673 2605 4743 et
2687 4671 2948 4761 magis
3003 4689 3361 4763 congrue
3422 4675 3614 4745 sunt
3666 4691 3813 4764 per

2253 4786 2612 4878 aliquam
2679 4785 3037 4860 formam
3096 4788 3572 4862 derelictam
3623 4792 3810 4882 post

2255 4906 2542 4977 actum
2603 4906 3189 4977 transeuntem.

2345 5019 2910 5093 Consimiliter
2942 5022 3036 5092 ad
3082 5020 3275 5095 illud
3305 5022 3397 5094 de
3445 5022 3814 5115 obligati-

2260 5156 2410 5208 one
2498 5157 2637 5208 seu
2703 5137 3385 5228 configuratione,
3487 5140 3675 5232 quia
3743 5143 3813 5215 si

2256 5251 2500 5324 homo
2582 5253 2994 5346 recipiens
3080 5254 3551 5346 homagium
3613 5258 3814 5331 alte-

2261 5372 2456 5451 rius,
2489 5370 2623 5442 vel
2657 5372 3017 5462 praelatu
3063 5393 3097 5444 s
3131 5373 3534 5465 recipiens
3558 5375 3810 5447 alium

2259 5487 2357 5559 ad
2428 5487 3051 5579 professionem,
3119 5494 3396 5581 posset
3449 5490 3810 5584 aliquam
