4287 6313
622 410 740 474 276

640 573 749 631 sed
804 575 1482 634 circumstantionatam
1528 575 1766 643 verbis,
1827 578 1897 630 ut
1954 572 2189 632 funda-

639 678 942 744 mentum,
1012 679 1072 733 et
1119 675 1462 733 secundum
1510 675 1691 741 hanc,
1738 675 1944 733 teneri
1985 678 2188 746 potest

641 771 922 829 definitio
996 776 1299 846 Magistri.
1384 775 1593 830 Prima
1668 775 1867 845 magis
1937 774 2181 846 placet3

640 877 837 935 parva
866 864 964 919 vis
1017 868 1108 922 est
1141 868 1277 921 utra
1322 867 1629 921 teneatur.

736 1054 1093 1125 Secundo
1214 1052 1779 1145 principaliter
1861 1053 1980 1142 (c)
2058 1055 2183 1125 est

642 1169 1087 1253 videndum,
1151 1191 1253 1241 an
1305 1170 1473 1243 haec
1528 1170 1635 1243 sit
1677 1170 1851 1261 ejus
1911 1169 2185 1241 defini-

639 1286 781 1366 tio,
866 1305 1104 1378 quam
1201 1286 1427 1380 ponit
1522 1286 1943 1378 Magister.
2030 1286 2181 1357 Ubi

640 1402 1080 1474 notandum
1122 1406 1274 1483 est,
1312 1403 1515 1495 quod
1576 1402 1881 1474 duobus
1925 1401 2181 1473 modis

641 1519 909 1608 potest
977 1517 1069 1588 de
1157 1516 1680 1591 fundamento
1751 1517 2180 1590 relationis

641 1633 851 1724 poni,
919 1653 1159 1725 quam
1224 1634 1620 1726 importat
1678 1634 2176 1726 Baptismus,

637 1749 813 1820 Uno
881 1751 1139 1832 modo,
1208 1752 1412 1842 quod
1464 1750 1606 1823 illa
1655 1751 2033 1823 fundetur
2097 1751 2180 1822 in

636 1869 813 1939 toto
874 1865 1060 1949 istc,
1124 1865 1433 1939 scilicet
1477 1867 1894 1940 ablutione
1935 1868 2182 1939 simul

635 1987 716 2057 et
766 1984 1064 2065 verbis,
1120 1987 1508 2075 tanquam
1561 1984 1641 2054 in
1694 2004 1851 2056 uno
1904 1983 2179 2057 funda-

642 2106 964 2182 mento;
1012 2105 1091 2174 et
1141 2098 1290 2173 hoc
1335 2101 1458 2173 est
1517 2100 1713 2173 bene
1764 2100 2176 2193 possibile,

639 2238 801 2290 non
881 2217 1254 2291 obstante
1334 2217 1645 2291 unitate
1712 2218 1913 2309 ejus,
1995 2237 2180 2290 cum

640 2335 745 2406 sit
825 2333 1119 2406 relatio
1211 2334 1584 2406 rationis.
1672 2334 1852 2407 Alio
1916 2336 2174 2417 modo,

640 2453 843 2544 quod
911 2451 1086 2541 eius
1158 2452 1767 2524 fundamentum
1840 2453 1947 2525 sit
2006 2454 2181 2525 sola

633 2567 965 2649 ablutio,
1016 2567 1214 2649 sola,
1254 2569 1610 2660 inquam,
1652 2568 1726 2640 id
1774 2573 1922 2650 est,
1977 2568 2178 2642 nihil

636 2684 851 2756 aliud
904 2682 1201 2766 fundet,
1231 2705 1484 2776 neque
1539 2689 1623 2758 ut
1678 2689 1940 2758 totum
2005 2684 2181 2757 fun-

633 2789 1123 2881 damentum,
1179 2820 1436 2891 neque
1497 2804 1580 2872 ut
1639 2820 1828 2892 pars
1911 2799 2181 2874 funda-

639 2914 932 2997 menti;
983 2916 1113 2988 sed
1178 2936 1336 2987 non
1394 2916 1592 2996 sola,
1662 2916 1734 2988 id
1789 2921 1936 2999 est,
2002 2918 2180 3010 ipsa

638 3033 810 3104 sine
937 3033 1567 3125 quibuscumque
1699 3032 1930 3116 aliis;
2014 3034 2176 3106 imo

638 3153 973 3240 oportet
1028 3170 1239 3235 ‚eam
1316 3149 1614 3222 habere
1694 3149 1949 3223 multa
2015 3149 2178 3224 alia

635 3263 1296 3347 concomitantia,
1362 3264 1457 3335 ad
1514 3262 1665 3336 hoc
1724 3268 1811 3337 ut
1876 3264 2173 3348 fundet,

631 3379 947 3453 scilicet
1029 3384 1107 3451 et
1158 3379 1364 3471 quod
1433 3380 1542 3453 sit
1601 3401 1646 3451 a
1705 3382 1852 3454 tali
1897 3381 2176 3454 minis-

633 3502 763 3571 tro
864 3494 1000 3567 ‘sic
1116 3496 1616 3578 intendente;
1727 3517 1873 3569 nec
1964 3498 2177 3572 istud

625 3619 748 3687 est
821 3612 1425 3697 inconveniens,
1483 3615 1689 3705 quod
1752 3618 2173 3706 respectus

623 3731 830 3803 tales
935 3731 1397 3824 praecedant
1475 3730 1558 3802 in
1643 3731 2171 3803 fundamento

629 3850 1114 3924 relationem
1261 3850 1636 3932 rationiS,
1782 3855 2176 3940 tanquam

632 3966 1213 4059 praesuppositi
1272 3966 1393 4038 illi
1464 3964 1847 4037 relationi
1925 3966 2171 4037 ratio·

634 4082 784 4154 nis.
885 4084 985 4156 Et
1086 4083 1200 4156 sic
1303 4082 1383 4154 in
1488 4081 1648 4154 ista
1761 4079 2177 4153 ablutione

636 4197 1013 4291 praecedit
1090 4198 1471 4272 habitudo
1539 4197 1636 4269 ad
1685 4196 1932 4268 verba
1991 4216 2179 4269 con-

635 4314 1140 4394 comitantia,
1203 4318 1285 4386 et
1352 4313 1446 4384 ad
1520 4331 1951 4404 personam
2009 4332 2177 4382 sus-

632 4431 1068 4524 cipientem
1145 4429 1616 4521 aliqualiter
1675 4427 2179 4501 consentien-

631 4551 819 4629 tem,
900 4551 980 4621 et
1070 4545 1186 4618 sic
1262 4545 1341 4617 in
1413 4544 1786 4615 omnibus
1855 4541 2178 4615 relatio·

623 4664 859 4737 nibus
958 4663 1253 4738 talibus
1355 4660 1986 4755 praecedentibus
2097 4659 2180 4731 in

627 4782 1153 4856 fundamento
1217 4781 1331 4854 sic
1384 4781 1646 4852 relato
1714 4800 1854 4872 per
1927 4777 2173 4871 ipsas,

631 4905 903 4991 posset
963 4900 1148 4993 poni
1227 4898 1711 4971 relationem
1775 4895 2177 4987 significa-

621 5017 871 5089 tionis
928 5016 1172 5096 illius,
1238 5035 1480 5108 quam
1533 5013 1932 5106 importat
1972 5012 2175 5104 Bap-

622 5132 943 5214 tismuS‚
1007 5132 1357 5204 fundari.

711 5250 793 5324 Si
862 5248 1220 5343 primum
1283 5246 1635 5318 istorum
1699 5262 2167 5336 poneretur,

626 5372 817 5440 tunc
868 5385 1049 5437 cum
1111 5363 1191 5434 in
1233 5361 1695 5434 definitione
1737 5360 2174 5434 accidentis

628 5480 708 5551 in
752 5481 1161 5555 concreto,
1219 5478 1572 5566 ponatur
1624 5478 1888 5546 totum
1941 5492 2176 5544 suum

628 5595 1106 5690 subjectum,
1176 5596 1256 5665 et
1332 5611 1491 5662 non
1554 5611 1744 5684 pars
1804 5587 2171 5680 praecise,

1775 407 1920 473 LIB.
1955 405 2058 472 IV.
2089 407 2687 474 SENTENTIARUM

2298 571 2507 645 sicut
2547 592 2692 645 nec
2753 571 3019 666 ipsum
3068 569 3150 644 in
3201 574 3585 646 concreto
3638 589 3839 663 prae-

2293 691 2614 764 dicatur
2660 692 2751 764 de
2814 697 3046 785 parte
3099 692 3224 764 sui
3286 690 3652 784 subjecti,
3710 688 3842 762 sed

2292 808 2384 881 de
2439 813 2636 890 toto,
2680 830 2840 882 non
2880 815 3095 883 esset
3137 809 3632 902 Baptismus,
3674 806 3843 878 sive

2296 927 2914 1000 Sacramentum
3001 925 3426 1020 Baptismi‚
3497 924 3833 1003 ablutio,

2295 1039 2428 1111 sed
2470 1040 2777 1114 ablutio
2847 1044 2927 1114 et
2974 1040 3224 1114 verba
3286 1042 3550 1113 simul.
3617 1037 3839 1115 Sicut

2294 1178 2335 1229 e
2378 1177 2800 1241 converso,
2865 1155 3174 1231 ablutio
3217 1176 3377 1228 non
3417 1160 3633 1229 esset
3696 1154 3843 1225 Ba·

2295 1273 2672 1366 ptismus,
2715 1275 2901 1367 quia
2947 1274 3252 1348 ablutio
3308 1273 3482 1346 sola
3523 1292 3684 1344 non
3716 1274 3840 1344 est

2300 1391 2752 1483 subjectum
2837 1391 2965 1463 vel
3033 1390 3643 1463 fundamentum
3703 1386 3839 1458 hu-

2285 1509 2421 1599 Jus
2500 1508 2951 1591 relationis,
3032 1509 3162 1582 sed
3239 1508 3475 1580 ambo
3566 1505 3837 1585 simul,

2292 1624 2604 1699 scilicet
2645 1625 2953 1698 ablutio
2996 1629 3076 1698 et
3117 1624 3405 1706 verba;
3462 1642 3659 1714 ergo
3696 1643 3839 1694 nec

2294 1744 2647 1817 alterum
2700 1763 2985 1816 eorum
3052 1742 3622 1815 denominatur
3701 1760 3844 1833 per

2295 1882 2380 1933 se
2421 1859 2520 1932 ab
2562 1858 2754 1932 alio.

2380 1977 2461 2050 Si
2530 1981 2801 2050 autem
2871 1976 3304 2049 secundum
3367 1979 3834 2070 poneretur,

2294 2097 2483 2166 tunc
2519 2093 2724 2167 sicut
2784 2093 2876 2166 de
2918 2093 3328 2166 ablutione
3386 2091 3841 2166 denomina-

2293 2209 2457 2283 tive
2501 2210 3092 2303 praedicaretur
3165 2209 3525 2282 definitio
3569 2206 3840 2302 Bapti-

2294 2328 2446 2400 smi
2486 2327 2707 2416 (licet
2766 2328 2907 2399 illa
2966 2328 3273 2402 ablutio
3327 2327 3842 2419 intelligatur

2291 2444 3120 2519 circumstantionata
3209 2446 3490 2520 multis
3571 2444 3842 2518 relati·

2296 2562 2577 2634 onibus
2628 2562 2952 2645 talibus,
2998 2565 3092 2636 ad
3135 2563 3285 2635 hoc
3331 2568 3421 2637 ut
3466 2562 3616 2636 sibi
3664 2582 3842 2637 con-

2292 2679 2564 2754 veniat
2596 2681 2736 2753 illa
2817 2681 3181 2772 relatio),
3238 2682 3353 2755 sic
3430 2686 3508 2755 et
3569 2703 3611 2754 e
3661 2700 3846 2753 con-

2293 2816 2533 2869 verso
2596 2796 2677 2867 in
2743 2797 3205 2872 definitione
3260 2798 3499 2889 hujus
3570 2796 3845 2871 relati-

2297 2914 2471 2985 onis
2535 2915 2612 2986 in
2672 2921 3055 2991 concreto
3127 2920 3520 3009 acceptae,
3569 2919 3843 3009 posset

2296 3027 2481 3119 poni
2521 3031 2773 3098 ablutio
2807 3031 3311 3103 solummodo
3358 3031 3436 3103 in
3474 3034 3724 3113 recto,
3761 3037 3842 3105 et

2293 3145 2567 3218 omnia
2628 3146 2790 3220 alia
2858 3148 2938 3220 in
3009 3148 3358 3243 obliquo,
3426 3171 3605 3223 curn
3680 3150 3840 3244 qui-

2288 3261 2622 3334 busdam
2671 3265 3486 3339 determinationibus
3541 3266 3839 3358 signifi-

2291 3377 2658 3450 cantibus
2704 3379 2842 3451 illa
2882 3381 3451 3463 determinare,
3491 3382 3659 3456 sive
3692 3384 3841 3457 cir-

2288 3493 2884 3566 cumstantiare
2919 3494 3179 3587 ipsam
3220 3496 3740 3569 ablutionem.

2381 3609 2740 3682 Istorum
2800 3612 3143 3683 duorum
3215 3612 3571 3704 primum
3623 3612 3835 3685 vide-

2293 3730 2526 3798 retur
2554 3726 2853 3809 verius,
2893 3728 3080 3820 quia
3112 3729 3359 3802 verba
3389 3749 3549 3801 non
3580 3730 3836 3801 viden·

2291 3845 2429 3913 tur
2511 3865 2689 3916 esse
2776 3844 3266 3938 simpliciter
3344 3846 3835 3928 necessaria,

2289 3959 2446 4031 nisi
2485 3965 2757 4034 essent
2794 3962 3140 4053 signum,
3185 3965 3312 4036 vel
3351 3984 3542 4057 pars
3580 3965 3836 4056 signi;

2293 4077 2361 4149 si
2426 4082 2696 4151 tamen
2781 4080 3220 4162 diceretur,
3287 4082 3491 4173 quod
3570 4089 3843 4157 essent

2294 4196 2652 4285 quaedam
2729 4198 3295 4272 determinatio
3410 4200 3664 4292 ipsius
3769 4221 3843 4272 a-

2290 4310 2704 4395 blutionis,
2744 4334 2917 4406 quae
2951 4320 3080 4388 est
3124 4317 3475 4407 signum,
3546 4321 3627 4392 et
3677 4314 3840 4388 suf-

2294 4426 2458 4502 ficit
2528 4430 2722 4504 illud
2800 4452 3098 4524 ponere
3162 4433 3508 4525 signum,
3583 4435 3840 4526 magis

2297 4566 2535 4636 quam
2592 4550 2770 4631 duo,
2822 4551 3131 4642 quando
3205 4551 3285 4624 in
3352 4573 3511 4624 uno
3573 4556 3842 4645 potest

2297 4663 2642 4735 inveniri
2724 4666 2936 4738 ratio
3031 4666 3445 4739 sufficiens
3543 4667 3843 4759 signifi-

2292 4779 2545 4861 candi,
2592 4780 2895 4853 ablutio
2963 4788 3238 4856 autem
3306 4784 3676 4857 exterior
3718 4805 3840 4856 sa-

2296 4895 2401 4968 tis
2472 4901 2736 4987 potest
2798 4899 2981 4989 poni
3026 4898 3488 4990 significare
3548 4901 3836 4974 abluti-

2297 5031 2529 5083 onem
2611 5012 3120 5095 interiorem,
3204 5013 3355 5087 hoc
3448 5016 3837 5109 ponendo,
3913 5026 4161 5079 Definitio

2296 5131 2571 5216 posset
2630 5128 2819 5220 poni
2885 5127 3076 5202 talis
3120 5129 3332 5202 ratio
3404 5130 3833 5222 Baptismi‚

2295 5243 2499 5333 quod
2595 5247 2973 5332 Baptismus
3053 5259 3145 5312 est
3211 5248 3463 5314 ablutio
3549 5250 3840 5315 hominis

2292 5363 2684 5447 aliqualiter
2757 5365 3248 5443 consentienti-5,
3311 5367 3498 5449 facta
3552 5365 3633 5431 ab
3698 5367 3837 5431 alio

2293 5481 2365 5543 ¹in
2423 5500 2618 5565 aqua,
2664 5478 2865 5544 simul
2904 5480 3098 5544 verba
3139 5491 3315 5546 certa
3362 5502 3506 5546 cum
3558 5482 3839 5548 intenli-

2291 5615 2413 5658 one
2469 5594 2688 5659 debita
2747 5597 3158 5680 proferente,
3228 5597 3626 5684 siqnificans
3682 5599 3833 5684 effi-

3892 5090 4149 5157 Baptismi
4162 5132 4180 5147 .
