4287 6313
620 387 740 450 574

622 568 814 616 versa
861 553 945 615 ab
993 553 1158 626 aliis,
1210 557 1279 615 et
1322 556 1399 614 ut
1441 553 1583 631 ipsa
1632 553 1973 631 copulatur
2022 568 2171 614 cum

623 685 745 734 suo
779 675 952 744 actu,
986 686 1108 732 seu
1151 674 1341 732 actus
1366 685 1516 731 cum
1544 671 1710 747 ipsa.

400 801 481 853 16.
708 788 848 849 Haec
893 790 1117 847 autem
1171 787 1447 848 intentio
1500 789 1734 865 nequit
1789 785 2172 859 subsistere,

624 902 749 964 nisi
777 879 1097 965 motivum
1147 905 1293 983 ejus
1338 904 1555 982 aliquo
1604 904 1802 966 modo
1835 903 2172 976 subsistat,

625 1020 808 1099 quod
854 1025 956 1083 est
1014 1019 1442 1083 ministerium
1502 1021 1793 1096 Sacrum,
1860 1029 1970 1083 aut
2016 1035 2171 1084 con-

622 1138 796 1213 fuse,
843 1147 955 1203 aut
987 1142 1310 1219 explicata
1340 1142 1651 1204 volitione
1693 1142 1911 1221 aliquo
1947 1141 2173 1215 mod0‚

622 1262 690 1318 et
717 1257 844 1320 hoc
888 1273 969 1319 ex
1015 1259 1427 1320 institutione
1471 1257 1725 1333 Christi,
1770 1272 1904 1320 non
1961 1256 2203 1319 solum‘

624 1389 769 1453 quae
835 1374 1101 1452 respicit
1171 1391 1278 1437 res
1324 1381 1391 1438 et
1429 1376 1655 1450 verba,
1722 1375 1872 1453 quia
1941 1374 2177 1436 horum

621 1492 936 1555 institutio
969 1496 1072 1554 est
1099 1491 1565 1569 independens
1608 1509 1645 1553 a
1694 1491 2015 1564 ministro,
2067 1496 2179 1551 aut

622 1609 769 1687 eJus
795 1610 1158 1683 voluntate,
1195 1608 1315 1670 sed
1346 1626 1425 1671 ex
1453 1610 1858 1672 institutione
1883 1608 2174 1687 speciali,

626 1742 755 1805 qua
814 1724 999 1787 dedit
1042 1730 1440 1805 potestatem
1497 1724 1883 1788 conficiendi
1946 1725 2179 1787 Sacra-

626 1844 833 1907 menti
876 1845 1001 1922 ipsi
1048 1846 1338 1907 ministro
1369 1861 1502 1924 prae
1541 1845 1699 1908 aliis.
1749 1846 1824 1905 Et
1874 1843 2169 1922 quamvis

623 1963 768 2024 haec
798 1962 883 2023 sit
924 1962 1309 2035 communiS,
1370 1961 1593 2041 quoad
1648 1963 2054 2039 Baptismum
2110 1960 2177 2020 in

630 2078 937 2141 omnibus
965 2078 1321 2140 viatoribus
1361 2079 1709 2156 capacibus
1750 2076 2068 2139 libertatis
2112 2081 2179 2136 et

628 2195 1060 2268 discretioni&
1126 2201 1345 2258 tamen
1391 2212 1526 2257 non
1575 2195 1726 2258 ideo
1774 2195 2177 2274 praerequiri-

628 2317 731 2374 tur
760 2314 822 2374 in
856 2313 1014 2388 ipsis
1055 2312 1325 2374 libertas
1354 2310 1438 2373 ad
1476 2313 1602 2375 hoc
1653 2317 1728 2374 ut
1771 2317 1955 2374 actus
2001 2312 2178 2375 dica-

626 2434 729 2491 tur
769 2431 941 2492 liber
987 2430 1258 2510 physice
1310 2430 1602 2507 praecise,
1655 2430 1806 2509 quia
1835 2431 1955 2492 hac
1985 2430 2181 2492 liber-

625 2552 759 2610 tate
842 2551 1063 2625 potest
1131 2548 1299 2619 elici,
1375 2550 1623 2628 absque
1695 2565 1773 2610 eo
1845 2547 2025 2628 quod
2100 2550 2183 2610 sit

626 2667 1142 2739 sacramentalis,
1203 2665 1326 2728 sed
1368 2671 1441 2727 ut
1491 2668 1790 2729 minister
1846 2664 2182 2728 institutus

630 2784 957 2861 concipiat
1005 2783 1444 2845 intentionem
1491 2799 1614 2861 per
1662 2798 1732 2843 se
1792 2754 2179 2859 requisitam

628 2897 715 2962 ad
756 2900 1214 2972 ministerium,
1267 2901 1334 2960 in
1379 2916 1508 2978 quo
1560 2899 1714 2979 agit,
1764 2904 1835 2961 ut
1888 2897 2184 2960 minister

630 3017 971 3096 subjectus
1003 3032 1211 3078 causae
1240 3016 1605 3094 principali.

712 3132 901 3209 Quod
930 3138 1114 3211 patet
1143 3149 1225 3194 ex
1256 3132 1587 3195 communi
1611 3146 1936 3194 consensu
1963 3131 2181 3195 Eccle-

304 3207 580 3320 {333st
631 3250 763 3323 siae,
837 3267 981 3330 quae
1050 3250 1383 3328 praesumit
1454 3250 1538 3311 de
1608 3248 1732 3311 hac
1813 3249 2180 3312 intentione

306 3332 371 3381 de
408 3331 577 3381 valore
702 3370 715 3382 .
770 3370 783 3383 .
888 3372 901 3386 .
1128 3372 1140 3385 .
1447 3368 1461 3382 .
1955 3370 1967 3383 .
2022 3370 2034 3383 .
2165 3368 2178 3381 .

309 3392 576 3465 Raptam,
630 3373 906 3434 ministri
955 3372 1270 3449 requisita
1316 3385 1397 3430 eo
1443 3386 1610 3448 lpso,
1667 3367 1848 3448 quod
1904 3369 2064 3430 n1h11
2120 3385 2180 3429 ei

310 3455 577 3585 gfflssssiffl
634 3484 966 3564 derogans
1011 3486 1300 3547 exterius
1331 3488 1630 3563 apparet,
1665 3483 1845 3562 quod
1889 3483 1940 3545 si
1980 3499 2180 3561 appa-

631 3604 796 3672 reat,
840 3604 955 3662 aut
998 3599 1082 3662 de
1126 3599 1395 3663 defectu
1448 3600 1827 3662 intentionis
1878 3604 2173 3673 constet;

630 3719 925 3797 quamvis
988 3717 1185 3779 etiam
1238 3720 1499 3780 constet
1540 3722 1724 3780 actus
1769 3716 1915 3778 illos
1972 3717 2179 3779 libere

626 3833 830 3897 fuisse
863 3835 1136 3911 elicitOS,
1171 3847 1412 3913 nempe
1452 3833 1803 3896 ablutionis
1856 3837 1922 3895 et
1959 3833 2175 3912 prola-

629 3951 844 4027 tionis,
916 3952 1213 4013 Ecclesia
1272 3951 1608 4031 judicaret
1678 3953 2181 4013 Sacramentum

627 4083 778 4131 esse
819 4067 1096 4142 nullum,
1147 4081 1282 4130 non
1333 4082 1415 4130 ex
1464 4064 1731 4129 defectu
1778 4065 2033 4140 formae,
2067 4070 2180 4127 aut

622 4185 911 4248 materiae
947 4184 1297 4264 requisitae,
1330 4216 1331 4223 κ
1359 4167 1481 4245 sed
1531 4200 1613 4246 ex
1665 4181 1932 4244 defectu
1961 4183 2182 4244 inten-

627 4303 820 4365 tionis
851 4303 1273 4367 necessariae.
1325 4302 1403 4363 Et
1446 4300 1571 4361 hoc
1619 4299 1818 4362 modo
1855 4300 2176 4377 interpre-

626 4424 850 4483 tantur
896 4419 1121 4498 plures
1160 4420 1480 4480 Doctores
1508 4417 2016 4495 responsionem
2060 4418 2177 4475 Za-

631 4534 864 4598 chariae
929 4535 1117 4611 Papae
1189 4534 1354 4596 circa
1422 4532 1826 4610 Baptismum
1872 4530 2185 4591 collatum

306 4653 577 4706 Zacharias
634 4668 783 4715 cum
811 4650 922 4714 illa
955 4650 1162 4715 forma
1200 4670 1216 4712 t
1252 4652 1321 4711 In
1349 4651 1609 4713 nomine
1635 4649 1865 4709 Patria
1895 4653 1952 4707 et
1992 4646 2181 4720 Filia,

367 4718 530 4784 ΡΨ·
629 4773 757 4833 etc.
846 4766 1048 4831 fuisse
1127 4766 1441 4839 validum,
1514 4766 1567 4828 si
1632 4764 1841 4827 defuit
1905 4763 2183 4826 intentio

622 4883 985 4949 inducendi
1018 4885 1275 4946 erroris.
1318 4883 1393 4945 Et
1435 4879 1756 4960 quidquid
1802 4880 1883 4942 sit
1916 4878 1998 4942 de
2027 4880 2180 4953 hoc,

624 5003 957 5082 Baptisma
1016 5002 1324 5064 collatum
1383 4998 1465 5061 ab
1538 4990 1892 5061 Athanasio
1966 4995 2185 5058 adhuc

627 5134 861 5198 puer0‚
909 5123 973 5179 et
1028 5121 1244 5179 ratum
1281 5116 1348 5179 in
1377 5115 1667 5178 Ecclesia
1715 5112 2180 5189 Alexandrina,

626 5239 981 5312 antequam
1028 5232 1256 5295 datum
1300 5230 1424 5294 fuit
1472 5248 1590 5311 pro
1634 5237 1802 5306 rato,
1855 5232 2185 5293 examina·

630 5355 770 5413 tum
842 5354 938 5411 est
1012 5348 1095 5410 de
1165 5349 1535 5411 intentione
1606 5364 1737 5410 non
1801 5347 2187 5426 simpliciter

625 5467 858 5540 libera,
907 5466 1059 5545 quia
1120 5463 1205 5526 de
1261 5466 1385 5526 hac
1432 5468 1539 5526 vix
1591 5463 1873 5526 dubitari
1933 5468 2182 5541 posset,

628 5585 753 5651 sed
782 5585 868 5649 de
898 5582 1265 5647 intentione
1310 5583 1507 5657 seria,
1554 5585 1622 5644 et
1667 5599 1748 5646 ex
1782 5579 1914 5644 fine
1955 5578 2182 5643 confe-

1680 390 1826 452 LIB.
1884 390 1988 453 tv.
2019 389 2624 457 SENTENTIARUM

2282 549 2475 615 rendi
2529 553 2953 628 Sacramenti,
3026 557 3370 632 concepta.
3431 553 3572 615 Non
3637 550 3831 613 video

2286 686 2444 749 ergo
2501 670 2567 732 in
2609 668 2736 731 hoc
2795 670 3229 732 differentiam
3257 670 3547 748 aliquam
3585 667 3835 729 notabi-

2283 786 2411 846 lem
2467 786 2643 847 inter
2700 787 3040 861 Doctores,
3074 787 3202 847 nisi
3252 789 3498 846 tantum
3554 781 3726 846 forte
3770 784 3838 844 in

2283 901 2502 964 verbis
2562 907 2629 963 et
2695 899 2911 963 modis
2965 901 3339 981 explicandi
3406 899 3840 964 intentionem

2285 1017 2670 1095 requisitam
2738 1019 2805 1080 in
2860 1019 3200 1094 ministro;
3259 1016 3330 1079 id
3398 1018 3842 1079 concesserim

2289 1131 2705 1196 Catharinum
2772 1131 2941 1197 forte
2996 1134 3369 1197 inconsulte
3440 1131 3527 1194 ad
3596 1134 3840 1210 proba-

2289 1251 2539 1311 tionem
2582 1264 2715 1311 suae
2760 1249 3102 1312 sententia
3142 1248 3568 1327 processisse,
3603 1254 3835 1326 quate-

2288 1380 2414 1428 nus
2462 1365 2713 1442 putavit
2757 1365 3008 1444 aliquid
3058 1365 3450 1443 particulare
3475 1367 3543 1427 in
3575 1381 3654 1428 ea
3686 1381 3840 1426 con-

2292 1484 2505 1559 tineri,
2590 1483 2923 1547 diversum
2992 1503 3028 1547 a
3101 1485 3435 1548 communi
3512 1485 3840 1547 sententia

2287 1601 2551 1663 scholae.

2369 1732 2651 1811 Objicies
2681 1737 2889 1811 primo
2918 1733 3096 1795 illam
3124 1733 3464 1813 vulgarem
3507 1732 3839 1796 historiam
3999 1760 4085 1808 17.

2286 1850 2615 1913 Athanasii
2686 1848 2903 1913 adhuc
2974 1852 3186 1928 pueri,
3259 1849 3649 1929 baptizantis
3717 1866 3840 1927 per
3911 1821 4165 1945 οξξξξξ

2280 1967 2531 2047 jocum,
2608 1982 2806 2046 quam
2867 1967 3136 2030 tradidit
3214 1965 3509 2029 Ruffinus
3589 1966 3703 2028 lib.
3780 1968 3838 2028 l.
3896 1946 4199 2073 {2233}-

2287 2083 2589 2154 historias,
2648 2099 2792 2159 cap.
2847 2084 2942 2144 14.
2991 2083 3396 2160 Nicephorus
3425 2083 3539 2143 lib.
3591 2082 3651 2144 8.
3693 2098 3836 2157 cap.

2288 2197 2390 2260 44.
2440 2202 2506 2259 et
2552 2199 2849 2260 similiter
2906 2198 3099 2260 aliam
3167 2198 3447 2260 similem
3499 2198 3582 2259 de
3633 2214 3839 2275 puero

2286 2315 2508 2380 Judaeo
2540 2316 2865 2393 baptizato
2898 2316 2978 2377 ab
3012 2316 3150 2377 aliis
3196 2318 3420 2392 pueris
3466 2331 3589 2392 per
3623 2314 3843 2375 lusum

2289 2426 2513 2501 refert,
2545 2428 2659 2489 lib.
2694 2429 2756 2489 3.
2799 2427 3056 2501 ultimo,
3090 2430 3202 2506 qui
3243 2428 3616 2506 Baptismus
3649 2442 3836 2489 rece-

2648 2546 2659 2558 .
2995 2545 3008 2558 .
3417 2543 3430 2557 .
3645 2544 3657 2556 .
3889 2502 3965 2552 Ba
4002 2501 4197 2552 tismus

2290 2552 2442 2623 ptus
2498 2552 2598 2607 est
2643 2562 2710 2606 1n
2764 2544 3054 2606 Ecclesia
3097 2543 3837 2622 constantinopolitana,
4027 2570 4115 2614 tus

2292 2665 2359 2724 et
2403 2659 2726 2740 suppletae
2784 2665 3035 2723 tantum
3085 2661 3515 2732 caeremoniae,
3561 2664 3628 2721 et
3679 2659 3843 2720 ritus
3880 2625 4206 2755 ἐθεξζζξῗὸ,

2291 2778 2628 2841 solemnis.
2673 2775 3157 2855 Respondetur,
3207 2779 3260 2839 si
3299 2777 3496 2854 jocus
3544 2775 3626 2837 sit
3676 2775 3842 2848 taliS,
3872 2753 4213 2865 3332&ss

2288 2900 2363 2957 ut
2405 2897 2488 2958 sit
2541 2911 2721 2957 mera
2766 2892 3092 2956 simulatio
3137 2892 3494 2956 excludens
3551 2896 3844 2956 animum
3891 2877 4186 2989 ‘⁶322ssOE

2293 3012 2651 3074 exercendi
2680 3016 2867 3074 actus
2896 3012 3091 3084 serio,
3125 3015 3192 3072 et
3221 3014 3418 3089 prout
3455 3009 3740 3089 exigitur
3761 3008 3845 3070 ad

2292 3129 2724 3192 substantiam
2755 3129 2918 3207 ejus,
2950 3129 3044 3191 sic
3077 3128 3431 3191 excludere
3470 3127 3849 3207 requisitam

2293 3247 2772 3320 intentionem;
2826 3249 2882 3309 si
2936 3261 3094 3308 vero
3156 3246 3353 3324 jocus
3417 3247 3500 3306 sit
3547 3244 3716 3318 talis,
3778 3247 3854 3304 ut

2296 3379 2428 3425 non
2488 3361 2800 3425 excludat
2868 3361 3276 3425 voluntatem
3332 3375 3450 3438 per
3500 3374 3576 3421 se
3621 3358 3849 3437 requi-

2295 3479 2480 3541 sitam
2537 3476 2623 3541 ad
2680 3483 2923 3552 actum,
2985 3480 3286 3557 quamvis
3328 3478 3606 3540 ulterius
3652 3478 3850 3540 etiam

2290 3593 2679 3657 intendatur
2722 3597 3101 3670 oblectatiO,
3149 3595 3308 3658 nihil
3365 3594 3693 3675 derogare
3732 3596 3846 3658 Sa·

2295 3717 2654 3784 eramento,
2742 3716 3062 3790 quantum
3144 3711 3230 3773 ad
3314 3712 3606 3775 valorem
3678 3711 3847 3791 ejus,

2296 3828 2507 3908 Hujus
2559 3826 2828 3907 generis
2879 3824 3005 3888 fuit
3050 3827 3246 3906 jocus
3316 3826 3424 3888 ille
3493 3843 3852 3906 puerorum

2291 3943 2785 4020 baptizantium,
2816 3941 2968 4005 ideo
3019 3943 3390 4021 Baptismus
3417 3945 3500 4006 ab
3533 3945 3626 4006 eis
3658 3943 3849 4007 datus

2289 4076 2406 4138 pro
2453 4065 2591 4121 rato
2643 4064 2708 4121 et
2749 4058 2964 4122 valido
3014 4057 3135 4122 fuit
3161 4066 3493 4140 receptuS.

2381 4176 2664 4263 Objicies
2731 4176 3041 4256 secund0‚
3116 4178 3664 4264 chrysostomum
3724 4180 3843 4244 ho·
4013 4190 4092 4241 18.

2293 4293 2489 4358 milia
2529 4294 2637 4359 85.
2685 4292 2754 4357 in
2800 4294 3159 4359 Ioannem:
3206 4294 3554 4373 Sacer-doc,
3603 4293 3840 4382 inquit,
3915 4254 4166 4383 §geganga

2297 4410 2598 4495 linquam
2674 4419 2735 4474 et
2783 4429 3019 4475 manus
3053 4409 3321 4495 proebet,
3395 4431 3604 4496 neque
3669 4413 3848 4477 enim

2285 4528 2544 4612 justum
2589 4535 2685 4590 est
2717 4536 2997 4612 propter
3046 4526 3329 4591 alterius
3384 4527 3722 4593 maliciam
3759 4529 3851 4594 ad

2294 4642 2535 4707 salutis
2595 4650 2838 4707 ποεῖν-ω
2915 4642 3234 4727 Symbola
3279 4641 3417 4724 side
3476 4644 3852 4710 accedentes

2297 4755 2575 4840 offendi,
2659 4767 2790 4822 etc.
2873 4777 3035 4843 ergo
3102 4768 3341 4843 praeter
3416 4758 3849 4826 intentionem

2297 4868 2599 4937 abluendi
2641 4881 2706 4937 et
2744 4872 3115 4957 proferendi
3165 4874 3392 4954 verba,
3457 4894 3585 4941 non
3628 4876 3851 4962 requi-

2298 4986 2464 5052 ritur
2502 4984 2651 5066 alia,
2706 5007 2856 5074 quae
2905 4988 2991 5054 sit
3029 4988 3097 5054 in
3138 4989 3464 5071 ministr0‚
3510 4990 3671 5058 alias
3722 5012 3850 5057 non

2298 5101 2508 5169 solum
2563 5122 2798 5170 manus
2838 5114 2901 5169 et
2943 5105 3145 5171 verba
3194 5105 3458 5173 offerret
3506 5107 3847 5174 Sacerdos.

2298 5222 2458 5286 Item
2527 5221 2941 5308 Augustinus
3003 5223 3115 5289 lib.
3192 5226 3254 5291 7.
3327 5224 3411 5290 de
3479 5227 3844 5311 BaptismO,
3898 5262 4180 5332 Am

2297 5358 2444 5423 cap.
2513 5341 2621 5406 53.
2679 5347 2744 5403 et
2808 5338 3087 5406 habetur
3144 5338 3212 5405 in
3269 5340 3597 5428 capitulo:
3666 5342 3853 5409 Solet

2298 5455 2499 5519 etiam
2573 5457 2807 5540 quceri,
2865 5456 2946 5521 dc
3011 5460 3522 5537 consecratione,
3590 5458 3724 5525 dise
3780 5465 3846 5528 4.

2298 5570 2412 5639 ubi
2487 5572 2726 5640 asserit
2792 5573 2850 5640 si
2916 5572 3089 5642 absit
3154 5573 3488 5644 simulatio
3524 5596 3606 5643 ex
3671 5588 3856 5663 parte
