4287 6313
547 380 668 442 676

526 540 681 607 tiam
724 544 1160 630 objectionem
1207 546 1396 632 juxta
1445 544 1869 610 fundamenta
1926 545 2069 629 ejus

525 657 812 740 disserit,
859 672 924 727 et
983 682 1110 728 non
1155 661 1429 729 resolvit
1490 661 1667 727 illam
1724 658 2074 726 difficulta—

525 784 655 840 tem
686 798 699 840 :
736 780 833 842 An
878 779 1307 866 Episcopatus
1348 778 1434 845 sit
1474 776 1642 844 Ordo
1703 777 2006 843 diversus
2040 797 2076 842 a

528 892 1006 979 presbyteratu,
1102 895 1499 961 reservando
1599 895 2076 961 discussionem

526 1008 670 1093 ejus
765 1010 844 1076 ad
910 1032 1101 1076 suum
1178 1011 1394 1077 locum
1494 1011 1827 1097 proprium
1910 1010 2076 1076 infra

525 1122 681 1188 dist.
728 1126 834 1188 ⁶24.
883 1125 1052 1191 unde
1086 1146 1215 1191 non
1257 1125 1600 1205 assertive,
1654 1125 1766 1193 sed
1811 1146 1890 1190 ex
1924 1146 2075 1210 sup—

527 1242 852 1328 positione
893 1243 1065 1311 illius
1124 1245 1299 1311 modi
1344 1244 1604 1311 dicendi
1658 1242 1968 1311 discurrit
1996 1243 2075 1309 ad

525 1355 915 1424 solutionem
984 1360 1335 1446 objectioni
1395 1360 1834 1426 conformem:
1892 1360 2077 1424 Etsi

524 1474 724 1554 istud,
769 1475 1004 1563 inquit,
1052 1488 1144 1541 est
1202 1498 1452 1553 verum,
1511 1488 1640 1549 etc,
1704 1497 1941 1562 nempe
1974 1475 2077 1541 di-

524 1591 965 1672 stinctionem,
1015 1614 1144 1659 non
1178 1615 1337 1660 -esse
1403 1594 1572 1660 inter
1612 1594 2072 1680 Presbyterum

530 1720 593 1774 et
633 1710 1078 1797 Episcopum:
1134 1711 1373 1777 iterum
1416 1711 1624 1778 infra:
1664 1711 1838 1798 quod
1879 1712 1939 1776 si
1979 1732 2076 1776 ve·

524 1846 671 1891 rum
711 1838 827 1906 est,
865 1840 989 1893 ete.
1031 1848 1157 1893 non
1218 1850 1363 1894 esse
1421 1841 1640 1894 autem
1700 1848 1923 1893 veram
1984 1827 2073 1893 di-

523 1953 690 2007 ctam
723 1942 1097 2028 opinionem
1150 1943 1291 2029 ipse
1324 1943 1491 2009 infra
1517 1944 1667 2013 dist,
1711 1946 1819 2009 24.
1848 1942 2067 2008 docet.

528 2056 651 2121 Sed
693 2055 771 2121 de
805 2056 928 2122 hoc
958 2055 1287 2143 agendum
1320 2057 1444 2123 erit
1476 2057 1539 2122 in
1582 2077 1850 2143 corpore
1890 2077 2072 2143 quae·

530 2171 791 2240 stionis.

301 2315 379 2367 38.
617 2290 881 2355 Interim
951 2290 1270 2377 objiciunt
1320 2291 1587 2355 Armeni
1660 2290 1766 2356 illa
1806 2290 1944 2356 loca
1994 2312 2074 2357 ex

528 2405 703 2469 Actis
777 2404 939 2469 nihil
1007 2404 1415 2483 concludere,
1483 2405 1897 2490 potissimum
1946 2404 2074 2490 pri-

528 2541 706 2585 mum
739 2520 978 2600 locum,
1035 2520 1185 2608 quia
1235 2521 1572 2609 Philippus
1629 2521 1751 2587 suit
1802 2541 1928 2585 non
1972 2542 2074 2587 so-

523 2637 659 2702 lum
692 2636 1039 2717 DiaconuS,
1077 2637 1192 2703 sed
1224 2649 1286 2703 et
1309 2637 1684 2724 ApostoluS,
1724 2637 1833 2723 qui
1868 2635 2078 2722 potuit

521 2751 935 2832 confirmare,
983 2753 1153 2819 sicut
1181 2763 1246 2818 et
1288 2752 1531 2832 caeteri,
1571 2764 1789 2818 tamen
1835 2752 2076 2818 missus

521 2880 619 2936 est
657 2868 735 2935 ad
776 2869 1163 2935 Eunuchum
1197 2868 1508 2934 Candacis
1548 2868 1845 2953 Reginae,
1893 2881 1965 2933 ut
2016 2867 2072 2933 ei

520 2984 905 3070 praedicaret
951 2985 1307 3064 Christum,
1362 2996 1424 3050 et
1481 3005 1628 3050 eum
1697 2983 2068 3070 baptizaret.

174 3127 467 3203 Philippum
522 3102 970 3190 Respondetur
999 3123 1147 3168 eum
1187 3103 1396 3169 solum
1441 3101 1642 3169 fuisse
1691 3101 2067 3183 Diaconum,

185 3194 466 3308 Digssbsrffim
523 3232 593 3287 ut
623 3231 844 3287 tenent
876 3221 1400 3306 Chrysostomus,
1448 3219 1773 3300 Rabanus,
1810 3221 1977 3286 Beda
2010 3222 2074 3286 in

219 3325 435 3371 tantum.
526 3334 712 3400 illum
763 3336 1000 3414 locum,
1040 3349 1103 3402 et
1143 3337 1579 3422 Hieronymus
1612 3338 1681 3402 in
1715 3336 1884 3402 diat.
1921 3359 2072 3404 con-

527 3463 633 3517 tra
664 3455 1159 3538 Luciferianos,
1225 3453 1574 3521 Anacletus
1608 3456 1681 3521 in
1709 3457 1900 3543 epist.
1956 3455 2072 3520 de-

523 3570 781 3646 cretali,
824 3569 1240 3636 Innocentius
1272 3572 1345 3635 in
1410 3573 1600 3656 epist.
1673 3570 1752 3636 ad
1797 3571 2073 3637 Alexan-

520 3685 751 3764 drum;
791 3685 962 3751 unde
1030 3686 1109 3751 ab
1143 3685 1504 3772 Epiphanio
1568 3699 2074 3753 connumeratur

525 3801 694 3868 inter
734 3803 1153 3889 septuaginta
1192 3803 1355 3869 duos
1387 3802 1763 3888 discipulos.
1800 3806 1878 3868 Et
1903 3803 2072 3869 dicta

518 3918 680 3984 ratio
712 3917 1112 4003 infirmatur,
1157 3919 1308 4006 quia
1358 3939 1433 3985 ex
1471 3931 1651 3985 textu
1722 3919 1879 3985 satis
1919 3941 2070 4006 sup-

516 4034 783 4119 ponitur
851 4035 1216 4122 PhilippuS,
1251 4035 1462 4100 adhuc
1498 4035 1704 4101 fuisse
1736 4034 1801 4101 in
1842 4037 2067 4101 Sama-

519 4151 637 4232 ria,
676 4153 939 4239 quando
1009 4155 1272 4220 fuerunt
1310 4154 1676 4220 confirmati
1737 4154 2072 4222 credentes

517 4268 823 4355 baptizati
856 4261 1387 4356 per'ApostoIOS,
1453 4280 1515 4337 et
1576 4292 1728 4337 mox
1776 4270 2068 4337 admoni-

472 4435 473 4438 ,
518 4394 655 4448 tum
686 4405 722 4450 a
753 4385 997 4470 Spiritu
1049 4398 1295 4465 sancto,
1343 4397 1413 4451 ut
1443 4387 1698 4453 veniret.
1736 4387 1801 4452 in
1841 4407 2064 4453 occur-

519 4521 664 4568 sum
701 4501 852 4568 dicti
890 4504 1215 4571 Eunuchi.

284 4662 363 4711 32).
605 4619 842 4706 Objicit
882 4621 1169 4687 seeundo
1227 4621 1676 4688 Armachanus
1722 4627 1780 4687 1.
1836 4619 1915 4685 ad
1955 4620 2055 4686 Ti-

206 4725 428 4836 T⁵¹}¹u⁰i{¹¹·
517 4738 724 4804 moth.
780 4740 842 4800 4.
887 4737 1045 4802 Noli
1097 4749 1508 4804 contemnere
1563 4740 1874 4825 qratiam,
1926 4761 2069 4824 quie

175 4849 474 4915 Episcopus.
516 4864 607 4918 est
650 4854 721 4918 in
754 4863 809 4918 te
841 4874 962 4938 per
990 4854 1479 4938 imposicionem
1543 4876 1858 4920 mannum
1896 4855 2061 4920 Pre—

512 4968 786 5053 sbyteri.
850 4969 1302 5055 Respondetur
1370 4970 1784 5037 Timotheum
1860 4970 2063 5037 fuisse

515 5085 931 5172 Episcopum.
986 5107 1068 5152 ex
1118 5106 1267 5174 cap.
1322 5091 1391 5152 3.
1454 5088 1724 5174 Oportet
1785 5088 2062 5173 Episco-

1797 385 1940 445 LlB.
1973 383 2066 446 lv.
2105 383 2706 449 SENTENTIARUM

2196 565 2345 610 rum
2389 545 2823 611 Ecclesiarum
2877 545 3153 631 intelligi
3186 545 3543 631 Episcopos
3578 541 3748 607 ordi-

2199 675 2385 727 natos
2435 662 2500 726 in
2552 661 2740 748 ipsiS.
2805 661 3040 749 Objicit
3102 673 3416 747 praeterea
3491 662 3633 727 Act.
3679 663 3744 725 9.

2199 777 2467 843 Paulum
2529 778 2729 844 fuisse
2783 779 2863 845 ab
2938 777 3187 844 Anania
3260 775 3744 855 confirmatum,

2191 892 2301 978 qui
2332 894 2391 959 ei
2424 914 2656 961 manus
2689 895 3027 981 imposuit,
3063 915 3344 982 eumque
3368 890 3748 979 baptizavit.

2193 1009 2643 1094 Respondetur
2721 1010 2896 1076 illam
2973 1030 3204 1076 manus
3255 1008 3745 1095 impositionem

2193 1124 2468 1210 intelligi
2520 1123 2600 1192 de
2656 1126 2864 1212 gratia
2914 1125 3302 1205 curationis,
3357 1145 3471 1190 seu
3537 1123 3749 1211 gratis

2190 1237 2356 1317 data,
2397 1239 2560 1307 sacta
2599 1240 2774 1306 enim
2820 1241 2944 1307 fuit
2975 1254 3127 1307 ante
3167 1239 3597 1326 Baptismum,
3637 1259 3751 1305 ne-

2190 1375 2314 1442 que
2344 1355 2627 1443 alioquin
2695 1358 2887 1445 signa
2943 1356 3471 1425 confirmationis
3519 1355 3752 1422 visibi-

2188 1471 2270 1537 lia
2357 1472 2596 1539 ibidem
2682 1475 2964 1541 rel'ertur
3039 1476 3372 1562 accepisse
3438 1474 3736 1554 Paulum,

2191 1607 2422 1673 nempe
2477 1586 2651 1674 loqui
2730 1590 2932 1656 variis
2983 1590 3253 1677 linguis,
3302 1590 3416 1656 sed
3479 1601 3733 1656 tantum

2190 1704 2515 1790 recepisse
2567 1705 2811 1772 visum.

2275 1822 2506 1907 Objicit
2546 1825 2757 1904 tertio,
2797 1825 3015 1911 plures
3055 1846 3337 1892 canones
3369 1824 3733 1891 Toletan.1.
3822 1842 4037 1917 ‚Manas-

2184 1956 2331 1999 can.
2377 1938 2484 2001 ΞΟ.
2518 1935 2624 2001 ubi
2667 1938 3353 2020 statuitur⁴Diaconum
3399 1936 3575 2003 nullo
3609 1957 3738 2002 mo·
3818 1911 4071 2018 &⁹5:32⁰

2187 2050 2267 2116 do
2325 2052 2684 2119 chrismare
2726 2075 2940 2141 posse,
2996 2055 3107 2121 sed
3151 2053 3452 2141 Episcopi
3506 2054 3571 2119 in
3633 2055 3744 2121 ab·
3830 2035 4036 2142 Αἳζῖἷω

2185 2169 2391 2234 sentia
2422 2172 2909 2257 Presbyterum,
2956 2171 3057 2237 vel
3093 2172 3157 2237 in
3200 2173 3342 2260 ejus
3391 2174 3738 2259 praesentia
3800 2155 4059 2268 curati-a.

2188 2283 2481 2370 dejussu
2514 2286 2838 2372 Episcopi.
2906 2289 3044 2353 Huc
3100 2300 3355 2373 spectat
3392 2311 3608 2354 canon
3675 2292 3740 2353 2.

2189 2400 2379 2487 primi
2413 2402 2797 2468 Arausicani
2844 2405 2949 2470 ubi
3008 2405 3071 2469 in
3115 2406 3411 2472 absentia
3444 2405 3745 2492 Episcopi

2188 2516 2494 2583 tribuitur
2551 2520 3004 2588 Sacerdotibus
3103 2524 3213 2609 jus
3314 2522 3745 2589 reconcilian-

2184 2631 2247 2697 di
2314 2632 2684 2714 haereticos,
2758 2637 2822 2701 in
2895 2638 3121 2703 mortis
3179 2637 3557 2707 discrimine
3637 2662 3747 2726 po-

2189 2748 2338 2830 sit0,
2382 2771 2531 2817 cum
2589 2752 2941 2819 chrismate
2994 2768 3058 2819 et
3108 2754 3563 2822 benedictione
3595 2778 3747 2823 con-

2190 2865 2461 2952 signari.
2501 2867 2605 2933 Sic
2636 2870 3054 2936 Innocentius
3088 2873 3133 2935 1.
3173 2872 3367 2957 epist.
3412 2873 3474 2942 1.
3505 2895 3651 2960 cap.
3676 2877 3740 2939 6.

2190 2982 2300 3049 ubi
2341 2982 2496 3049 dicit
2544 2984 2934 3071 Episcopum
2986 3008 3179 3073 posse
3219 2987 3373 3055 dare
3414 2989 3742 3056 licentiam

2195 3102 2581 3189 Presbytero
2615 3104 2987 3193 imponendi
3025 3127 3282 3192 manus,
3328 3119 3391 3175 et
3435 3108 3746 3197 signandi

2196 3220 2750 3300 catechumenos3
2796 3234 2858 3287 et
2932 3244 3077 3309 cap.
3149 3224 3349 3290 Omni
3428 3235 3738 3314 tempore,

2197 3335 2350 3400 dist.
2388 3340 2450 3401 4.
2496 3338 2851 3423 Presbyter
2887 3352 3208 3425 prsesente
3239 3344 3568 3431 Episcopo
3605 3367 3741 3412 non

2187 3453 2399 3538 siynet
2457 3453 2772 3537 infantes,
2851 3457 2988 3522 nisi
3045 3458 3222 3541 forte
3278 3459 3359 3524 ab
3410 3461 3740 3549 Episcopo

2185 3570 2395 3653 faerit
2435 3570 2544 3634 illi
2577 3583 2978 3656 prteceptum
3001 3599 3026 3652 ,·
3059 3585 3123 3639 et
3151 3596 3297 3661 cap.
3351 3578 3729 3664 Presbyter,

2148 3696 2151 3700 ’
2186 3683 2341 3752 dist.
2388 3689 2495 3752 95.
2533 3688 2918 3755 Ambrosius
2952 3690 3065 3757 lib.
3109 3695 3172 3757 3.
3218 3693 3300 3758 de
3334 3697 3734 3763 Sacramen-

2186 3803 2292 3881 tis,
2338 3823 2483 3888 cap.
2530 3807 2592 3869 9..
2660 3804 2836 3885 dicit,
2907 3809 3240 3892 Spiritum
3287 3824 3611 3891 sanctum,
3678 3824 3741 3879 et

2181 3919 2598 4004 siquae-ulum
2631 3921 2789 3986 dari
2835 3923 2926 3987 ad
2971 3926 3459 3993 invocationem
3509 3931 3742 3995 Sacer-

2185 4033 2379 4101 dotis.
2427 4035 2717 4122 Ignatius
2774 4040 2965 4124 epist.
3026 4044 3132 4107 13.
3191 4063 3420 4109 manus
3470 4044 3737 4131 imposi-

2186 4150 2426 4216 tionem
2463 4151 2631 4218 inter
2671 4175 2939 4222 munera
2982 4159 3347 4227 Sacerdotis
3379 4162 3628 4231 statuit.

2271 4268 2634 4353 Respondet
2688 4271 2947 4352 Suarez,
3006 4272 3437 4344 Bellarminus
3487 4290 3551 4344 et
3596 4279 3730 4358 alii,
3786 4293 4090 4366 Responsiq

2181 4381 2386 4449 dictos
2424 4405 2704 4452 canones
2747 4388 2971 4454 referri
3022 4389 3100 4456 ad
3155 4393 3452 4478 quaedam
3517 4416 3730 4462 sacra·
3761 4356 4104 4473 {dgffifflj

2181 4501 2487 4568 mentalia
2544 4524 2659 4569 seu
2709 4503 2902 4587 ritus,
2947 4526 3073 4571 non
3142 4521 3359 4576 autem
3400 4512 3478 4579 ad
3535 4514 3729 4582 mini-

2179 4618 2451 4686 sterium
2506 4622 2926 4690 Sacramenti.
2981 4624 3362 4695 Toletanum
3407 4650 3564 4718 ergo
3623 4631 3727 4697 in·-

2178 4734 2496 4820 telligitur
2523 4736 2605 4803 de
2651 4739 2957 4807 unctione
2996 4740 3062 4807 in
3097 4744 3365 4824 vertice,
3403 4767 3552 4833 quae
3582 4746 3724 4815 fieri

2179 4851 2340 4918 solet
2381 4852 2446 4918 in
2509 4853 2798 4921 Ecclesia
2860 4857 3113 4925 Latina.
3195 4864 3518 4929 Caeterum
3583 4866 3958 4963 hae05010ti0
4000 4911 4098 4964 iun

2177 4975 2412 5043 solutio
2444 4997 2572 5043 non
2608 4979 2837 5065 placet,
2868 4981 3018 5068 quia
3048 4993 3112 5049 et
3142 4985 3464 5054 Diaconus
3490 4989 3726 5057 solem·
3780 4974 4077 5089 imlssffff*

2176 5091 2240 5157 ni
2283 5092 2411 5158 ritu
2453 5092 2778 5181 baptizare
2838 5108 3044 5182 potest
3111 5120 3191 5166 ex
3257 5105 3719 5174 commissione

504 5224 662 5289 pum
698 5203 1347 5288 irreprehensibilem
1404 5226 1556 5281 esse,
1630 5216 1751 5269 etc.
1789 5203 2063 5291 ideoque
2173 5208 2477 5296 Episcopi
2513 5210 2577 5275 in
2617 5212 2910 5278 absentia
2954 5216 3349 5303 Presbyteri,
3391 5232 3455 5286 et
3497 5244 3723 5291 conse-

510 5321 804 5408 plerique
846 5321 1229 5405 interpretes
1289 5320 1447 5386 illud
1508 5321 1933 5408 Apocalypsis
1991 5325 2054 5388 2.

506 5451 567 5504 et
605 5439 858 5526 Anyelo
890 5438 1157 5523 Ephesi,
1197 5448 1317 5503 etc.
1391 5437 1665 5525 intelligi
1727 5438 1807 5504 de
1837 5438 2058 5504 Timo-

506 5557 657 5621 theo
698 5555 946 5635 dicunt,
984 5565 1047 5620 et
1080 5574 1194 5640 per
1246 5565 1496 5639 septem
1538 5555 1823 5641 Angelos
1862 5555 2056 5621 dicta-

2175 5339 2449 5412 quenter
2503 5328 2810 5397 adhibere
2871 5331 3159 5401 chrisma
3239 5342 3718 5424 caeremoniale,
3783 5342 3787 5346 ⁴

2174 5460 2296 5510 seu
2342 5443 2713 5512 unctionem
2765 5447 2830 5512 in
2881 5449 3114 5535 capite.
3182 5453 3362 5520 Unde
3403 5456 3728 5544 Hierony-

2178 5578 2323 5626 mus
2354 5559 2418 5625 in
2450 5561 2726 5650 dialogis
2777 5577 2999 5633 contra
3049 5568 3538 5642 Luciferianos:
3614 5577 3748 5644 Ec-
