4287 6313
466 320 584 387 380

476 483 670 559 fides
747 485 1130 559 Ecclesiae
1208 486 1380 560 sine
1463 490 2024 571 SacramentO,

477 599 638 693 qui,
715 600 784 674 si
851 602 1152 694 absque
1220 603 1644 697 Baptismo
1722 600 2030 676 fuerint

473 715 851 799 defuncti,
898 718 1146 792 etiam
1190 740 1373 793 cum
1416 716 1893 793 deferuntur
1933 719 2027 790 ad

474 838 1011 931 Baptismum,
1091 840 1714 919 damnabuntur,
1816 840 2028 915 sicut

476 954 754 1028 multis
782 956 1273 1028 Sanctorum
1293 955 1789 1031 testimoniis
1814 977 2027 1029 com-

482 1071 882 1166 probatur
925 1097 941 1154 ;
985 1074 1101 1146 Ad
1143 1075 1350 1165 quod
1390 1077 1536 1147 hoc
1570 1094 1819 1146 unum
1862 1073 2029 1146 suf-

476 1189 725 1265 ficiat.
771 1191 1281 1282 Augustinus
1332 1190 1449 1265 ait
1485 1216 1499 1261 :
1541 1219 1570 1255 α
1617 1190 2028 1264 Firmissi-

131 1377 351 1430 Dubium
387 1377 414 1425 ⁴
481 1328 609 1382 me
643 1312 848 1389 tene,
900 1307 1317 1400 parvulos,
1383 1307 1513 1401 qui
1558 1307 1683 1380 vel
1736 1308 1817 1379 in
1864 1311 2032 1382 ute-

156 1444 304 1553 Aua.¹
331 1414 440 1551 ”bii
477 1424 596 1499 ris
642 1427 1001 1499 matrum
1032 1423 1312 1498 vivere
1356 1425 1755 1517 incipiunt
1795 1429 1875 1499 et
1920 1424 2027 1496 ibi

147 1503 397 1634 ἀθρομῖῗ
480 1542 974 1626 moriuntur,
1037 1543 1166 1616 vel
1242 1544 1333 1616 de
1390 1544 1789 1618 matribus
1855 1541 2026 1618 nati

154 1628 417 1741 “ffiaffl:
479 1660 650 1732 sine
709 1664 1241 1736 sacramento
1303 1661 1705 1753 Baptismi
1743 1663 1835 1734 de
1876 1661 2026 1734 hoc

129 1753 451 1879 (ἓξιῗῖῗῗξρ,
481 1775 779 1848 saeculo
839 1778 1292 1859 transeunt,
1345 1779 1655 1849 aeterno
1725 1775 2029 1870 suppli-

124 1876 610 1965 Fumissime.cio
682 1893 1145 1986 puniendos,
1220 1893 1432 1986 quia,
1497 1898 1577 1967 et
1629 1893 1696 1966 si
1748 1914 2026 1986 pecca-

472 2014 650 2082 tum
713 2010 1066 2103 propriae
1135 2009 1481 2084 actionis
1557 2030 1719 2081 non
1777 2009 2027 2081 habu-

470 2130 736 2208 erunt,
808 2125 1210 2219 originale
1266 2129 1542 2200 tamen
1603 2131 2024 2219 peccatum

470 2245 909 2316 traxerunt
980 2240 1298 2315 carnali
1368 2243 1896 2334 conceptione
1961 2271 2021 2314 n.

476 2361 577 2434 Et
637 2358 852 2433 sicut
922 2357 1270 2451 parvuli,
1340 2357 1471 2451 qui
1513 2358 1685 2431 sine
1745 2359 2024 2452 Bapti-

471 2497 647 2550 smo
685 2477 1154 2552 moriuntur
1201 2497 1543 2550 numero
1584 2476 2022 2580 infidelium

467 2595 1086 2676 adscribuntur;
1152 2594 1268 2666 ita
1311 2595 1445 2687 qui
1502 2595 2025 2689 baptizantur

462 2715 693 2799 fideles
723 2719 1153 2797 vocantur,
1202 2712 1337 2806 qui
1369 2734 1416 2785 a
1448 2712 1800 2786 fidelium
1834 2734 2024 2787 con-

468 2827 731 2901 sortio
789 2847 951 2900 non
1008 2834 1526 2922 separantur,
1588 2851 1771 2902 cum
1839 2833 2022 2903 orat

466 2944 821 3018 Ecclesia
900 2965 1051 3037 pro
1146 2945 1508 3019 fidelibus
1592 2943 2018 3020 defunctis

472 3061 782 3135 Fideles
860 3062 1119 3153 igitur
1187 3064 1374 3135 sunt
1441 3083 1604 3135 non
1682 3067 2024 3156 propter

469 3178 891 3261 virtutem,
939 3179 1070 3252 sed
1129 3178 1309 3251 fidei
1370 3182 2015 3254 Sacramentum.

119 3299 257 3361 Aust·
279 3313 358 3364 ep·
379 3298 445 3349 ad
473 3293 692 3366 Unde
723 3294 1228 3387 Augustinus
1264 3321 1279 3365 z
1323 3324 1351 3360 α
1391 3296 1836 3369 Parvulum
1866 3298 2021 3371 etsi

123 3360 446 3475 1322?quae
470 3413 822 3485 nondum
881 3411 1071 3485 fides
1121 3413 1288 3498 illa,
1337 3435 1511 3506 quae
1571 3414 1652 3487 in
1706 3417 2019 3490 creden-

138 3485 201 3535 de
232 3500 433 3537 consec.

121 3547 303 3621 di⁸.2·.4-
329 3564 440 3616 0ap.
470 3528 673 3602 tium
725 3529 1149 3605 voluntate
1207 3531 1610 3618 consistit,
1675 3532 1846 3627 jam
1907 3539 2021 3607 ta-

146 3611 390 3728 N¹ss²1¹i¹uffi²
471 3667 654 3720 men
694 3646 867 3719 fidei
930 3645 1185 3739 ipsius
1250 3650 1890 3733 Sacramentum,
1949 3650 2021 3723 id

466 3767 618 3846 est,
663 3763 1159 3857 Baptismus,
1196 3764 1506 3837 fidelem
1539 3762 1768 3849 facit;
1809 3766 2021 3842 sicut

466 3881 736 3948 credere
776 3881 1340 3972 respondetur,
1387 3880 1503 3953 ita
1557 3881 1805 3954 etiam
1855 3885 2018 3967 side-

467 3998 550 4062 lis
588 3998 962 4076 vocatur,
1009 4015 1170 4068 non
1220 4016 1392 4068 rem
1437 3996 1698 4089 ipsam
1754 4003 2019 4072 mente

463 4110 911 4193 annuendo,
985 4112 1117 4184 sed
1197 4111 1456 4205 ipsius
1535 4112 1655 4185 rei
1734 4116 2021 4188 Sacra-

464 4229 827 4300 mentum
878 4225 1417 4319 percipiendo.

125 2441 345 2491 Dubium
381 2443 434 2494 5.

469 4511 648 4588 Quid
681 4512 899 4599 prosit
967 4512 1348 4600 Baptismus
1385 4516 1490 4582 his
1537 4516 1653 4604 qui
1700 4533 1848 4578 cum
1884 4511 2021 4597 fide

1042 4629 1419 4700 accedunt?

245 4915 311 4987 r.
562 4888 784 4964 Solet
840 4889 1090 4965 etiam
1152 4891 1404 4984 quaeri
1462 4891 1552 4964 de
1621 4890 1811 4974 illis,
1885 4892 2018 4986 qui

144 4978 417 5096 Θωῗὶῖξη,
463 5006 636 5099 ‚jam
669 5006 1158 5082 sanctificati
1193 5008 1490 5102 spiritu
1537 5030 1716 5081 cum
1748 5008 1896 5081 fide
1937 5014 2016 5082 et

469 5124 875 5198 charitate
925 5124 1021 5197 ad
1052 5125 1564 5218 Baptismum
1598 5125 2013 5212 accedunt,

470 5241 654 5334 quid
705 5241 823 5315 eis
886 5240 1260 5316 conferat
1309 5242 1811 5336 Baptismus.
1883 5242 2020 5315 Ni-

469 5357 582 5431 hil
659 5357 874 5432 enim
957 5357 1280 5433 videtur
1367 5360 1485 5433 eis
1589 5363 2012 5453 praestare,

1673 324 1822 388 LIB.
1848 324 1945 387 tv,
1984 322 2582 391 SENTENTIARUM

2130 487 2306 580 jam
2368 488 2738 562 remissis
2801 490 3188 585 peccatis,
3261 491 3696 587 justificati

2138 607 2351 678 sunt.
2387 607 2501 679 Ad
2545 608 2749 699 quod
2791 629 2983 681 sane
3022 608 3177 682 dici
3220 614 3514 702 potest,
3558 630 3699 682 eos

2140 721 2456 813 quidem
2510 744 2656 816 per
2712 723 2946 800 fidem
2989 728 3068 798 et
3112 726 3699 799 contritionem

2129 838 2658 929 justificatos,
2716 841 2789 915 id
2849 847 3000 927 est,
3064 863 3110 916 a
3156 843 3476 917 macula
3529 863 3703 936 pec-

2139 958 2305 1032 cati
2365 963 2760 1052 purgatos
2818 964 2899 1035 et
2950 982 2996 1033 a
3053 961 3322 1034 debito
3364 964 3697 1037 aeternae

2138 1095 2391 1168 poenae
2442 1075 2888 1159 absolutos,
2945 1082 3219 1151 tamen
3279 1077 3537 1151 adhuc
3587 1081 3698 1151 te-

2137 1191 2316 1264 neri
2373 1192 2940 1268 satisfactione
3006 1193 3473 1287 temporali,
3540 1215 3696 1287 qua

2139 1310 2620 1402 poenitentes
2692 1308 3059 1402 ligantur
3125 1311 3210 1382 in
3296 1310 3687 1385 Ecclesia.

2141 1428 2338 1500 Cum
2400 1431 2671 1500 autem
2752 1427 3263 1520 Baptismum
3353 1428 3695 1521 percipi-

2141 1548 2311 1626 unt,
2355 1549 2437 1618 et
2496 1564 2542 1616 a
2586 1543 2968 1638 peccatiS,
3033 1545 3102 1618 si
3161 1565 3318 1638 qua
3362 1544 3694 1620 interim

2141 1665 2327 1752 post
2394 1659 3011 1733 conversionem
3075 1663 3692 1741 contraxerunt,

2141 1774 2633 1848 mundantur
2677 1778 2757 1849 et
2807 1775 2905 1847 ab
2932 1775 3332 1849 exteriori
3375 1773 3698 1849 satisfa-

2139 1889 2407 1964 ctione
2474 1891 3036 1973 absolvuntur,
3100 1895 3182 1966 et
3223 1892 3503 1984 gratia
3562 1891 3696 1964 ad-

2130 2004 2399 2097 jutrix
2479 2007 2901 2099 omnisque
2973 2007 3239 2082 virtus
3316 2012 3690 2099 augetur,

2141 2126 2231 2194 ut
2260 2142 2454 2195 Vere
2491 2146 2700 2192 novus
2736 2129 2931 2194 homo
2972 2129 3162 2197 tunc
3205 2124 3358 2197 dici
3402 2124 3687 2216 possit.

2138 2238 2431 2312 Fomes
2505 2261 2818 2332 quoque
2861 2241 3173 2334 peccati
3234 2240 3317 2312 in
3374 2262 3469 2314 eo
3523 2261 3693 2313 am-

2137 2355 2351 2450 plius
2419 2355 2914 2431 debilitatur.
2964 2358 3147 2431 Ideo
3185 2357 3692 2450 Augustinus

2094 2472 2354 2557 ,dicit,
2411 2473 2612 2565 quod
2673 2473 2887 2555 fides,
2935 2493 3110 2565 quae
3152 2473 3421 2546 fideles
3465 2473 3686 2559 facit,

2139 2589 2222 2662 in
2264 2587 2496 2680 aquis
2546 2588 2948 2680 Baptismi
2986 2590 3228 2663 datur
3264 2589 3390 2661 vel
3434 2589 3695 2663 nutri-

2138 2709 2300 2787 tur,
2383 2703 2571 2796 quia
2636 2724 2796 2776 non
2852 2704 3181 2780 habenti
3256 2705 3690 2797 aliquando

2136 2821 2246 2894 ibi
2288 2821 2552 2902 datur,
2608 2825 2688 2896 et
2739 2821 2910 2915 jam
2973 2820 3322 2905 habenti,
3393 2827 3482 2895 ut
3532 2822 3690 2915 ple-

2135 2937 2319 3010 nius
2377 2936 2696 3020 habeat,
2740 2939 3002 3012 datur.
3068 2938 3196 3013 Sic
3249 2942 3329 3012 et
3361 2939 3452 3012 de
3503 2938 3688 3012 aliis

2136 3054 2752 3147 intelligendum
2782 3057 2932 3128 est.

2231 3311 2409 3389 Quid
2457 3310 2829 3378 dimittitur
2867 3312 2942 3378 in
2991 3312 3336 3399 Baptismo
3364 3313 3591 3399 justis.

2225 3505 2374 3588 Qui
2432 3524 2633 3597 ergo
2695 3506 3033 3579 mundus
3092 3506 3398 3581 accedit
3440 3507 3546 3580 ibi
3605 3511 3686 3583 fit

2134 3623 2537 3706 mundior,
2580 3627 2662 3698 et
2706 3623 2923 3695 Omni
2956 3626 3225 3692 habenti
3261 3626 3358 3693 ibi
3394 3630 3685 3713 anaplius
3716 3601 4031 3729 ‘ff-ffgffssffl·

2131 3742 2356 3808 datur.
2421 3739 2643 3822 Quod
2697 3760 2895 3811 vero
2972 3739 3238 3812 omnis
3315 3741 3686 3813 exterior
3742 3728 4008 3845 Msst‘i‘fnfia

2135 3854 2596 3930 satisfactio
2650 3855 2758 3928 ibi
2826 3856 3272 3937 relaxetur,
3343 3856 3685 3930 Ambro-
3715 3855 3870 3969 3012:
3896 3858 3998 3969 9·ss

2134 3973 2304 4045 sius
2351 3971 2723 4053 ostendit,
2792 3992 3037 4063 super
3080 3972 3306 4045 illum
3360 3973 3680 4046 locum:
3791 3980 3848 4033 2·
3881 3980 3938 4036 9·

2132 4096 2298 4161 Sine
2327 4094 2717 4180 poenitentia
2746 4104 2902 4159 sunt
2931 4093 3113 4158 dona
3146 4094 3270 4158 Dei
3298 4103 3360 4158 et
3397 4096 3676 4174 υοοαιίο,

2127 4207 2399 4280 dicens
2457 4233 2471 4277 z
2524 4236 2553 4270 a
2605 4205 2893 4280 Gratia
2940 4206 3085 4279 Dei
3137 4205 3216 4276 in
3258 4207 3685 4297 Baptismo

2127 4344 2292 4396 non
2371 4322 2719 4415 requirit
2797 4322 3190 4414 gemitum
3266 4322 3395 4394 vel
3469 4322 3686 4416 plan-

2128 4443 2353 4514 ctum
2390 4438 2518 4510 vel
2582 4437 2905 4528 aliquod
2976 4454 3201 4530 opus,
3271 4441 3353 4511 et
3414 4437 3687 4509 omnia

2128 4553 2393 4649 gratis
2435 4554 2839 4629 condonat
2877 4581 2934 4624 »,
2982 4554 3203 4636 Quod
3246 4553 3560 4646 quidem
3591 4555 3683 4627 de

2126 4674 2453 4742 exteriori
2493 4669 2798 4762 gemitu
2839 4669 2965 4741 vel
2999 4670 3325 4762 planctu
3390 4669 3681 4763 accipi·
3840 4653 3908 4720 Et

2129 4792 2415 4865 endum
2457 4789 2624 4870 est;
2669 4806 2859 4859 nam
2906 4788 3079 4859 sine
3121 4786 3501 4860 interiori
3548 4805 3680 4858 ne·
3711 4732 4028 4868 dediffffc'

2131 4922 2262 4976 mo
2310 4901 2629 4973 adultus
2677 4905 3163 4982 renovatur;
3202 4901 3335 4973 sed
3375 4902 3675 4975 exteri·
3708 4878 4032 5002 poenfffim.

2131 5038 2315 5092 ores
2360 5016 2969 5091 satisfactiones
3019 5021 3100 5091 et
3159 5017 3672 5101 afflictiones,

2130 5134 2444 5210 scilicet
2533 5135 2810 5207 sordes
2911 5134 3498 5227 poenitentium,
3572 5136 3679 5208 ibi

2127 5251 2674 5325 dimittuntur.
2721 5250 3069 5325 Multum
3122 5269 3322 5342 ergo
3366 5248 3683 5325 confert

2128 5368 2596 5464 Baptismus
2680 5367 2929 5440 etiam
2993 5367 3160 5462 jam
3240 5387 3386 5459 per
3450 5367 3683 5440 fidem

467 5496 677 5563 cum,
745 5496 893 5570 per
968 5476 1205 5551 fidem
1278 5482 1359 5553 et
1435 5478 2017 5554 contritionem
2123 5486 2603 5583 justificato,
2642 5486 2831 5577 quia
2872 5485 3255 5559 accedens
3287 5485 3380 5559 ad
3412 5485 3687 5579 Bapti-
