4287 6313
1661 400 1859 464 DIST.
1908 401 2034 463 vll.
2084 400 2451 477 QUAESTIO
2503 405 2545 464 Ι.

539 578 751 652 aqua
857 582 1014 633 non
1104 567 1610 642 consecrata,
1713 560 2071 651 alioquin

542 682 889 754 materia
977 685 1461 757 conveniens
1544 703 1704 754 non
1803 682 2077 773 posset

537 814 715 865 esse
791 800 1291 884 'communis
1372 805 1451 874 et
1547 799 2080 891 impediretur

540 909 760 983 salus
804 914 1280 988 multorum.

1112 1185 1513 1244 SCHOLIUM.

612 1390 944 1446 Occasione
999 1391 1147 1448 sacti
1225 1394 1289 1447 D.
1349 1394 1637 1463 Gregorii
1694 1393 2087 1451 concedentis

546 1489 938 1560 l’resbyteris
1006 1491 1373 1549 facultatem
1426 1492 1856 1560 confirmandi,
1915 1496 2091 1565 ponit

549 1592 817 1658 quatuor
848 1589 1059 1648 modos
1092 1590 1366 1660 dicendi,
1406 1597 1468 1649 et
1495 1593 1648 1651 duos
1679 1594 1919 1664 primos
1938 1594 2091 1662 reji-

546 1685 650 1741 cit.
684 1687 933 1744 Tertius
963 1687 1219 1745 videtur
1251 1691 1639 1761 Hieronymi,
1671 1692 1913 1747 scilicet
1941 1691 2090 1747 olim

526 1784 884 1856 Episcopos
941 1800 1064 1841 non
1112 1785 1373 1843 differre
1404 1788 1554 1856 ,iure
1608 1789 1824 1846 divino
1863 1803 1897 1843 a
1944 1791 2094 1844 Pre-

546 1880 847 1953 sbyteriS,
881 1882 1152 1959 sedjnure
1182 1888 1418 1942 tantum
1451 1887 1748 1943 Ecclesiae
1778 1889 1869 1943 eis
1899 1888 2094 1943 fuisse

545 1983 937 2055 praepositos.
964 1985 1167 2043 Arsert
1187 1987 1341 2044 Scot.
1368 1988 1834 2058 responsionem
1859 1986 2094 2071 glossae,

548 2097 684 2155 cap.
721 2086 955 2153 leyimus
984 2086 1039 2140 d.
1074 2085 1168 2141 95.
1200 2100 1340 2157 quae
1395 2087 1587 2143 etiam
1628 2087 1841 2156 Chrys.
1907 2088 1971 2143 in
2021 2085 2098 2143 ad

552 2182 782 2254 Philip.
819 2184 870 2241 1.
903 2187 961 2240 et
984 2185 1049 2239 D.
1085 2184 1297 2242 Thom.
1323 2188 1378 2242 2.
1410 2187 1461 2243 2.
1491 2201 1545 2258 q.
1584 2187 1701 2242 184.
1769 2201 1823 2242 a.
1854 2187 1909 2242 6.
1933 2185 2011 2242 ad
2044 2188 2095 2241 1.

548 2281 704 2341 olim
745 2285 1167 2343 nominaesse
1214 2285 1572 2342 communia
1619 2285 1988 2356 Presbytero
2041 2290 2103 2342 et

551 2384 876 2453 Episcopo,
910 2398 1031 2440 non
1082 2388 1286 2441 tamen
1321 2398 1477 2440 rem.
1539 2387 1669 2440 Non
1709 2384 1899 2440 solvit
1943 2385 2098 2439 Scot.

551 2479 685 2536 loca
716 2480 1222 2552 Hieronymi,sed
1256 2483 1461 2552 potius
1490 2480 1741 2538 videtur
1772 2481 1982 2538 dicere
2006 2496 2104 2538 so-

550 2579 863 2636 lutionem
895 2579 1099 2638 datam
1134 2596 1255 2637 non
1278 2595 1412 2637 esse
1434 2583 1620 2650 juxta
1641 2582 1778 2650 eJus
1801 2588 2100 2654 mentem3

552 2677 660 2734 sed
694 2679 877 2749 juxta
934 2695 1077 2736 eum
1136 2679 1494 2747 dicendum,
1546 2680 1647 2736 vel
1686 2695 1899 2737 omnes
1959 2681 2108 2736 Pre-

553 2780 863 2850 sbyteros‘
905 2780 1235 2852 Episcopos
1293 2783 1443 2836 tunc
1501 2780 1717 2848 fuisse,
1752 2782 1853 2836 vel
1884 2782 1935 2837 si
1992 2779 2105 2838 alii

554 2878 914 2950 Presbyteri
1000 2878 1283 2945 suerunt,
1362 2878 1525 2949 quod
1590 2884 1925 2935 cesserunt
1975 2881 2111 2951 juri

547 2976 1001 3032 confirmandi.
1030 2978 1111 3032 De
1132 2991 1254 3048 quo
1286 2976 1445 3032 nihil
1477 2979 1701 3033 asserit
1732 2979 1966 3036 Scotus.
1992 2978 2112 3034 Sed

548 3076 653 3144 pie
684 3075 1094 3144 interpretari
1128 3077 1331 3145 potest
1361 3076 1726 3144 Hieronym.
1764 3074 1927 3145 quod
1985 3089 2107 3130 non

551 3160 739 3241 neget
768 3177 1138 3244 potestatem
1171 3173 1413 3229 ordinis
1442 3175 1737 3245 Episcopo
1758 3175 1908 3244 jnre
1939 3174 2110 3231 divi-

554 3286 635 3330 no
675 3286 874 3345 supra
906 3272 1322 3341 Sacerdotem,
1381 3275 1502 3330 imo
1559 3289 1699 3331 eam
1758 3275 1985 3330 asserit
2048 3277 2086 3333 d

554 3385 607 3425 c.
642 3371 899 3440 leqimus.
933 3371 1036 3426 Ait
1069 3375 1279 3427 tamen
1330 3371 1480 3440 jure
1511 3375 1749 3428 tantum
1796 3353 2110 3448 Ecclesiae,

557 3487 702 3530 eum
735 3473 1075 3544 superponi
1100 3471 1489 3541 Presbytero,
1515 3472 1678 3543 quod
1710 3475 1859 3529 satis
1889 3474 2115 3545 proba-

532 3645 535 3648 *
564 3571 690 3627 bile
722 3569 1137 3639 est,‘tenendo
1164 3570 1495 3642 Episcopos
1526 3586 1647 3628 non
1670 3571 2113 3641 habereJuris-

560 3668 898 3725 dictionem
932 3669 1292 3726 immediate
1321 3685 1355 3725 a
1389 3671 1531 3735 Deo,
1564 3668 1672 3724 sed
1704 3671 1780 3729 ab
1820 3670 2113 3739 Ecclesia,

560 3767 723 3838 quod
752 3769 840 3824 ait
870 3770 938 3823 D.
970 3758 1185 3832 Thom.
1226 3770 1282 3826 2.
1313 3771 1369 3822 2.
1403 3784 1457 3839 q.
1490 3768 1582 3823 39.
1616 3785 1671 3826 a.
1714 3771 1768 3825 3.
1818 3771 2111 3826 Turrecr.

560 3867 669 3926 lib.
719 3872 773 3925 2.
823 3885 872 3926 c.
920 3871 1011 3927 54.
1072 3870 1363 3927 Bellarm.
1410 3869 1464 3925 4.
1516 3869 1591 3926 de
1621 3870 1790 3927 Sum.
1823 3871 1991 3926 Pont.
2023 3873 2113 3927 24.

561 3967 742 4023 Suar.
775 3972 921 4025 tom.
955 3971 1008 4026 4.
1038 3969 1095 4026 d.
1123 3972 1216 4026 25.
1258 3985 1306 4025 3.
1341 3971 1391 4024 1.
1416 3971 1746 4042 Relinquit
1786 3971 1948 4026 Doct.
1979 3971 2113 4024 n.7·

573 4070 637 4123 ut
668 4065 959 4135 dubium,
990 4083 1066 4124 an
1092 4068 1242 4124 olim
1269 4068 1620 4139 Presbyteri
1655 4074 1942 4139 poterant
1970 4084 2119 4125 con-

565 4164 840 4232 firmare,
876 4168 934 4223 et
965 4169 1054 4223 sic
1084 4168 1298 4224 Castro
1328 4183 1388 4222 v.
1422 4167 1760 4239 Episcopus
1815 4168 2121 4238 intelligit

564 4266 928 4335 Hieronym.
960 4266 1120 4335 quod
1155 4270 1469 4349 poterant3
1496 4266 1684 4335 idque
1713 4270 1884 4323 tenet
1903 4272 2122 4325 auctor

564 4366 751 4436 epist.
808 4365 886 4422 ad
917 4368 1243 4423 Rusticum
1276 4367 1541 4424 Narbon.
1601 4369 1676 4424 de
1710 4371 1768 4423 7.
1801 4368 1975 4437 grad.
2010 4370 2122 4423 Ec-

566 4465 718 4523 cleS.
759 4483 806 4520 c.
847 4467 911 4522 do
964 4467 1021 4522 7.
1051 4468 1215 4533 sarad.
1248 4465 1413 4536 apud
1446 4467 1620 4524 Hier.
1653 4472 1799 4524 tom.
1831 4469 1886 4523 9.
1938 4470 2124 4522 Favet

573 4569 785 4625 Ambr.
836 4569 902 4623 in
945 4568 999 4623 4.
1035 4564 1116 4622 ad
1158 4565 1385 4637 Ephes.

660 4758 772 4828 Ad
802 4755 1136 4830 tertium
1166 4758 1353 4830 sunt
1380 4761 1732 4848 quatuor
1767 4756 1977 4828 modi
2015 4755 2120 4828 di-

575 4872 824 4946 cendi.
874 4873 1222 4953 Primus,
1271 4872 1476 4963 quod
1539 4872 1757 4962 Papa
1800 4892 2123 4944 consen-

577 4990 710 5073 sit,
768 4991 974 5082 quod
1010 4990 1337 5083 possent
1392 5007 1693 5080 ungere
1729 4989 1806 5061 in
1851 4987 2123 5061 fronte

579 5109 782 5191 oleo,
846 5108 979 5181 sed
1046 5128 1205 5180 non
1267 5106 1736 5188 chrismate,
1799 5107 1930 5179 sed
1971 5105 2122 5178 hoc

576 5229 702 5299 est
768 5229 1058 5299 contra
1132 5227 1440 5297 textum
1524 5223 1848 5304 litterae,
1913 5223 2123 5296 sicut

584 5348 803 5438 patet
838 5343 1153 5416 ibidem.
1206 5342 1434 5421 Item,
1488 5338 1638 5411 hoc
1690 5337 2118 5421 concessit,

579 5482 673 5533 eo
766 5462 968 5555 quod
1059 5480 1204 5552 pro
1301 5459 1476 5551 ejus
1564 5457 2124 5532 subtractione

577 5584 814 5654 erant
862 5578 1183 5672 quidam
1243 5575 1824 5657 scandalizati;
1914 5579 1990 5648 et
2055 5576 2122 5649 si

3619 408 3728 468 691

2193 563 2733 638 concessisset
2782 563 2972 638 illud
3050 566 3229 638 fieri
3302 567 3476 638 oleo
3539 567 3740 649 solo,

2198 681 2627 753 ostendens
2691 683 2921 773 quasi
2966 683 3196 755 fieret
3266 683 3740 763 chrismate,

2193 801 2410 871 esset
2453 796 2874 872 simulatio
2953 802 3242 873 contra
3311 800 3744 874 veritatem

2194 904 2611 988 doctrinae,
2654 905 2860 979 sicut
2911 907 2978 979 si
3013 910 3750 1001 concedereturpa-

2200 1042 2382 1094 nem
2459 1022 2959 1094 benedictum
3024 1043 3172 1116 pro
3226 1022 3750 1097 Eucharistia
3834 1024 4036 1135 3333·

2198 1138 2399 1209 dari.
2448 1138 2852 1212 Secundus
2899 1140 3177 1211 modus
3227 1140 3535 1213 dicendi
3593 1145 4086 1260 ssSt⁹ss¹1{',t⁶⁰2⁵³‘3'

2203 1255 2409 1345 quod
2445 1258 2788 1347 propter
2819 1256 3287 1329 scandalum
3331 1258 3744 1330 vitandum
3834 1232 4088 1343 Piesb'yfi'

2202 1371 2611 1445 concessit
2653 1370 2844 1443 illud
2880 1372 2986 1443 ad.
3012 1376 3355 1465 tempus,
3409 1374 3535 1445 vel
3581 1395 3746 1445 ma·
3851 1343 3999 1389 ‘em'

2205 1487 2329 1577 gis
2377 1487 2792 1579 permisit;
2878 1490 3011 1561 sed
3059 1489 3266 1563 istud
3324 1489 3523 1562 nibil
3604 1495 3752 1571 est,

2208 1604 2394 1696 quia
2450 1604 2735 1677 utilius
2781 1607 3250 1679 scandalum
3297 1607 3522 1680 nasci
3586 1629 3761 1700 per-

2209 1720 2592 1802 mittitur,
2654 1743 2893 1815 quam
2990 1723 3299 1797 veritas
3365 1724 3764 1815 relinqua-

2210 1839 2369 1915 tur,
2401 1837 2685 1902 Eoecrav.
2732 1837 2813 1902 de
2861 1839 3115 1925 reyulis
3153 1840 3359 1925 juris.
3421 1837 3622 1908 Item
3683 1836 3762 1907 in

2208 1950 2359 2023 hac
2414 1950 2965 2032 concessione,
3011 1957 3419 2045 peccasset
3460 1955 3766 2039 Grego-

2217 2066 2388 2139 rius
2426 2068 2921 2151 mortaliter,
2961 2070 3027 2141 si
3081 2068 3621 2142 concessisset
3675 2070 3766 2139 dc

2217 2180 2460 2265 facto,
2500 2186 2698 2277 quod
2760 2205 2917 2258 non
2998 2186 3399 2279 potuisset
3437 2186 3762 2276 dejure,

2215 2303 2292 2371 et
2363 2300 2842 2392 praebuisset
2901 2302 3472 2376 Sacerdotibus
3543 2322 3766 2374 occa-

2224 2418 2531 2491 sionem
2587 2420 2964 2512 peccandi
2999 2418 3496 2500 mortaliter,
3554 2416 3769 2490 scili-

2223 2540 2348 2609 cet
2381 2535 2742 2619 faciendi,
2804 2537 3007 2627 quod
3073 2557 3234 2609 non
3295 2536 3585 2608 licebat
3651 2534 3769 2606 eis

2221 2653 2517 2726 facere.

2314 2780 2472 2852 Alii
2553 2784 2892 2873 possunt
2952 2801 3129 2852 csse
3159 2781 3311 2851 duo
3385 2779 3593 2851 modi
3662 2779 3765 2850 di-
3793 2798 4012 2877 lucrat.
4044 2795 4102 2848 d.

2225 2896 2450 2968 cendi
2523 2895 3005 2988 probabiles.
3071 2897 3318 2976 Unus,
3407 2894 3609 2986 quod
3689 2894 3766 2965 iu
3823 2861 4073 2914 ⁹⁰'0'5‘

2232 3013 2649 3106 primitiva
2681 3014 3048 3088 Ecclesia
3110 3033 3270 3085 non
3337 3020 3516 3085 erat
3557 3011 3772 3085 difie-

2229 3131 2493 3205 rentia
2527 3130 2743 3205 inter
2778 3131 3254 3206 Sacerdotes
3312 3135 3393 3204 et
3442 3129 3775 3223 Episco-

2226 3269 2402 3340 pos.
2479 3249 2697 3330 Quod
2777 3248 3174 3340 probatur
3217 3266 3361 3340 per
3413 3246 3606 3318 duas
3643 3266 3775 3317 au-

2226 3365 2657 3439 ctoritates
2702 3364 3207 3457 Hieronymi,
3246 3385 3418 3456 quae
3481 3383 3780 3455 ponun-

2230 3487 2367 3556 tur
2436 3481 2514 3552 in
2558 3483 2879 3556 Canone
2918 3483 3074 3548 dist.
3123 3484 3229 3554 95.
3287 3480 3565 3551 Prima
3614 3478 3779 3550 illa·

2236 3615 2412 3667 rum
2445 3599 2594 3677 est,
2646 3617 2711 3667 c.
2751 3599 2933 3663 olim.
2973 3599 3054 3669 et
3113 3614 3292 3688 cap.
3343 3620 3476 3686 seq.
3526 3597 3609 3666 et
3667 3595 3779 3667 in-

2230 3711 2618 3785 titulatur
2696 3710 3178 3802 Hieronymi
3244 3735 3443 3799 super
3500 3712 3782 3798 epistola

2228 3830 2318 3896 ad
2367 3831 2581 3896 Titum
2623 3830 2694 3899 1.
2767 3825 3157 3901 dicentis:
3231 3830 3428 3906 Olim,
3489 3825 3776 3917 inquit,

2231 3948 2407 4013 idem
2438 3959 2582 4013 erac
2624 3948 3001 4032 Presbyter,
3040 3947 3155 4032 qui
3183 3958 3242 4012 ee
3293 3947 3681 4031 Episcopus,
3720 3955 3779 4009 et

2231 4077 2584 4151 cenceqttam
2625 4065 2880 4131 diaboli
2911 4067 3231 4131 instinctu
3260 4065 3280 4084 “
3312 4064 3537 4129 studia
3573 4064 3640 4127 e’n
3673 4083 3773 4127 re-

2233 4184 2484 4270 liyione
2553 4186 2816 4266 fierent,
2862 4196 2920 4248 ee
2986 4183 3320 4249 diceretur
3354 4183 3423 4246 in
3449 4181 3717 4267 populis
3757 4201 3769 4243 :
3862 4154 4104 4268 ”Jfifflffs‘

2233 4300 2374 4384 Eyo
2419 4321 2560 4366 sum
2603 4300 2824 4378 Pauli,
2894 4322 3009 4386 090
3089 4300 3336 4385 Apelle,
3399 4321 3514 4384 090
3559 4309 3774 4361 autem
3807 4278 4118 4390 ¹·H‘fgss'5uff·

2239 4415 2508 4501 Cephae,
2549 4417 2883 4480 communi
2914 4416 3456 4501 Presbyterornm
3500 4415 3778 4480 consilio
3873 4420 4071 4516 νζᾶζῗω,

2235 4530 2545 4595 Eeclesioe
2589 4532 3149 4618 yubernabancur.
3208 4532 3558 4618 Postquam
3629 4551 3780 4595 vero
3833 4530 4105 4642 difgffiffien

2237 4650 2677 4735 unusquisque
2707 4670 2812 4713 003
2880 4671 3037 4735 quos
3111 4649 3587 4734 baptizaverat,
3631 4666 3782 4711 suos
3801 4657 3920 4721 jure
3957 4654 4130 4704 divino

2231 4765 2508 4850 putabat
2547 4786 2699 4845 esse,
2741 4787 2874 4831 non
2904 4765 3179 4844 Christi,
3229 4766 3300 4829 in
3333 4777 3462 4829 toto
3492 4763 3644 4828 orbe
3673 4762 3782 4828 cle·
3849 4724 4117 4844 pssss‡{}t0,

2236 4892 2490 4946 cretum
2529 4892 2643 4963 est,
2681 4893 2751 4946 ut
2785 4904 2953 4948 unus
2991 4882 3073 4947 de
3111 4882 3525 4967 Presbyter-is
3546 4883 3786 4946 electus
3843 4860 4118 4972 etssffijco.

2238 5009 2821 5084 superponeretur,
2905 5009 2963 5062 ec
3034 4998 3462 5062 schismacum
3525 4999 3783 5062 seminia
3903 4985 4048 5034 pum.

2237 5113 2647 5179 tollerentur.
2689 5114 2787 5184 Et
2845 5110 3081 5203 paulo
3125 5113 3308 5204 post
3350 5115 3583 5179 :Sicut
3636 5134 3790 5198 erqo

2239 5229 2627 5315 Presbyteri
2666 5231 2885 5295 sciunt
2944 5253 3014 5295 se
3080 5252 3162 5295 eoe
3205 5231 3513 5295 Ecclesia»
3559 5251 3791 5294 eonsu-

2238 5347 2504 5411 etudine
2536 5349 2617 5427 ei,
2655 5349 2768 5433 qui
2797 5347 2926 5412 sibi
2949 5349 3347 5434 praeposims
3381 5349 3615 5433 fuerit,
3662 5368 3795 5411 esse

2234 5463 2587 5548 subjectos,
2647 5464 2741 5527 ila
2777 5461 3096 5549 Episcopi
3128 5464 3435 5530 noverint
3474 5484 3540 5527 30
3583 5463 3795 5548 maqis

2238 5579 2736 5658 consuetudine,
2776 5601 2970 5665 qnam
3034 5580 3533 5665 dispensatione
3584 5577 3795 5642 domi·
