4287 6313
254 598 354 667 ,Rej
362 598 515 649 icitur

249 676 510 778 affl...-

249 1642 533 1717 Necessitas

305 1713 488 1771 gratiae

281 1769 511 1820 actualis.

255 2257 536 2322 Responsio

284 2383 364 2448 obj
371 2319 501 2433 ἔξω.

310 3085 509 3154 Quarta

265 3151 515 3199 sententia
525 3181 543 3199 .

291 3210 514 3262 Bellarm
526 3247 542 3262 .

297 3274 494 3324 Alanus
506 3311 518 3323 .

260 4620 331 4672 D.
383 4618 572 4673 Thom.

568 410 681 475 198

646 575 772 641 Sed
840 576 986 641 haec
1054 573 1464 661 impugnatio
1529 581 1631 637 est
1698 567 2002 635 inefficax
2050 578 2114 633 et

576 690 761 771 falsa,
807 692 958 779 quia
990 692 1200 778 gratia
1232 687 1667 766 sanctificam,
1705 687 1784 766 si,
1824 686 1923 772 (ut
1962 705 2115 770 sup-

574 806 758 892 ponit
841 805 1272 892 impugnatiO,
1343 804 1427 869 sit
1487 804 1749 870 diversa
1813 803 2019 868 forma
2078 820 2110 868 a

570 920 938 1007 charitate,)
994 941 1122 985 non
1180 931 1279 985 est
1327 917 1718 1005 principium
1774 915 2108 1003 operandi,

570 1037 874 1124 adjuncta
943 1036 1138 1103 etiam
1201 1037 1516 1103 charitate
1574 1035 1912 1115 habituali,
1986 1032 2112 1100 nisi

570 1154 741 1221 adsit
770 1154 979 1241 gratia
1036 1153 1332 1237 actualiS,
1375 1166 1475 1221 est
1543 1153 1881 1232 inefficax3
1953 1151 2111 1219 alias

571 1280 784 1366 gratia
815 1280 1108 1348 excitans
1158 1292 1221 1347 et
1269 1280 1594 1367 adjuvans
1652 1301 1780 1345 non
1812 1279 2114 1366 exigere-

573 1409 681 1462 tur
728 1396 794 1461 in
836 1396 1101 1462 homine
1145 1396 1505 1482 justificato
1555 1396 1633 1462 ad
1674 1395 2116 1483 superandum

576 1512 895 1593 fomitem,
944 1523 1008 1577 et
1066 1511 1421 1579 vincendas
1471 1512 1889 1591 tentationes,
1945 1510 2117 1599 quod

580 1641 679 1696 est
715 1641 937 1696 contra
970 1650 1253 1695 canones
1293 1626 1467 1696 fidei.
1516 1629 1732 1695 Potuit
1775 1649 1934 1716 ergo
1987 1628 2121 1695 cir-

581 1747 895 1813 cumcisio
925 1745 1221 1812 conferre
1251 1746 1527 1832 gratiam
1577 1744 2117 1824 sanctificantem,

585 1876 648 1929 et
722 1861 972 1928 nullum
1039 1860 1354 1929 auxilium
1414 1861 1646 1948 gratiae
1708 1861 1980 1928 actualis
2045 1862 2125 1928 ad

586 1979 1018 2066 superandam
1050 1978 1673 2066 concupiscentiam,
1709 1992 1772 2046 et
1803 1980 1898 2046 sic
1929 1979 2125 2045 inter-

588 2097 827 2182 pretari
859 2108 1072 2182 potest
1104 2096 1246 2163 haec
1284 2097 1636 2162 sententia.

679 2216 774 2279 Ex
805 2233 933 2299 quo
975 2224 1148 2299 patet
1177 2211 1254 2278 ad
1315 2212 1598 2278 rationes
1632 2213 1696 2278 in
1725 2213 2123 2299 oppositum,

592 2331 732 2399 dari
798 2330 1046 2397 scilicet
1130 2350 1242 2415 per
1306 2329 1582 2415 gratiam
1617 2329 2127 2396 sanctificantem

592 2448 928 2515 sufficiens
960 2447 1354 2536 principium
1405 2448 1643 2528 meriti,
1695 2462 2011 2535 quantum
2051 2449 2130 2515 ad

593 2566 980 2654 dignitatem
1028 2576 1091 2632 et
1158 2576 1396 2632 statum
1441 2585 1764 2651 personae,
1819 2577 1882 2631 et
1922 2587 2131 2653 quan-

594 2696 732 2749 tum
772 2681 853 2748 ad
885 2681 1208 2760 habitum,
1248 2701 1375 2747 non
1397 2680 1640 2771 {autem
1685 2694 2003 2769 quantum
2054 2684 2132 2750 ad

593 2798 915 2885 adjutoria
963 2799 1326 2865 necessaria
1380 2819 1461 2864 ex
1520 2810 1700 2884 parte
1765 2801 1980 2886 operis
2055 2804 2134 2870 ad

599 2914 1006 2983 excitandam
1067 2914 1496 2993 voluntatem,
1570 2927 1632 2981 et
1671 2916 2132 3002 adjuvandam.

689 3035 926 3108 Quarta
966 3031 1288 3098 sententia
1328 3043 1451 3110 est,
1488 3031 1553 3095 in
1600 3030 2134 3118 circumcisione,

605 3161 716 3217 aut
743 3148 888 3216 aliis
920 3147 1161 3216 veteris
1194 3147 1359 3234 legis
1409 3148 1842 3215 Sacramentis
1894 3149 2139 3217 nullam

603 3267 881 3354 gratiam
959 3266 1164 3333 fuisse
1220 3265 1545 3345 collatam,
1602 3264 1714 3331 sed
1757 3273 1954 3335 totam
1994 3290 2140 3353 gra-

601 3384 757 3450 tiam
806 3380 1313 3467 correspondere
1356 3381 1503 3448 fidei
1547 3394 1610 3447 et
1654 3382 1929 3448 meritis,
1966 3385 2145 3450 Hanc

599 3499 786 3566 docet
834 3497 1265 3564 Bellarminus
1308 3497 1423 3566 lib.
1462 3501 1526 3565 2.
1581 3497 1662 3563 de
1692 3500 2143 3566 Sat-ramentis

597 3635 743 3700 cap.
795 3617 899 3680 13.
935 3624 996 3679 et
1035 3614 1471 3699 sequentibus,
1517 3613 1785 3694 AlanuS,
1835 3626 1897 3679 et
1955 3615 2142 3682 multi

598 3727 731 3808 alii,
786 3739 857 3798 ut
897 3729 1247 3796 defendant
1288 3728 1775 3797 distinctionem
1822 3730 1991 3797 inter
2032 3734 2143 3797 Sa·

598 3858 930 3912 eramenta
963 3867 1154 3913 novae
1202 3859 1266 3912 et
1296 3847 1537 3913 veteris
1585 3846 1775 3932 legiS,
1830 3866 2024 3932 quam
2077 3847 2143 3912 in

600 3963 724 4029 hoc
780 3963 1005 4029 statuit
1061 3962 1513 4028 Tridentinum
1567 3973 1630 4028 et
1670 3962 2137 4043 Florentinum,

602 4092 669 4146 ut
703 4078 809 4145 illa
841 4090 1111 4146 causant
1149 4079 1431 4166 gratiam
1484 4099 1681 4167 quam
1723 4075 2137 4166 significant;

602 4196 747 4264 haec
784 4210 1002 4264 autem
1051 4195 1488 4283 significarint
1545 4208 1825 4277 tantum,
1887 4211 1950 4264 et
2016 4218 2145 4264 non

603 4322 955 4402 causarint,
1028 4323 1149 4389 sub
1208 4342 1336 4407 qua
1392 4320 1811 4388 distinctione
1854 4343 2147 4410 compre-

608 4448 803 4517 hendi
855 4448 1085 4514 volunt
1123 4446 1730 4528 circumcisionem,
1793 4460 1857 4515 et
1914 4449 2150 4516 citatur

608 4598 725 4664 pro
785 4598 861 4643 ea
910 4579 986 4642 D.
1048 4573 1331 4640 Thomas
1380 4584 1605 4661 quoest.
1677 4576 1787 4641 62.
1850 4585 1987 4641 art.
2078 4580 2145 4642 3.

607 4713 832 4790 quoest.
875 4703 983 4768 70.
1018 4714 1151 4776 art.
1189 4701 1253 4771 4.

697 4831 872 4894 Hanc
912 4825 1302 4893 sententiam
1336 4823 1619 4890 limitant
1659 4822 1883 4911 aliqui,
1932 4837 2001 4891 ut
2040 4847 2152 4892 ve-

609 4975 680 5021 ra
727 4953 814 5020 sit
854 4953 918 5018 in
958 4951 1221 5031 adultis,
1260 4970 1387 5016 non
1428 4962 1646 5016 autem
1689 4950 1754 5014 in
1809 4952 2149 5036 parvulis;

610 5078 724 5145 sed
769 5080 937 5145 hanc
966 5076 1421 5143 limitationem
1466 5094 1592 5141 non
1644 5094 1872 5141 omnes
1919 5075 2152 5142 admit-

611 5215 779 5284 tunt,
851 5205 1003 5292 quia
1076 5201 1519 5283 auctoritateS,
1574 5201 1813 5288 quibus
1879 5201 2157 5269 fulcitur

610 5335 756 5400 liaec
828 5329 1074 5417 opinio,
1155 5326 1650 5414 comprehendit
1707 5338 1837 5394 tam
1898 5326 2152 5396 adultos

611 5480 807 5548 quam
849 5455 1181 5545 parvulOS,
1227 5468 1291 5521 et
1333 5466 1575 5540 negant
1614 5453 1716 5520 vel
1757 5455 2152 5541 generaliter

610 5604 727 5675 per
793 5561 1208 5651 Sacramenta
1265 5578 1507 5646 veteris
1554 5578 1743 5665 legiS,
1806 5578 1908 5645 vel
1961 5577 2157 5645 etiam

1750 406 1890 468 Lis.
1927 400 2654 468 1V.sENTENT1ARuM
2695 484 2702 489 ι

2229 568 2296 635 in
2363 567 2581 653 specie
2646 567 2869 634 datum
2939 566 3142 634 fuisse
3219 565 3421 633 ullum
3481 565 3764 634 fructum

2224 685 2458 773 gratiae
2489 706 2604 771 per
2642 683 3245 752 circumcisionem.

2314 804 2637 878 Quantum
2698 813 2914 867 autem
2981 801 3058 868 ad
3127 800 3391 868 modum
3457 802 3763 869 causandi
3822 806 4068 919 Paffiffiffl‘}

2225 915 2503 1005 gratiam
2538 936 2653 1001 per
2682 916 3285 996 Circumcisionem,
3321 937 3402 983 an
3451 939 3532 984 ex
3571 938 3766 1003 opere
3836 932 4057 1004 granam

3918 1010 3971 1044 m

2195 1046 2513 1121 operam,
2575 1051 2656 1097 an
2707 1051 2788 1098 ex
2856 1052 3053 1118 opere
3099 1033 3453 1118 operantiS,
3513 1033 3768 1100 variant
3796 1054 4118 1109 circumcisi-

2225 1151 2420 1217 etiam
2474 1153 2801 1216 Doctores,
2849 1148 3206 1235 Distinguit
3244 1149 3611 1215 Paludanus
3653 1149 3769 1216 du·
3907 1136 4021 1170 ⁰⁰⁰⁶

2228 1266 2465 1353 plicem
2500 1265 2765 1332 modum
2797 1264 3108 1332 causandi
3147 1265 3425 1353 gratiam
3458 1286 3540 1333 ex
3576 1287 3774 1353 opere

2229 1394 2518 1470 operato,
2565 1383 2820 1448 Primus
2859 1395 2957 1449 est
2993 1403 3109 1468 per
3138 1382 3555 1449 efficientiam
3610 1384 3773 1470 phy-

2232 1500 2458 1579 sicam,
2513 1511 2577 1565 et
2624 1498 2719 1565 sic
2765 1511 3035 1565 causant
3102 1501 3518 1566 Sacramenta
3583 1520 3776 1567 novae

2232 1614 2398 1700 legis
2427 1614 2737 1701 gratiam.
2792 1613 3127 1681 Secundus
3169 1636 3284 1702 per
3327 1615 3590 1682 modum
3624 1637 3776 1682 con·-

2236 1730 2525 1810 ditionis,
2622 1744 2686 1796 et
2794 1731 2890 1797 sic
2990 1744 3213 1797 causat
3315 1731 3763 1799 circumcisio

2237 1852 2309 1914 D.
2345 1849 2628 1914 Thomas
2653 1851 2717 1915 3.
2737 1857 2917 1934 part.
2949 1859 3173 1933 quoest.
3198 1850 3307 1914 62.
3329 1860 3463 1945 art.
3490 1852 3557 1917 6.
3593 1848 3685 1915 ad
3708 1852 3770 1917 3.

2238 1976 2298 2031 et
2355 1967 2429 2031 in
2468 1969 2531 2031 4.
2586 1964 2743 2032 dist.
2805 1970 2864 2030 1.
2929 1977 3155 2051 quoest.
3211 1969 3275 2032 2.
3321 1978 3452 2033 art.
3497 1971 3563 2034 4.
3599 1978 3660 2033 et
3707 1970 3770 2034 6.

2240 2083 2434 2149 Sotus
2475 2092 2698 2168 quoest.
2739 2086 2798 2147 1.
2843 2092 2974 2148 art.
3010 2087 3082 2149 4.
3135 2094 3200 2149 et
3228 2082 3363 2165 alii,
3400 2095 3642 2171 negant
3671 2083 3778 2150 de-

2239 2198 2415 2264 disse
2446 2196 2721 2283 gratiam
2763 2217 2844 2263 ex
2882 2218 3078 2284 opere
3106 2210 3395 2285 operat0.

2329 2312 2662 2379 Sententia
2730 2313 3025 2379 Doctoris
3092 2327 3212 2396 est,
3293 2313 3509 2382 datam
3577 2315 3782 2385 fuisse
3952 2340 4000 2388 ⁴.

2241 2430 2518 2516 gratiam
2561 2450 2674 2515 per
2702 2428 3305 2512 circumcisionem,
3349 2444 3412 2499 et
3451 2433 3644 2500 etiam
3698 2456 3780 2502 ex
3835 2402 4104 2518 {comaga

2243 2566 2439 2633 opere
2532 2559 2818 2631 operate,
2892 2567 3086 2632 quem
3146 2549 3444 2634 sequitur
3525 2552 3778 2618 Gabriel
3852 2528 4093 2641 ῧζῗζζξὲζ

2246 2675 2465 2751 qutcst.
2498 2668 2563 2730 4.
2596 2674 2736 2730 art.
2789 2668 2845 2732 1.
2912 2665 3254 2731 Durandus
3292 2680 3358 2734 et
3400 2688 3628 2735 omnes
3662 2673 3778 2735 Do·
3838 2654 4106 2708 Prohauo.

2246 2793 2457 2846 ctores
2502 2793 2744 2846 nostrae
2779 2780 3025 2847 scholae
3077 2783 3148 2848 in
3187 2786 3251 2847 4.
3305 2783 3461 2851 dist.
3505 2789 3567 2852 1.
3612 2785 3784 2851 idem

2249 2894 2458 2962 tenuit
2487 2894 2744 2961 Alensis
2792 2915 3018 2981 supra,
3080 2909 3143 2963 et
3202 2897 3570 2966 Paludanus
3636 2901 3793 2967 cita-

2250 3024 2379 3078 tuS.
2452 3010 2766 3079 Probatur
2835 3012 3104 3103 primos,
3147 3014 3298 3100 quia
3375 3015 3797 3083 circumcisio

2253 3128 2375 3194 fuit
2414 3128 2712 3196 instituta
2759 3139 2830 3195 ut
2869 3130 3228 3198 remedium
3290 3134 3533 3218 peccati
3593 3133 3799 3220 origi-

2256 3243 2443 3325 nalis,
2478 3265 2635 3331 ergo
2685 3266 2759 3310 cx
2799 3245 3022 3312 divina
3092 3248 3508 3316 institutione
3572 3252 3799 3317 habuit

2254 3362 2611 3432 efficaciam
2662 3367 2741 3433 ad
2784 3365 2943 3432 illud
2988 3364 3376 3447 delendum;
3449 3370 3561 3436 sed
3628 3373 3799 3458 quod

2256 3481 2378 3548 fuit
2416 3481 2646 3548 efficax
2707 3482 2784 3549 ad
2845 3482 3192 3552 delendum
3255 3499 3615 3571 peccatum,
3679 3487 3802 3553 fuit

2254 3606 2487 3672 efficax
2525 3606 2602 3671 ad
2665 3607 3032 3692 ponendam
3090 3608 3394 3694 gratiam,
3465 3621 3528 3675 et
3569 3632 3795 3678 conse-

2257 3724 2532 3801 quenter
2581 3734 2660 3779 cx
2691 3734 2887 3800 opere
2934 3727 3222 3801 operato,

2347 3826 2637 3892 Primum
2679 3827 3069 3895 antecedens
3110 3832 3420 3916 probatur
3451 3853 3530 3899 ex
3562 3833 3793 3920 Cypri·
3851 3824 4108 3890 Cym-ian,

2257 3964 2380 4010 ano
2443 3945 2524 4010 de
2596 3945 3056 4011 cardinalibus
3135 3947 3391 4013 Christi
3464 3949 3789 4035 operibus,

2257 4081 2403 4146 cap.
2440 4059 2521 4125 de
2555 4062 3075 4126 Circumcisione
3117 4084 3131 4138 ;
3177 4083 3482 4149 expressa
3538 4076 3637 4131 est
3665 4071 3798 4132 Au·
3853 4089 4148 4153 Angustia.

2258 4176 2505 4264 gustini
2548 4176 2773 4243 multis
2805 4177 2870 4243 in
2909 4177 3070 4245 locis
3112 4179 3223 4246 lib.
3270 4184 3334 4247 3.
3370 4192 3604 4248 contra
3632 4182 3804 4248 Juli-

2258 4315 2462 4360 anum
2501 4315 2647 4379 cap.
2705 4293 2810 4364 18.
2856 4294 2969 4360 lib.
3021 4300 3084 4360 5.
3130 4317 3275 4382 cap.
3323 4299 3388 4364 9.
3444 4296 3558 4364 lib.
3615 4301 3678 4363 2.
3723 4299 3805 4365 de

2257 4412 2485 4497 qratia
2534 4421 2594 4475 et
2639 4421 2907 4495 peccato
2974 4412 3323 4496 oriyinali,
3361 4434 3418 4478 c.
3454 4413 3564 4480 30.
3599 4424 3660 4478 et
3690 4417 3800 4481 32.

2265 4526 2378 4593 lib.
2423 4528 2487 4593 2.
2522 4525 2603 4592 de
2633 4528 2887 4611 nuptiis
2907 4538 2969 4593 et
2999 4529 3532 4614 concupiscentia
3563 4534 3796 4616 cap.11

2263 4656 2323 4710 et
2367 4648 2474 4712 17.
2512 4643 2626 4711 lib.
2663 4649 2727 4709 4.
2764 4643 2846 4708 cle
2876 4645 3239 4730 BaptismO,
3279 4667 3424 4731 cap.
3464 4648 3572 4712 24.
3611 4645 3801 4713 liba.

2265 4771 2498 4826 contra
2531 4760 2788 4824 litteras
2818 4759 3163 4837 Petiliam,
3202 4781 3349 4846 cap.
3385 4762 3495 4827 27.
3542 4761 3655 4827 lib.
3696 4763 3805 4832 15.

2266 4876 2347 4941 de
2389 4875 2592 4942 Civit.
2627 4896 2772 4960 cap.
2814 4877 2919 4941 ·l6.
2966 4875 3078 4940 lib.
3120 4878 3224 4942 16.
3265 4897 3411 4962 cap.
3447 4877 3558 4946 24.
3595 4891 3656 4944 et
3687 4879 3801 4946 lib.

2266 4991 2346 5057 de
2386 4992 2570 5057 Poen.
2631 4989 2966 5056 medicina
3013 5012 3166 5076 cap.
3220 4996 3284 5059 ὃ.
3337 5004 3564 5060 auctor
3593 4996 3808 5082 Hypo·
3901 5045 4104 5094 Auctor

2266 5106 2549 5195 gnostici
2590 5107 2709 5173 lib.
2758 5111 2826 5172 ὃ.
2889 5108 3060 5174 circa
3110 5108 3424 5190 medium,
3469 5110 3710 5196 quibus
3741 5112 3805 5178 in
3863 5109 4177 5219 Hyffinon-

2266 5223 2424 5290 locis
2455 5222 2814 5310 {equiparat
2835 5222 3407 5290 Circumcisionem
3450 5225 3803 5312 BaptismO,

2271 5351 2341 5407 ut
2399 5350 2584 5406 erant
2624 5339 2907 5406 remedia
2957 5340 3229 5425 peccati,
3301 5353 3363 5407 et
3409 5362 3485 5408 ex
3523 5344 3810 5410 necessi-

2270 5470 2398 5525 tate
2430 5456 2773 5544 utriusque
2841 5458 3119 5544 probant
3172 5458 3515 5525 veritatem
3568 5460 3812 5546 peccati

2270 5574 2635 5663 originalis.
2710 5573 2893 5644 Unde
2943 5576 3064 5643 lib.
3142 5581 3211 5643 4.
3303 5578 3384 5645 de
3440 5578 3809 5665 Baptismo,

3808 1934 3875 1986 D.
3922 1934 4106 1985 Thom.

3891 1996 4060 2047 Sotus.
