4287 6313
567 338 684 401 274

1041 639 1654 710 COMMENTARIUS

273 934 411 986 Ordo
454 931 555 984 clis-
666 895 753 978 (a)
797 900 1020 971 Supra
1049 892 1351 960 Macister
1377 889 1526 960 coit,
1560 890 1683 947 etc.
1718 883 1830 943 Hic
1860 879 2131 956 exponit

264 999 541 1055 ²³⁰⁶²³⁰⁰³⁸·
588 1017 829 1078 Doctor
857 1008 1178 1074 ordinem.
1213 1005 1567 1082 Postquam
1610 1000 1785 1061 enim
1832 996 2128 1060 tractavit

591 1134 674 1196 de
741 1124 1175 1194 sacramentis
1245 1136 1430 1185 novae
1495 1117 1661 1197 legis
1717 1117 1784 1177 in
1851 1131 2125 1196 genere,

590 1244 875 1327 subjecit
948 1242 1148 1303 etiam
1231 1239 1575 1299 tractatum
1656 1230 1740 1293 de
1802 1228 2129 1307 Baptismo

588 1363 879 1433 Joannis,
941 1366 1250 1437 tanquam
1312 1350 1708 1432 praeambulo
1753 1347 1837 1409 ad
1894 1350 2126 1408 tracta·

596 1489 734 1546 tum
781 1481 865 1543 de
912 1477 1241 1555 Baptismo
1288 1469 1547 1543 Christi,
1600 1482 1801 1545 quem
1848 1463 2132 1542 explicat

592 1606 659 1667 in
715 1602 839 1662 hac
913 1594 1354 1658 distinctione.
1434 1588 1590 1670 Ejus
1669 1585 2136 1664 argumentum

598 1718 1097 1800 comprehendit
1148 1719 1389 1777 Doctor
1443 1715 1724 1790 quatuor
1766 1703 2134 1786 quaestioni-

597 1843 745 1914 buS,
815 1839 940 1899 hoc
1010 1835 1240 1897 ordine
1284 1853 1299 1893 ε
1350 1831 1560 1891 Primo
1628 1824 1910 1903 explicat
1981 1821 2140 1897 quid

593 1959 698 2019 rei
740 1972 861 2034 per
903 1952 1378 2022 definitionem,
1430 1960 1574 2025 quae
1632 1940 2026 2018 supponitur
2067 1935 2133 1996 in

599 2072 890 2155 qualibet
931 2067 1225 2135 scientia.
1267 2059 1573 2126 Secundo
1609 2056 1889 2134 explicat
1919 2057 2138 2130 partes

596 2185 1000 2253 Sacramenti
1061 2181 1410 2262 Baptismi;
1461 2178 1526 2238 in
1576 2171 1871 2236 secunda
1922 2185 2134 2248 quaes·

599 2309 777 2369 tione
828 2302 1132 2374 formam,
1186 2311 1336 2376 quae
1377 2297 1480 2356 est
1509 2291 1717 2370 magis
1762 2283 2139 2365 principalis

597 2425 663 2486 in
727 2419 1127 2497 composit03
1191 2414 1259 2475 in
1312 2411 1499 2474 tertia
1538 2424 1694 2473 vero
1747 2405 2138 2496 quaestione,

599 2543 733 2621 agit
776 2538 860 2600 de
891 2533 1198 2603 materia:
1236 2530 1302 2592 in
1334 2532 1561 2608 quarta
1599 2541 1783 2597 ver0,
1830 2522 1913 2583 de
1954 2518 2137 2583 insti·

602 2655 850 2717 tutione
885 2653 1028 2732 ejus
1058 2664 1177 2726 per
1222 2644 1524 2708 ordinem
1554 2638 1639 2702 ad
1686 2650 1953 2700 causam
1997 2631 2138 2695 effi-

601 2772 904 2837 cientem,
953 2764 1133 2827 etde
1166 2757 1691 2839 promulgatlone
1744 2755 1811 2813 et
1851 2763 2133 2812 concur-

603 2887 813 2949 rentia
843 2886 986 2963 ejus
1018 2895 1167 2942 cum
1195 2874 1724 2940 circumcisione.

361 1708 418 1780 Ej
426 1721 486 1778 us

316 1770 511 1822 divisio.

1079 3124 1538 3212 QUAESTIO
1638 3120 1699 3192 Ι.

607 3389 711 3452 An
767 3383 892 3448 illa
946 3375 1252 3461 definitio
1310 3367 1644 3457 Baptismi
1692 3366 1777 3430 sit
1831 3360 2140 3448 propria,

695 3521 891 3589 quam
932 3494 1124 3583 ponit
1190 3489 1528 3575 Maqistcr,
1599 3481 1854 3548 scilicet
1890 3500 1905 3544 ε
1944 3476 2148 3566 Bap-

696 3617 989 3690 tismus
1040 3608 1166 3681 est
1195 3600 1484 3687 tinctio
1516 3593 1891 3688 corporis
1929 3594 2151 3663 exte-

699 3731 899 3810 rior,
946 3722 1164 3797 facta
1213 3718 1358 3791 sub
1399 3716 1667 3788 forma
1707 3708 2150 3782 verborum

703 3842 1190 3942 praescripta
1207 3842 1243 3909 Ῥ

612 4107 766 4176 Hugo
791 4098 930 4157 Vict.
959 4098 1059 4153 lib.
1083 4097 1139 4151 2.
1171 4095 1236 4149 de
1264 4095 1521 4150 Sacram.
1552 4104 1609 4156 p.
1638 4089 1695 4144 6.
1728 4100 1848 4153 cap.
1885 4084 1939 4138 2.
1972 4078 2153 4136 Alens.

681 4177 734 4233 4.
763 4187 819 4241 p·
851 4188 899 4241 q.
931 4170 1018 4225 11.
1060 4184 1137 4225 m.
1176 4170 1230 4222 2.
1273 4168 1325 4220 ot
1364 4165 1418 4221 3.
1463 4166 1528 4219 D.
1553 4157 1745 4217 Thom.
1776 4158 1831 4212 3.
1872 4168 1926 4221 p.
1968 4168 2021 4220 q.
2058 4153 2150 4208 66.

684 4251 795 4303 art.
825 4246 881 4301 1.
921 4241 1051 4310 (ubi
1078 4241 1242 4296 Suar.
1273 4242 1322 4291 et
1351 4234 1552 4305 Vasq.)
1584 4237 1631 4287 et
1673 4231 1761 4284 hic
1789 4244 1821 4296 q
1863 4224 1923 4281 1.
1958 4229 2069 4280 art.
2099 4222 2151 4276 1.

685 4322 753 4377 D.
774 4321 979 4374 Bonav.
1008 4326 1066 4367 α.
1109 4312 1160 4368 1.
1200 4325 1254 4378 q.
1288 4307 1339 4364 1.
1370 4313 1421 4362 et
1448 4305 1501 4362 2.
1542 4297 1796 4360 Richard.
1844 4312 1895 4353 a.
1920 4296 1971 4353 1.
2004 4313 2062 4368 q.
2096 4294 2151 4350 3.

301 4538 550 4665 Μεέἶμ..
707 4579 821 4652 Ad
878 4575 1236 4670 primum
1293 4564 1677 4658 arguitur
1734 4559 1878 4649 (b),
1948 4555 2157 4650 quod

271 4664 486 4730 Argum·
532 4664 584 4714 ²·
618 4713 803 4776 non,
851 4690 1039 4783 quia
1087 4705 1278 4781 pars
1319 4701 1480 4755 non
1535 4676 2026 4771 praedicatur
2065 4670 2157 4742 de

619 4831 765 4886 suo
823 4810 1041 4887 toto;
1097 4799 1402 4876 ablutio
1452 4798 1574 4870 est
1631 4813 1820 4887 pars
1874 4792 2157 4864 Sacra-

620 4924 870 5001 menti
955 4916 1383 5012 Baptismi,
1466 4911 1654 5005 quia
1722 4907 2157 4981 secundum

617 5041 1161 5136 Augustinum
1201 5046 1425 5125 quaesc.
1470 5035 1534 5104 1.
1586 5024 1989 5103 Detrahe:
2033 5028 2159 5092 Ac-

614 5163 786 5230 cedit
833 5159 1102 5227 verbum
1145 5154 1235 5221 ad
1274 5153 1661 5218 clementum
1693 5158 1752 5210 et
1790 5145 1867 5228 fit
1918 5145 2160 5209 Sacra-

613 5289 929 5347 mentum.

702 5386 1324 5467 Sacramentum
1364 5399 1562 5473 ergo
1605 5376 1815 5450 sicut
1838 5393 2000 5447 non
2032 5373 2160 5446 est

612 5509 888 5590 verba,
928 5504 1044 5579 ita
1092 5520 1238 5575 nec
1276 5495 1584 5571 ablutio
1627 5494 1830 5589 ipsa.

1735 326 1879 389 LlB.
1915 324 2015 387 IV.
2062 317 2657 385 SENTENTIARUM

2325 485 2654 565 Contra,
2692 476 3094 569 Magister
3137 472 3219 546 in
3266 466 3784 548 distinctione

2236 599 2423 674 ista.

2329 718 2419 789 In
2489 713 2896 787 solutione
2982 708 3226 800 hujus
3297 699 3775 798 quaestionis

2240 835 2509 926 potest
2576 828 2896 923 procedi
2947 826 3157 900 sicut
3204 842 3455 916 supra
3495 824 3782 890 distinc-

2242 953 2418 1018 tione
2443 951 2667 1037 prima
2703 948 2849 1036 q.2.
2876 946 2967 1017 de
3008 940 3469 1016 definitione
3504 941 3787 1012 Sacra·
3846 997 4093 1048 nodam

2242 1065 2517 1139 menti.
2586 1060 3115 1155 supponendo
3175 1056 3391 1130 enim
3460 1076 3561 1127 ex
3632 1074 3782 1125 usu
3911 1059 4031 1133 quid
4091 1119 4105 1132 ,

2241 1179 2776 1274 loquentium,
2832 1175 3382 1268 significatum
3435 1136 4151 1250 nomini‘s”1‘3‘ff}‚¹2¹}¹3n‹3¹.¹

2246 1298 2599 1384 Baptismi,
2689 1291 3001 1367 Scilicet
3095 1288 3301 1382 quod
3414 1288 3792 1375 Baptismus

2250 1411 2653 1505 significat
2740 1409 3132 1502 quoddam
3220 1402 3572 1497 speciale
3653 1403 3788 1474 Sa-

2250 1529 2783 1606 cramentum,
2855 1526 2945 1596 ut
3004 1521 3071 1594 si
3128 1523 3507 1608 Baptismus
3548 1512 3796 1606 signi-

2249 1646 2434 1719 ficet
2493 1642 3016 1723 ablutionem,
3103 1640 3314 1713 sicut
3373 1636 3582 1731 apud
3660 1635 3797 1705 Ju-

2251 1764 2465 1835 daeos
2513 1763 2751 1834 erant
2801 1756 3316 1852 Baptismata.
3356 1768 3797 1845 corporum

2251 1882 2331 1952 et
2413 1894 2831 1959 vasorum,
2914 1873 2996 1945 in
3085 1873 3235 1953 est,
3308 1866 3791 1947 ablutioneS,

2253 2000 2445 2071 tunc
2545 1992 2695 2066 hoc
2774 1990 2983 2084 quod
3054 1986 3216 2061 erit
3295 1990 3802 2055 Sacramentum

2252 2114 2604 2201 Baptismi,
2701 2104 3271 2200 (intelligendo
3371 2101 3480 2175 ibi
3575 2119 3802 2172 cons·

2255 2225 2749 2300 tructionem
2791 2219 3450 2308 intransitivam)
3504 2213 3801 2308 signifi·

2257 2348 2389 2417 cat
2492 2341 3120 2416 Sacramentum
3228 2332 3605 2427 speciale,
3720 2335 3802 2405 et

2254 2459 2405 2533 hoc
2454 2462 2626 2532 tam
2690 2455 3220 2550 specificando
3268 2448 3799 2543 significatio-

2258 2595 2440 2649 nem
2468 2578 2549 2647 et
2580 2572 2957 2647 effectum
2992 2567 3568 2663 significatum,
3609 2569 3804 2659 puta

2259 2689 2913 2783 purificationem
3001 2685 3293 2759 animae
3353 2704 3399 2756 a
3468 2685 3801 2776 peccato

2261 2805 2673 2900 originali,
2736 2825 2976 2897 quam
3028 2799 3563 2894 specificando
3625 2797 3805 2869 fun-

2258 2924 2723 2997 damentum
2792 2920 2981 2995 talis
3053 2914 3675 3011 significationis
3723 2916 3800 2987 et

2260 3038 2718 3114 relationis.

2349 3160 2469 3230 Ex
2520 3155 2695 3237 hoc,
2761 3153 3114 3246 inquam,
3170 3148 3621 3245 supposito,
3671 3168 3801 3241 ap·
3834 3187 3908 3235 B„
3947 3182 4167 3238 fimum

2264 3276 2494 3366 paret
2568 3270 2925 3365 qualiter
2982 3268 3455 3361 Baptismus
3535 3266 3800 3358 potest
3833 3199 4158 3360 0053&ssae

2262 3389 2558 3462 habere
2595 3386 3168 3467 definitionem,
3212 3404 3397 3457 cum
3438 3382 3652 3454 enim
3682 3382 3804 3455 de·
3852 3372 4126 3485 defiffiffis

2260 3504 2563 3577 finibile
2623 3502 3000 3596 oporteat
3052 3520 3231 3572 esse
3299 3519 3442 3571 ens
3520 3495 3806 3591 positi-
3919 3498 4066 3561 iuxta
4128 3473 4146 3497 '

2260 3640 2475 3703 vum,
2514 3640 2657 3713 per
2690 3639 2773 3691 se
2804 3637 3077 3701 unum,
3113 3619 3193 3689 et
3226 3614 3468 3697 reale,
3504 3619 3583 3686 et
3606 3633 3812 3687 com·
3840 3559 3984 3688 “il-⁰3⁸·
4001 3562 4067 3673 211¹.
4101 3561 4165 3672 ¹12

2262 3756 2523 3818 mune,
2577 3739 2666 3811 ut
2725 3734 3070 3807 habetur
3149 3751 3424 3824 supra,
3498 3729 3813 3823 Baptis-
3940 3686 4068 3736 ’Μ’

2264 3874 2442 3925 mus
2494 3872 2655 3923 non
2696 3853 2821 3923 est
2877 3869 3082 3942 pure
3141 3867 3303 3920 non
3368 3866 3534 3928 ens,
3599 3845 3813 3918 sicut

2264 3966 2791 4061 impossibile.
2838 3968 2940 4039 Et
2984 3964 3384 4058 probatur
3411 3983 3505 4035 eo
3543 3961 3803 4042 modo,

2266 4104 2418 4176 quo
2454 4102 2704 4175 supra
2733 4082 2826 4155 de
2869 4083 3430 4160 sacramento,
3469 4078 3656 4169 quia
3693 4096 3813 4148 ra-

2267 4201 2382 4274 tio
2430 4199 2607 4293 ejus
2652 4219 2812 4270 non
2854 4201 2980 4271 est
3035 4198 3117 4269 in
3152 4216 3238 4268 se
3298 4193 3812 4277 falsa;·nu11a

2264 4317 2481 4389 enim
2541 4322 2666 4391 est
2736 4313 3303 4408 repugnantia,
3386 4313 3812 4405 quodcum·

2266 4456 2416 4527 que
2460 4432 2863 4514 sensibile,
2909 4432 3041 4505 vel
3083 4450 3603 4524 quaecumque
3641 4449 3809 4502 sen·

2268 4551 2537 4624 sibilia
2610 4548 2928 4623 institui
3002 4566 3049 4619 a
3126 4548 3294 4620 Deo
3399 4545 3493 4617 ad
3567 4544 3817 4637 signi-

2265 4666 2665 4739 ficandum
2775 4661 3223 4737 efficaciter
3316 4659 3813 4735 ablutionem

2270 4782 2566 4855 animae
2649 4803 2694 4853 a
2763 4784 3123 4874 peccato.
3202 4780 3479 4870 Neque
3563 4776 3811 4851 etiam

2270 4905 2392 4975 est
2447 4920 2741 4994 purum
2785 4920 2945 4972 non
2986 4919 3156 4977 ens,
3226 4895 3439 4971 sicut
3484 4893 3812 4988 negatio

2269 5016 2397 5090 vel
2449 5015 2830 5110 privatio,
2888 5018 3135 5107 patet.
3188 5012 3333 5084 Est
3386 5010 3637 5084 etiam
3672 5028 3818 5101 per

2274 5155 2358 5206 se
2401 5155 2675 5216 unum,
2723 5134 3114 5224 quantum
3180 5129 3275 5201 ad
3343 5127 3537 5201 illud
3605 5126 3812 5218 quod

2274 5249 2847 5345 principaliter
2925 5245 3355 5339 significat,
3439 5245 3643 5337 quod
3690 5245 3815 5317 est

2276 5371 2466 5445 talis
2506 5368 2798 5443 relatio
2860 5364 3074 5458 signi
3134 5364 3228 5437 ad
3297 5364 3461 5438 tale
3519 5361 3817 5455 signifi-

2276 5491 2584 5562 catum.
