4287 6313
1715 410 1917 475 Dts'r.
1951 413 1998 475 1.
2031 412 2390 488 QUAESTto
2422 415 2519 474 Vl.

566 567 631 641 in
684 568 876 652 bono,
940 572 1112 661 quod
1179 574 1426 661 accepit
1473 573 1538 640 in
1605 574 1707 642 sui
1763 575 2112 658 creatione,

563 699 629 753 et
702 708 849 776 quae
918 687 983 753 in
1043 689 1222 754 omni
1298 700 1468 756 statu
1528 691 1608 756 ad
1684 710 2117 777 perseveran-

564 804 719 871 tiam
769 805 1128 893 requiritur
1196 806 1275 872 ad
1317 807 1595 874 salutem
1638 807 1702 873 in
1737 810 1942 896 justo,
1993 827 2121 875 non

561 941 718 987 vero
775 933 1084 1011 tanquam
1143 925 1471 1011 propriam
1568 938 1632 992 et
1725 925 2117 1014 peculiarem

208 1044 508 1098 ‘Peccatum
563 1035 695 1103 illis
760 1050 995 1106 status.
1113 1040 1296 1107 Unde
1370 1041 1530 1109 satis
1612 1043 1953 1109 commode
2034 1064 2117 1109 ex

227 1109 486 1176 originale
752 1154 764 1167 ,
1176 1155 1189 1169 ,
1248 1156 1262 1170 ‚
1318 1157 1330 1170 ‚
1504 1158 1515 1170 ,
1576 1158 1587 1170 ,

271 1174 471 1244 opponi
565 1152 854 1220 doctrina
913 1159 1264 1242 Augustini
1315 1157 1706 1244 intelligitur
1781 1170 2119 1246 peccatum

240 1249 883 1411 jgiiffss.t0¹'igissale
991 1273 1231 1360 opponi
1327 1273 1698 1341 rectitudini
1805 1275 2115 1363 peculiari

210 1369 375 1420 Secun
420 1377 455 1409 o
483 1377 510 1410 e

565 1384 738 1452 illius
811 1398 1020 1454 status
1088 1389 1299 1477 primo
1349 1403 1413 1457 et
1468 1411 1583 1477 per
1642 1412 1748 1472 se;
1830 1392 2117 1460 secundo

561 1522 719 1568 vero
756 1505 1107 1591 opponitur
1135 1507 1366 1593 gratiae
1416 1509 1755 1591 habituali,
1829 1530 2002 1590 nam,
2048 1520 2118 1576 ut

209 1615 536 1730 affixus
564 1624 792 1686 Ductor
831 1621 940 1688 hic
1007 1623 1262 1703 asserit,
1335 1626 1545 1711 gratia
1624 1626 1911 1694 continet
1951 1628 2115 1693 emi-

236 1738 516 1807 persectius
564 1746 791 1802 neuter
838 1736 1292 1805 rectitudinem
1388 1740 1661 1825 justitia}
1745 1742 2109 1828 originalis,

228 1807 486 1939 333Ὲὲ
564 1865 871 1940 tanquam
947 1854 1296 1939 perfectius
1370 1856 1682 1922 ordinans
1748 1858 1826 1923 ad
1886 1857 2107 1926 finem.

233 1927 506 2043 ffiffiff
566 1970 745 2035 Unde
775 1981 950 2056 patet
979 1972 1304 2059 quomodo
1342 1972 1661 2060 originale
1693 1995 1807 2060 per
1834 1976 2111 2061 gratiam

557 2084 839 2165 tollatur,
915 2096 1222 2174 tanquam
1285 2108 1400 2174 per
1472 2087 1746 2155 formam
1818 2090 2110 2179 aequiva-

555 2203 822 2282 lenterr,
859 2215 923 2269 et
962 2203 1453 2290 perfectionem,
1525 2205 1692 2271 sicut
1746 2205 1884 2292 ipse
1961 2207 2109 2275 finis

556 2321 1104 2406 supernaturalia,
1156 2321 1233 2387 ad
1268 2343 1461 2412 quem
1498 2321 1752 2389 ordinat
1791 2324 2003 2411 gratia
2044 2325 2107 2390 in

553 2437 773 2523 seipso
841 2438 1134 2505 continet
1190 2439 1558 2505 eminenter
1635 2440 2103 2526 perfectionem

555 2554 707 2620 finis
763 2554 1110 2634 naturalis3
1158 2555 1253 2622 sic
1291 2556 1488 2621 etiam
1549 2555 1757 2643 gratia
1816 2556 1894 2623 de
1934 2558 2103 2624 facto

554 2670 805 2737 remisit
854 2682 1187 2757 peccatum
1239 2671 1395 2737 Adae
1458 2670 1525 2737 in
1585 2671 1826 2759 specie,
1879 2685 2101 2741 contra

555 2787 716 2855 alias
744 2786 1042 2867 virtuteS,
1089 2799 1161 2855 ut
1204 2789 1729 2876 intemperantiae
1762 2800 1826 2856 et
1865 2791 2099 2878 hujus-

557 2904 758 2985 modi,
803 2905 1107 2992 quamvis
1147 2904 1305 2973 illud
1338 2905 1423 2973 sit
1453 2906 1734 2992 privatio
1774 2907 2104 2974 rectitudi-

560 3021 664 3088 nis
699 3023 1149 3108 temperantiae
1199 3023 1263 3088 in
1295 3023 1533 3109 specie.

240 1424 509 1481 concomi-

278 1494 462 1541 tantm·

268 1551 478 1618 gratim.

219 3136 530 3266 23³3&ss
650 3141 829 3205 Patet
856 3138 1049 3205 etiam
1082 3138 1409 3226 quomodo
1440 3139 1650 3228 gratia
1683 3141 2099 3210 sanctificans

262 3277 451 3390 jugffia
561 3256 627 3321 in
669 3265 965 3341 posteros
1020 3255 1608 3338 transfunderetur,
1664 3279 2093 3345 perseveran-

556 3383 621 3436 te
663 3369 932 3451 Adamo,
976 3369 1055 3436 ad
1095 3370 1753 3465 communicationem
1790 3372 2092 3462 justitiae‚

552 3499 863 3575 tanquam
924 3507 1037 3574 per
1106 3505 1183 3554 =se
1239 3487 1637 3575 adjutorium
1727 3490 2096 3556 necessario

550 3604 998 3672 concomitans
1078 3605 1401 3692 justitiam
1480 3607 1893 3694 originalem.
1974 3610 2094 3685 Qui

549 3732 769 3788 autem
813 3721 972 3787 velit
1012 3721 1380 3809 oppositam
1413 3723 1807 3789 sententiam
1857 3744 2090 3792 secun-

550 3836 707 3903 dum
751 3846 1035 3904 mentem
1078 3837 1372 3903 Doctoris
1409 3848 1658 3917 tenere,
1710 3859 1837 3904 non
1896 3862 2093 3928 repu-

548 3974 708 4042 gno,
772 3966 836 4020 et
883 3955 1176 4042 suppetit
1223 3955 1281 4021 ei
1323 3954 1823 4022 fundamentum
1864 3977 1944 4024 ex
1975 3959 2094 4024 ob-

542 4070 832 4156 jectione
881 4070 1109 4137 ultimo
1158 4071 1372 4152 allata,
1429 4071 1581 4158 quia
1626 4081 1842 4138 tamen
1891 4073 2092 4161 aliqui

550 4187 815 4254 variant
860 4187 940 4253 de
977 4200 1198 4254 mente
1229 4189 1397 4275 ejus,
1459 4187 1604 4261 ideo
1645 4209 1762 4275 pro
1820 4201 2094 4276 utraque

552 4318 739 4390 parte
777 4303 1089 4390 proposui
1133 4324 1230 4384 ea,
1267 4324 1415 4392 quae
1440 4304 1652 4392 magis
1677 4304 1836 4369 mihi
1870 4324 2094 4371 occur-

553 4431 710 4486 runt
746 4419 1191 4486 accommoda.

317 4567 403 4620 36.
648 4535 772 4603 Sed
853 4535 1135 4603 tenendo
1200 4534 1476 4623 primam
1556 4536 1971 4615 sententiam,
2033 4550 2098 4604 et

555 4652 828 4741 praefata
885 4662 1271 4742 argumenta
1346 4652 1631 4720 auctoris
1708 4672 1836 4719 non
1878 4656 2092 4721 soluni

548 4782 775 4836 contra
813 4767 1229 4848 Richardum,
1274 4768 1387 4836 sed
1426 4769 1612 4851 alios,
1658 4771 1768 4857 qui
1799 4782 2096 4838 statuunt

542 4887 868 4975 justitiam
908 4886 1301 4976 originalem
1352 4887 1585 4954 saltem
1656 4888 1967 4974 primario
2028 4889 2093 4954 in

547 5002 784 5089 gratia,
837 5013 1009 5070 esset
1063 5002 1507 5091 replicandum
1574 5014 1796 5069 contra
1871 5025 2093 5070 eorum

547 5119 933 5199 solutiones,
968 5118 1139 5205 quod
1182 5120 1246 5185 in
1291 5099 1628 5208 proprium
1661 5120 1873 5188 locum
1907 5121 2095 5189 diffe-

240 5266 481 5331 objectio.
548 5237 778 5304 rimus.
825 5239 961 5302 Iam
1035 5247 1208 5323 patet
1259 5258 1340 5303 ex
1399 5237 1588 5304 dictis
1633 5240 1973 5327 responsio
2016 5242 2095 5307 ad

547 5352 709 5419 illud
747 5351 916 5439 quod
967 5353 1416 5442 principaliter
1466 5355 1810 5443 objiciunt,
1859 5378 2096 5445 nempe

548 5470 605 5537 si
640 5481 977 5557 peccatum
1009 5470 1328 5558 originale
1356 5484 1527 5540 esset
1558 5473 1840 5560 privatio
1865 5475 2096 5562 justi-

536 5589 662 5658 iiae
711 5587 1080 5679 originalia,
1152 5591 1337 5678 sequi
1389 5614 1517 5660 nou
1583 5593 1722 5661 tolli
1761 5593 1841 5661 de
1898 5594 2090 5676 fact0,

3669 410 3788 471 217

2229 597 2377 643 cum
2412 576 2519 644 illa
2586 598 2715 644 non
2757 576 3172 659 restituatur,
3224 576 3496 666 privatio
3554 587 3771 643 autem

2231 693 2440 760 solum
2475 693 2727 761 tollitur
2758 715 2874 783 per
2903 695 3197 762 habitum
3230 693 3632 780 oppositum.

2317 811 2794 898 Respondetur,
2894 814 3064 878 hanc
3130 809 3566 899 privationem
3626 829 3774 876 esse

2232 928 2568 1009 moralem,
2614 949 2745 995 non
2793 928 3160 1016 physicam,
3213 939 3276 995 et
3323 927 3636 995 fundatur
3702 925 3770 992 in

2228 1044 2447 1112 debito
2489 1046 2767 1133 justitiae
2796 1045 3291 1125 conservandae,
3331 1065 3480 1134 quae
3523 1042 3776 1131 perdita
3818 1053 3821 1057 ’

2229 1174 2326 1228 est
2403 1161 2818 1228 demeritorie
2891 1183 3007 1249 per
3092 1172 3423 1248 peccatum
3514 1160 3767 1241 Adami,

2229 1274 2533 1361 quamvis
2617 1273 2772 1340 illud
2860 1274 3310 1361 opponebatur
3393 1272 3770 1340 rectitudini

2228 1391 2493 1458 virtutis
2535 1391 2600 1456 in
2650 1389 2889 1477 specie.
2948 1390 3245 1457 Debitum
3312 1401 3529 1457 autem
3609 1389 3769 1456 illud

2231 1506 2495 1584 morale,
2563 1527 2676 1572 seu
2728 1526 2806 1572 ex
2866 1516 3052 1592 pacto
3111 1506 3427 1572 habendae
3490 1505 3768 1594 justitiae
3843 1566 4072 1619 Privaiio

2226 1620 2591 1708 originaliS,
2627 1620 3032 1688 sufficienter
3063 1621 3404 1688 ordinatur
3452 1642 3566 1707 per
3613 1642 3768 1708 gra-
3837 1630 4086 1742 saggqa?

2215 1738 2381 1818 ,tiam
2417 1736 2932 1805 sanctificantem
2975 1739 3375 1818 restitutum,
3422 1760 3570 1825 quae
3602 1737 3768 1802 emi·
3824 1752 3878 1803 in
3917 1753 4089 1826 debito

2224 1868 2453 1922 neuter
2504 1856 2793 1953 continet
2855 1854 3305 1920 rectitudinem
3372 1853 3755 1933 naturalem,
3863 1817 4062 1868 morah.

3826 777 4041 843 Respon«
4051 779 4118 828 le-

3928 848 4013 893 tui·
4024 881 4036 893 .

3870 1879 4052 1949 Gratia

2221 1994 2349 2039 non
2381 1973 2446 2037 in
2479 1993 2594 2038 sua
2627 1971 2867 2058 specie,
2902 1971 3013 2037 sel
3047 1971 3112 2036 in
3148 1969 3540 2057 perfectiori,
3582 1991 3756 2036 nem·
3791 1940 4032 2053 “⁶322ss
4050 1944 4117 1993 ad

2219 2110 2299 2177 pe
2354 2087 2870 2175 supernaturalis
2928 2086 3357 2152 ordinationis
3418 2085 3497 2151 ad
3559 2085 3753 2152 finem
3789 2064 4105 2180 imffissgiffie·

2221 2203 2782 2291 supernaturalem
2825 2203 3233 2291 simpliciter,
3286 2203 3366 2269 ad
3416 2224 3611 2291 quem
3664 2224 3761 2270 re·
3829 2195 4074 2247 mediate.

2218 2333 2412 2401 mote,
2461 2334 2524 2389 et
2575 2332 2644 2387 ut
2694 2322 2979 2388 medium
3040 2320 3380 2387 ordinabat
3435 2321 3754 2389 rectitudo

2211 2434 2488 2522 Justitiae
2536 2434 2902 2523 originalis,
2962 2435 3141 2511 Quod
3186 2447 3402 2502 autem
3465 2438 3761 2524 proxime

2210 2550 2479 2638 attingit
2520 2550 2716 2617 finem
2751 2561 2814 2617 et
2845 2548 3221 2627 efficaciter,
3258 2552 3552 2618 continet
3590 2553 3655 2619 in
3689 2575 3761 2620 se
3839 2571 3845 2579 ·

2213 2666 2708 2754 aequivalenter,
2746 2677 2805 2732 et
2838 2666 3252 2733 eminentiori
3287 2669 3476 2734 modo
3518 2670 3759 2766 perfec·

2171 2772 2174 2775 ⁵
2212 2784 2454 2850 tionem
2500 2783 2693 2849 medii
2727 2784 2958 2850 remoti
3000 2795 3064 2850 et
3095 2785 3527 2867 subordinati,
3567 2787 3757 2854 illud-

2212 2921 2340 2987 que
2380 2902 2671 2989 supplet;
2727 2901 3005 2989 privatio
3045 2912 3260 2969 autem
3296 2900 3577 2993 justitiae
3621 2906 3755 2971 ori-

2211 3019 2450 3107 ginalis
2503 3019 2819 3085 naturalis
2871 3031 2934 3085 et
2983 3020 3281 3107 physica,
3319 3040 3579 3108 semper
3621 3043 3755 3089 ma·

2211 3148 2343 3218 net,
2392 3160 2600 3227 neque
2631 3137 2822 3204 habet
2857 3138 3172 3205 rationem
3208 3140 3476 3226 peccati.

2295 3256 2594 3344 Intelligo
2628 3267 2845 3323 autem
2886 3277 3032 3323 cuni
3068 3262 3338 3325 Doctore
3369 3260 3748 3327 ordinatio-

2206 3396 2358 3444 nem
2429 3395 2554 3439 non
2599 3374 2961 3461 physicam,
3032 3386 3094 3440 et
3143 3376 3563 3463 operationiS,
3635 3376 3748 3444 sed

2208 3490 2681 3557 ordinationem
2738 3491 3045 3558 moralem
3097 3493 3454 3559 secundum
3509 3493 3748 3580 legem,

2206 3606 2688 3674 institutionem
2748 3612 2812 3674 et
2859 3609 3369 3695 acceptationem
3442 3609 3592 3688 Dei;
3666 3632 3747 3676 ex

2207 3724 2448 3813 quibus
2480 3736 2608 3790 tam
2649 3723 2860 3811 gratia
2891 3745 3084 3811 qnam
3112 3725 3368 3814 justitia
3415 3727 3757 3816 originalis

2205 3849 2627 3932 opponuntur
2684 3852 2946 3925 peccato
3017 3840 3247 3908 saltem
3323 3843 3538 3929 gravi,
3600 3866 3750 3932 quae

2204 3967 2302 4021 est
2357 3954 2606 4021 offensa
2664 3955 3073 4041 simpliciter,
3149 3954 3466 4043 quidquid
3528 3957 3613 4024 sit
3668 3978 3748 4023 an

2198 4070 2453 4159 justitia
2488 4070 2939 4156 opponebatur
2979 4074 3102 4138 hoc
3144 4071 3336 4138 modo
3376 4073 3650 4140 veniali.

2294 4185 2371 4274 (f)
2407 4186 2709 4253 Concedo
2739 4207 2916 4273 ενῃο,
2955 4197 3075 4252 etc.
3115 4189 3233 4253 Hic
3272 4189 3454 4274 ponit
3487 4189 3745 4256 tandem
3822 4261 3892 4313 Co
4055 4263 4067 4274 ,

2204 4302 2693 4369 conclusionem
2753 4323 2963 4382 suam,
3039 4324 3275 4390 nempe
3335 4306 3414 4371 de
3463 4306 3751 4391 potentia
3812 4263 4101 4391 prossffasfo

2203 4418 2501 4484 absoluta
2553 4438 2743 4505 posse
2785 4419 3025 4486 remitti
3060 4431 3391 4505 peccatum
3433 4420 3753 4507 originale

2207 4553 2336 4598 non
2447 4533 2665 4600 infusa
2765 4534 2999 4622 gratia,
3057 4548 3120 4601 et
3215 4536 3518 4615 maxime,
3600 4537 3752 4625 quia

2206 4669 2335 4716 non
2394 4651 2747 4736 opponitur
2811 4651 3020 4737 gratia
3089 4652 3448 4718 formaliter
3489 4665 3752 4740 peccato

2206 4765 2535 4852 originali,
2593 4766 2703 4832 sed
2767 4766 3263 4853 aequivalenter,
3320 4768 3577 4856 justitia
3632 4792 3750 4839 au-

2206 4893 2336 4982 tem
2397 4883 2738 4970 originalis
2781 4884 3158 4953 formaliter.
3213 4889 3472 4966 Contra,
3534 4889 3749 4977 gratia

2197 5021 2335 5082 ¹non
2368 5000 2762 5087 compatitur
2791 5021 2938 5066 cum
2973 5013 3235 5088 peccato
3275 5003 3605 5090 originali,
3643 5018 3752 5073 aut

2207 5137 2353 5184 cum
2397 5116 2528 5183 ullo
2576 5116 2789 5204 gravi,
2844 5118 2939 5185 sic
2986 5119 3180 5185 etiam
3237 5141 3449 5208 neque
3495 5122 3750 5211 justitia

2206 5233 2579 5322 originalis;
2653 5255 2810 5322 ergo
2879 5235 3148 5322 perinde
3196 5240 3550 5325 opponitur
3581 5253 3752 5309 utra-

2209 5371 2336 5438 que
2384 5360 2646 5438 peccato
2686 5351 2991 5439 originali
3025 5353 3406 5438 formaliter,
3454 5357 3555 5424 vel
3591 5379 3749 5424 neu-

3845 3260 3890 3309 D
3901 3255 4051 3319 uplex

3798 3319 4053 3373 ordinatio
4063 3360 4075 3372 .

3892 4137 3977 4188 37.

3814 4933 4061 5005 Olfieciio.

2194 5480 2324 5539 ira.

2295 5587 2746 5673 Respondetur
2821 5590 3099 5680 gratiam
3166 5593 3403 5679 opponi
3484 5607 3745 5681 peccato
3783 5593 4084 5659 Responsio.

4069 5979 4200 6064 f
