4287 6313
528 382 649 445 504

522 542 1143 635 dispositionem
1269 552 1498 619 suam
1615 545 2066 639 propriam,

526 656 677 731 hoc
719 681 881 732 non
945 663 1238 745 obstat,
1299 663 1485 754 quia
1556 664 1757 737 satis
1804 666 2071 755 potest

523 796 763 849 nosse
806 778 1522 861 certitudinaliter‚
1561 781 1771 852 sicut
1815 782 2072 872 requi-

528 895 743 966 ritur
793 896 1221 978 certitudo,
1290 898 1496 989 quod
1568 897 1910 991 ipsemet
1963 899 2073 969 in-

1766 387 1826 449 LI
1832 387 1900 447 B.
1935 386 2032 449 lv,
2064 386 2656 452 SENTENTIARUM

2185 552 2695 621 oramentum
2805 549 2981 641 ejus
3061 549 3317 641 possit
3403 568 3581 620 esse
3655 548 3733 621 in

2187 666 2704 760 suscipiente,
2743 667 2950 759 quod
2991 670 3216 760 patet
3266 687 3367 737 ex
3399 685 3732 757 respon-

2187 785 2413 858 sione
2466 784 2745 859 statim
2782 787 3189 877 sequente.

2272 902 2489 973 Unde
2523 903 2616 973 ad
2654 900 3058 974 rationem
3090 899 3369 975 statim
3402 919 3727 992 respon-

3828 977 3908 1028 Ad
3935 978 3989 1029 2.

526 1011 778 1085 tendit
813 1012 1177 1105 recipere
1227 1014 1762 1116 Baptismum,
1808 1019 1888 1088 et
1921 1013 2072 1087 hoc
2184 1017 2517 1090 dendum
2560 1022 2710 1100 est,
2792 1017 2998 1108 quod
3042 1016 3121 1087 in
3156 1020 3331 1089 toto
3378 1035 3730 1109 corpore
3755 1040 3923 1090 auter
3975 1039 4082 1091 vita

528 1125 829 1202 sufficit
870 1152 960 1202 cx
994 1135 1228 1227 parte
1271 1131 1471 1224 ejus.

617 1243 699 1317 Si
767 1245 983 1318 dicas
1072 1248 1279 1339 quod
1336 1269 1497 1320 non
1570 1255 1839 1342 potest
1896 1271 2074 1323 esse

527 1366 802 1436 certus
836 1363 925 1435 de
986 1364 1434 1440 intentione
1492 1367 1877 1453 ministri,
1923 1369 2074 1445 hoc

526 1503 686 1554 non
733 1482 1024 1563 obstat,
1064 1484 1251 1575 quia
1291 1484 1827 1576 probabiliter
1878 1509 2075 1581 prae·

529 1598 741 1671 sumi
785 1602 1079 1692 potest,
1154 1601 1360 1691 quod
1409 1602 1768 1675 ministri
1829 1604 2077 1678 talem

527 1717 799 1786 actum
875 1719 1372 1796 exercentes,
1448 1715 1867 1793 intendant
1961 1719 2077 1791 fa-

527 1853 713 1904 cere
771 1832 992 1916 illud,
1077 1833 1170 1904 ad
1242 1834 1446 1925 quod
1507 1839 1739 1910 actus
1805 1858 2079 1909 sccun-

527 1945 715 2017 dum
787 1970 870 2020 se
961 1948 1382 2023 ordinatus
1479 1955 1626 2032 est,
1725 1952 1859 2024 sed
1918 1973 2081 2024 non

186 3766 269 3815 Ad
298 3737 419 3828 arg.
455 3762 502 3817 1.

530 2069 648 2140 ita
744 2071 1022 2158 posset
1120 2066 1402 2140 haberi
1508 2069 1913 2144 certitudo
1990 2070 2080 2143 de

531 2182 894 2257 bonitate
983 2183 1109 2255 vel
1188 2184 1627 2259 sanctitate
1691 2186 2074 2260 ministri.

624 2302 1041 2374 Praeterea
1107 2321 1206 2373 ex
1272 2306 1508 2393 parte
1560 2304 2079 2397 suscipientis

530 2420 656 2490 est
682 2416 1245 2507 congruentia,
1296 2418 1483 2509 quia
1518 2418 1844 2491 omnino
1882 2420 2080 2513 inju-

532 2538 751 2607 stum
818 2537 966 2615 est,
1023 2535 1375 2607 alterum
1438 2554 1586 2630 pro
1651 2537 2080 2630 iniquitate

530 2648 872 2721 alterius
927 2649 1223 2741 puniri,
1298 2651 1610 2742 quando
1674 2652 1810 2725 ille
1869 2653 2082 2728 alter

530 2764 753 2837 nullo
818 2766 1048 2838 modo
1082 2767 1630 2841 communicat
1666 2769 2079 2861 iniquitati

527 2882 779 2965 illius,
825 2883 942 2957 ita
1005 2880 1115 2955 ut'
1150 2885 1408 2976 possit
1453 2885 1604 2959 sibi
1641 2886 2076 2980 imputari;

536 2999 669 3070 sed
748 2998 885 3071 ille
967 3000 1485 3093 baptizandus
1562 3003 1920 3096 disponit
1996 3028 2080 3079 se

534 3113 629 3187 ad
707 3117 1067 3207 gratiam
1164 3124 1553 3210 quantum
1628 3125 1936 3213 potest;
2012 3124 2080 3197 si

532 3252 731 3325 ergo
805 3235 1122 3308 malitia
1184 3236 1543 3310 ministri
1623 3238 2074 3332 impediret,

534 3352 670 3424 ille
776 3352 1210 3445 puniretur
1317 3360 1658 3447 propter
1753 3358 2076 3450 culpam

534 3467 909 3550 alienam,
995 3469 1219 3541 nullo
1293 3471 1525 3542 modo
1606 3471 1757 3544 sibi
1819 3472 2076 3565 impu-

532 3584 885 3656 tandam.

625 3702 735 3773 Ad
780 3701 1136 3793 primum
1177 3722 1376 3792 ergo
1428 3702 1627 3784 dico,
1673 3706 1879 3796 quod
1939 3715 2076 3784 aut

532 3818 969 3892 haereticus
1063 3819 1422 3911 baptizat
1498 3823 1930 3913 parvulum
1998 3825 2079 3898 in

536 3940 806 4011 forma
866 3939 945 4009 et
1018 3936 1464 4010 intentione
1526 3937 1926 4024 Ecclesiae,
1996 3947 2077 4016 et

534 4053 738 4127 nihil
803 4053 1028 4126 obest
1091 4053 1460 4145 parvulo,
1506 4074 1648 4127 nec
1686 4062 2075 4148 quantum

534 4170 629 4242 ad
684 4172 1329 4250 Sacramentum,
1367 4188 1510 4243 nec
1548 4175 1936 4263 quantum
1982 4175 2077 4245 ad

534 4283 934 4358 effectum.
981 4285 1140 4357 Aut
1172 4283 1532 4376 baptizat
1570 4285 1959 4370 adultum,
1997 4293 2075 4363 et

534 4398 788 4474 adhuc
852 4399 1174 4474 confert
1216 4401 1365 4475 sibi
1429 4406 2070 4488 Sacramentum,

531 4521 613 4591 ct
683 4514 1058 4590 effectum
1116 4515 1316 4608 ejus,
1366 4517 1433 4589 si
1477 4518 1557 4590 in
1607 4518 1881 4592 adulto
1914 4541 2075 4623 non

530 4631 654 4699 est
770 4626 1070 4717 aliquis
1142 4625 1405 4699 malus
1498 4632 1794 4711 motuS,
1877 4635 2073 4722 puta

532 4765 915 4818 assensus
985 4745 1065 4817 in
1131 4744 1510 4817 haeresim
1553 4745 2069 4838 baptizantis,

530 4861 656 4934 vel
692 4861 1061 4945 intentio,
1107 4868 1196 4937 ut
1230 4865 1366 4937 fiat
1394 4862 1826 4955 discipulus
1860 4866 2068 4958 ejus;

531 4983 613 5053 et
662 4979 751 5051 de
821 4980 970 5052 tali
1025 4980 1545 5070 intelligenda
1612 4986 1735 5055 est
1800 4988 2072 5055 aucto·

534 5094 740 5167 ritas
784 5094 1220 5178 Ambrosii,
1257 5100 1334 5169 et
1378 5096 1761 5172 similiter
1802 5103 2073 5173 aucto-

534 5211 739 5284 ritas
792 5211 1250 5303 Augustini,
1325 5213 1530 5305 quod
1602 5195 1869 5290 vi’rtus
1930 5218 2073 5290 illa

529 5329 1039 5412 sacramenti
1125 5329 1296 5404 vita
1370 5335 1517 5412 est,
1585 5338 1894 5423 ergoet
1931 5334 2071 5406 illa

532 5465 694 5518 non
749 5449 1019 5517 manet
1092 5445 1171 5515 in
1255 5448 1616 5519 membro
1697 5451 2064 5541 praeciso.

533 5563 713 5634 Non
755 5565 1026 5634 tamen
1080 5561 1473 5652 sequitur,
1525 5563 1716 5654 quin
1758 5583 1902 5656 per
1935 5568 2069 5640 Sa-

3781 1103 4045 1152 derivatur

2188 1134 2538 1206 humano
2626 1133 2794 1207 vita
2893 1152 3051 1204 una
3134 1137 3259 1206 est
3367 1134 3809 1215 omniumin
3868 1179 4085 1230 corpore

2191 1251 2574 1345 partium,
2674 1255 2755 1324 et
2826 1248 3378 1343 participatur
3445 1249 3543 1321 ab
3610 1249 3729 1322 eis

3810 1230 4021 1293 mystico

3843 1304 3996 1355 quam

2192 1365 2468 1438 ordine
2560 1364 2928 1456 quodam,
3021 1363 3210 1455 quia
3294 1362 3557 1455 primo
3645 1354 3809 1434 inin
3839 1351 4081 1402 ”ammu-

2191 1482 2453 1565 corde,
2515 1482 2860 1554 secundo
2911 1479 2992 1551 in
3027 1478 3237 1564 aliis,
3289 1480 3728 1552 secundum

2192 1599 2396 1693 quod
2493 1596 3025 1691 propinquius
3109 1617 3193 1667 se
3262 1595 3554 1668 habent
3641 1595 3738 1668 ad

2193 1716 2384 1790 illud
2446 1713 2938 1807 principium
2978 1713 3199 1795 vitae;
3244 1717 3325 1786 et
3396 1712 3568 1784 ideo
3630 1710 3739 1784 ibi

2195 1853 2339 1927 per
2389 1850 2632 1903 unam
2677 1835 2996 1923 partem
3034 1848 3195 1903 non
3253 1833 3523 1922 potest
3570 1827 3742 1901 vita

2190 1948 2546 2025 derivari
2609 1948 2704 2020 ad
2770 1947 3043 2031 aliam,
3099 1947 3261 2020 nisi
3337 1947 3497 2021 ista
3551 1966 3742 2040 pars

2191 2068 2566 2142 derivans
2634 2069 2862 2160 prius
2930 2065 3156 2138 vivat
3214 2065 3490 2136 eadem
3540 2063 3735 2145 vita,

2196 2186 2425 2259 modo
2505 2205 2649 2258 suo
2723 2183 3109 2276 perfectO.
3181 2183 3362 2254 Non
3430 2184 3555 2254 est
3625 2180 3741 2254 sic

2194 2302 2655 2395 incorpore
2728 2299 3099 2393 mystico,
3150 2301 3354 2390 quod
3415 2303 3540 2372 est
3603 2300 3741 2370 Ec-

2193 2417 2466 2499 clesia,
2541 2417 2729 2509 quia
2768 2436 2930 2489 non
2992 2420 3117 2489 est
3160 2414 3240 2488 in
3280 2415 3397 2488 eis
3433 2434 3591 2487 una
3624 2413 3737 2485 vi-

2195 2536 2280 2606 ta
2337 2553 2705 2615 numero,
2743 2553 2887 2605 nec
2923 2537 3259 2626 oportet
3308 2532 3512 2626 quod
3548 2531 3740 2604 illud

2198 2649 2673 2731 membrum,
2751 2648 2957 2742 quod
3077 2646 3741 2721 ministerialiter

2191 2766 2327 2840 dat
2394 2766 2682 2846 vitam⁴
2734 2763 3004 2845 alteri,
3064 2764 3169 2839 sit
3267 2764 3734 2858 propinqui-

2193 2905 2286 2954 us
2358 2881 2759 2976 principio
2848 2883 3037 2956 vitae
3097 2880 3177 2953 in
3239 2881 3739 2974 participan-

2192 3000 2288 3073 do
2358 2999 2636 3081 vitam,
2722 3000 2854 3072 sed
2930 3002 3254 3073 tantum
3335 2997 3414 3070 in
3487 2999 3739 3090 gradu

2196 3115 2735 3191 ministrandi.
2810 3115 3292 3209 Exemplum
3352 3119 3594 3197 esset,
3667 3114 3733 3188 si

2192 3256 2414 3326 venae
2460 3234 2538 3308 in
2578 3254 2927 3325 corpore
2970 3252 3129 3305 non
3159 3234 3530 3306 viverent
3575 3234 3735 3307 for-

2195 3350 2545 3433 maliter,
2584 3356 2857 3425 tamen
2897 3356 3167 3425 essent
3211 3350 3469 3424 media
3511 3352 3737 3424 mini-

2195 3470 2505 3541 strandi
2559 3469 2815 3543 vitam
2873 3469 3196 3543 caeteris
3233 3470 3600 3562 paribus.

2283 3587 2396 3657 Ad
2464 3586 2657 3658 illud
2725 3587 2816 3658 de
2908 3576 3610 3660 sanctificatione
3665 3592 3738 3661 in

2193 3713 2427 3785 aqua,
2497 3697 2880 3785 negatum
2940 3699 3064 3768 est
3130 3715 3378 3787 supra
3435 3698 3616 3766 dist.
3673 3701 3737 3769 1.

2193 3831 2336 3885 nec
2368 3812 2689 3885 videtur
2734 3813 3077 3886 multum
3142 3814 3550 3906 probabile
3591 3815 3749 3887 vir-

3856 3613 3937 3664 Ad
3965 3615 4015 3665 3.

2193 3933 2448 4003 tutem
2511 3931 3219 4022 supernaturalem
3299 3930 3544 4004 toties
3616 3949 3782 4023 ge·-

2192 4048 2466 4121 nerari
2585 4049 2663 4120 et
2740 4047 3185 4141 corrumpi,
3279 4068 3533 4140 neque
3603 4049 3748 4122 eti-

2190 4186 2347 4250 am,
2438 4165 2643 4258 quod
2711 4171 2891 4257 post
2953 4164 3566 4256 generationem
3658 4167 3738 4239 in

2192 4303 2399 4377 aqua
2475 4282 2959 4377 Baptismali
3038 4302 3360 4375 semper
3436 4303 3742 4374 perma-

2190 4406 2399 4484 neat,
2460 4405 2975 4494 permanente
3024 4419 3263 4493 aqua.

2278 4518 2390 4591 Ad
2431 4516 3007 4591 auctoritatem
3060 4515 3492 4597 Ambrosii,
3534 4537 3743 4608 quae-

2192 4656 2278 4706 re
2349 4654 2621 4726 supra.
2666 4632 2841 4706 Dici
2921 4637 3235 4724 potest,
3323 4635 3532 4705 sicut
3627 4633 3742 4705 di-

2188 4758 2409 4827 ctum
2464 4756 2579 4825 est
2630 4753 2801 4819 dist.
2890 4763 3110 4839 qucest.
3153 4752 3216 4821 4.
3281 4753 3361 4822 et
3407 4753 3473 4822 5.
3544 4749 3744 4841 quod

2187 4891 2348 4942 non
2442 4874 2566 4943 est
2651 4867 2918 4940 virtus
2990 4866 3254 4957 aliqua
3348 4868 3428 4937 in
3505 4885 3740 4958 aqua,

2192 5005 2363 5078 quae
2407 4984 2513 5057 sit
2558 4982 2825 5055 activa
2887 4982 3318 5054 secundum
3382 4980 3741 5072 aliquam

2190 5103 2540 5176 formam
2627 5098 3108 5177 absolutam;
3207 5097 3338 5169 sed
3423 5100 3743 5170 tantum

2186 5227 2310 5293 est
2387 5218 2670 5298 vir-tus,
2744 5237 2918 5308 quae
2976 5220 3101 5289 est
3187 5213 3563 5287 ultimum
3643 5213 3734 5285 de

2186 5335 2564 5427 potentia,
2622 5332 2933 5405 scilicet
3007 5329 3449 5403 efficaciter
3501 5329 3745 5420 signi-

2185 5456 2435 5526 ficare
2485 5448 2876 5540 gratiam.

2272 5566 2387 5641 Ad
2433 5563 2646 5638 aliud
2682 5564 2773 5636 de
2831 5562 3265 5653 cypriano,
3309 5559 3484 5632 dico
3543 5560 3747 5651 quod

3849 4536 3936 4589 Ad
3962 4539 4011 4590 4.

3853 5585 3936 5638 Ad
3961 5587 4012 5638 5.
