<?xml version="1.0" encoding="UTF-8"?>
<!DOCTYPE html PUBLIC "-//W3C//DTD XHTML 1.0 Transitional//EN"
    "http://www.w3.org/TR/xhtml1/DTD/xhtml1-transitional.dtd">
<html xmlns="http://www.w3.org/1999/xhtml" xml:lang="en" lang="en">
 <head>
  <title>
</title>
<meta http-equiv="Content-Type" content="text/html;charset=utf-8" />
  <meta name='ocr-system' content='tesseract 3.04.00' />
  <meta name='ocr-capabilities' content='ocr_page ocr_carea ocr_par ocr_line ocrx_word'/>
</head>
<body>
  <div class='ocr_page' id='page_1' title='image "./joannisdunsscot01waddgoog_0414.png"; bbox 0 0 4287 6313; ppageno 0'>
   <div class='ocr_carea' id='block_1_1' title="bbox 604 365 723 434">
    <p class='ocr_par' dir='ltr' id='par_1_1' title="bbox 604 365 723 434">
     <span class='ocr_line' id='line_1_1' title="bbox 604 365 723 434; baseline -0.059 -2"><span class='ocrx_word' id='word_1_1' title='bbox 604 365 723 434; x_wconf 80' lang='lat'>398</span> 
     </span>
    </p>
   </div>
   <div class='ocr_carea' id='block_1_2' title="bbox 275 531 2176 5614">
    <p class='ocr_par' dir='ltr' id='par_1_2' title="bbox 275 531 2176 2240">
     <span class='ocr_line' id='line_1_2' title="bbox 299 531 2167 610; baseline 0.004 -24"><span class='ocrx_word' id='word_1_2' title='bbox 299 535 403 587; x_wconf 75' lang='lat' dir='ltr'>Sed</span> <span class='ocrx_word' id='word_1_3' title='bbox 423 531 581 609; x_wconf 56' lang='lat' dir='ltr'>gatiam</span> <span class='ocrx_word' id='word_1_4' title='bbox 616 547 746 608; x_wconf 79' lang='lat' dir='ltr'>per</span> <span class='ocrx_word' id='word_1_5' title='bbox 797 532 1239 595; x_wconf 81' lang='lat' dir='ltr'>voluntariam</span> <span class='ocrx_word' id='word_1_6' title='bbox 1287 535 1749 610; x_wconf 72' lang='lat' dir='ltr'><strong><em>susceptionem</em></strong></span> <span class='ocrx_word' id='word_1_7' title='bbox 1799 537 2032 608; x_wconf 74' lang='lat' dir='ltr'>qratiae</span> <span class='ocrx_word' id='word_1_8' title='bbox 2112 539 2167 594; x_wconf 85' lang='lat' dir='ltr'>et</span> 
     </span>
     <span class='ocr_line' id='line_1_3' title="bbox 275 616 2167 731; baseline 0.001 -19"><span class='ocrx_word' id='word_1_9' title='bbox 275 616 597 712; x_wconf 60' lang='lat' dir='ltr'>sanctfficati-</span> <span class='ocrx_word' id='word_1_10' title='bbox 626 652 968 722; x_wconf 78' lang='lat' dir='ltr'>donorum,</span> <span class='ocrx_word' id='word_1_11' title='bbox 1000 654 1166 715; x_wconf 77' lang='lat' dir='ltr'>unde</span> <span class='ocrx_word' id='word_1_12' title='bbox 1191 653 1382 713; x_wconf 74' lang='lat' dir='ltr'>homo</span> <span class='ocrx_word' id='word_1_13' title='bbox 1414 668 1500 713; x_wconf 78' lang='lat' dir='ltr'>ex</span> <span class='ocrx_word' id='word_1_14' title='bbox 1541 655 1780 731; x_wconf 83' lang='lat' dir='ltr'>injusto</span> <span class='ocrx_word' id='word_1_15' title='bbox 1825 654 1895 728; x_wconf 86' lang='lat' dir='ltr'>slt</span> <span class='ocrx_word' id='word_1_16' title='bbox 1929 655 2167 731; x_wconf 83' lang='lat' dir='ltr'>justus,</span> 
     </span>
     <span class='ocr_line' id='line_1_4' title="bbox 382 740 2169 844; baseline 0.003 -19"><span class='ocrx_word' id='word_1_17' title='bbox 382 740 492 776; x_wconf 75' lang='lat' dir='ltr'>one.</span> <span class='ocrx_word' id='word_1_18' title='bbox 626 771 683 826; x_wconf 83' lang='lat' dir='ltr'>et</span> <span class='ocrx_word' id='word_1_19' title='bbox 711 782 797 827; x_wconf 70' lang='lat' dir='ltr'>em</span> <span class='ocrx_word' id='word_1_20' title='bbox 823 769 1088 830; x_wconf 85' lang='lat' dir='ltr'>inimico</span> <span class='ocrx_word' id='word_1_21' title='bbox 1132 772 1403 844; x_wconf 85' lang='lat' dir='ltr'>amicus,</span> <span class='ocrx_word' id='word_1_22' title='bbox 1457 776 1524 830; x_wconf 88' lang='lat' dir='ltr'>ut</span> <span class='ocrx_word' id='word_1_23' title='bbox 1580 772 1658 831; x_wconf 88' lang='lat' dir='ltr'>sit</span> <span class='ocrx_word' id='word_1_24' title='bbox 1701 772 1904 833; x_wconf 70' lang='lat' dir='ltr'>haeres</span> <span class='ocrx_word' id='word_1_25' title='bbox 1951 788 2169 833; x_wconf 84' lang='lat' dir='ltr'>secun-</span> 
     </span>
     <span class='ocr_line' id='line_1_5' title="bbox 622 884 2169 960; baseline 0.005 -18"><span class='ocrx_word' id='word_1_26' title='bbox 622 884 778 943; x_wconf 87' lang='lat' dir='ltr'>dum</span> <span class='ocrx_word' id='word_1_27' title='bbox 818 900 994 960; x_wconf 81' lang='lat' dir='ltr'>spem</span> <span class='ocrx_word' id='word_1_28' title='bbox 1037 886 1178 946; x_wconf 65' lang='lat' dir='ltr'>vitas</span> <span class='ocrx_word' id='word_1_29' title='bbox 1205 892 1476 960; x_wconf 78' lang='lat' dir='ltr'>aetcrnae,</span> <span class='ocrx_word' id='word_1_30' title='bbox 1510 891 1578 948; x_wconf 90' lang='lat' dir='ltr'>et</span> <span class='ocrx_word' id='word_1_31' title='bbox 1606 888 1740 950; x_wconf 82' lang='lat' dir='ltr'>haec</span> <span class='ocrx_word' id='word_1_32' title='bbox 1771 888 1988 950; x_wconf 88' lang='lat' dir='ltr'>omnia</span> <span class='ocrx_word' id='word_1_33' title='bbox 2019 905 2169 950; x_wconf 90' lang='lat' dir='ltr'>cau·</span> 
     </span>
     <span class='ocr_line' id='line_1_6' title="bbox 617 1001 2170 1078; baseline 0.003 -18"><span class='ocrx_word' id='word_1_34' title='bbox 617 1004 714 1060; x_wconf 85' lang='lat' dir='ltr'>sat</span> <span class='ocrx_word' id='word_1_35' title='bbox 783 1001 848 1058; x_wconf 89' lang='lat' dir='ltr'>in</span> <span class='ocrx_word' id='word_1_36' title='bbox 906 1017 985 1061; x_wconf 92' lang='lat' dir='ltr'>eo</span> <span class='ocrx_word' id='word_1_37' title='bbox 1044 1003 1434 1078; x_wconf 76' lang='lat' dir='ltr'><strong>Baptismus,</strong></span> <span class='ocrx_word' id='word_1_38' title='bbox 1507 1006 1582 1066; x_wconf 89' lang='lat' dir='ltr'>Et</span> <span class='ocrx_word' id='word_1_39' title='bbox 1637 1003 1826 1075; x_wconf 86' lang='lat' dir='ltr'>infra,</span> <span class='ocrx_word' id='word_1_40' title='bbox 1902 1022 2170 1067; x_wconf 89' lang='lat' dir='ltr'>causam</span> 
     </span>
     <span class='ocr_line' id='line_1_7' title="bbox 615 1112 2170 1199; baseline 0.006 -25"><span class='ocrx_word' id='word_1_41' title='bbox 615 1112 959 1179; x_wconf 87' lang='lat' dir='ltr'>formalem</span> <span class='ocrx_word' id='word_1_42' title='bbox 1003 1116 1509 1197; x_wconf 80' lang='lat' dir='ltr'>justificationiS,</span> <span class='ocrx_word' id='word_1_43' title='bbox 1573 1137 1693 1198; x_wconf 92' lang='lat' dir='ltr'>per</span> <span class='ocrx_word' id='word_1_44' title='bbox 1762 1122 2170 1199; x_wconf 89' lang='lat' dir='ltr'>Baptismum</span> 
     </span>
     <span class='ocr_line' id='line_1_8' title="bbox 620 1231 2171 1315; baseline 0.004 -23"><span class='ocrx_word' id='word_1_45' title='bbox 620 1231 804 1306; x_wconf 83' lang='lat' dir='ltr'>datae,</span> <span class='ocrx_word' id='word_1_46' title='bbox 852 1238 1084 1297; x_wconf 87' lang='lat' dir='ltr'>asserit</span> <span class='ocrx_word' id='word_1_47' title='bbox 1115 1252 1264 1298; x_wconf 90' lang='lat' dir='ltr'>esse</span> <span class='ocrx_word' id='word_1_48' title='bbox 1303 1239 1634 1311; x_wconf 84' lang='lat' dir='ltr'>justitiam</span> <span class='ocrx_word' id='word_1_49' title='bbox 1691 1241 1827 1308; x_wconf 86' lang='lat' dir='ltr'>Dei,</span> <span class='ocrx_word' id='word_1_50' title='bbox 1880 1255 2007 1300; x_wconf 82' lang='lat' dir='ltr'>non</span> <span class='ocrx_word' id='word_1_51' title='bbox 2037 1254 2171 1315; x_wconf 84' lang='lat' dir='ltr'>qua</span> 
     </span>
     <span class='ocr_line' id='line_1_9' title="bbox 616 1350 2169 1430; baseline 0.002 -20"><span class='ocrx_word' id='word_1_52' title='bbox 616 1350 750 1424; x_wconf 83' lang='lat' dir='ltr'>ipse</span> <span class='ocrx_word' id='word_1_53' title='bbox 769 1351 988 1425; x_wconf 84' lang='lat' dir='ltr'>justus</span> <span class='ocrx_word' id='word_1_54' title='bbox 1015 1357 1103 1412; x_wconf 86' lang='lat' dir='ltr'>cst</span> <span class='ocrx_word' id='word_1_55' title='bbox 1130 1352 1149 1430; x_wconf 95' lang='lat'><strong>(</strong></span> <span class='ocrx_word' id='word_1_56' title='bbox 1177 1354 1249 1413; x_wconf 90' lang='lat' dir='ltr'>ut</span> <span class='ocrx_word' id='word_1_57' title='bbox 1278 1368 1445 1413; x_wconf 85' lang='lat' dir='ltr'>vane</span> <span class='ocrx_word' id='word_1_58' title='bbox 1479 1350 1776 1413; x_wconf 88' lang='lat' dir='ltr'>moderni</span> <span class='ocrx_word' id='word_1_59' title='bbox 1807 1354 2169 1416; x_wconf 88' lang='lat' dir='ltr'>Novatores</span> 
     </span>
     <span class='ocr_line' id='line_1_10' title="bbox 614 1464 2176 1556; baseline 0.003 -31"><span class='ocrx_word' id='word_1_60' title='bbox 614 1464 979 1556; x_wconf 85' lang='lat' dir='ltr'>garriunt),</span> <span class='ocrx_word' id='word_1_61' title='bbox 1024 1470 1137 1529; x_wconf 85' lang='lat' dir='ltr'>sed</span> <span class='ocrx_word' id='word_1_62' title='bbox 1178 1484 1308 1543; x_wconf 81' lang='lat' dir='ltr'>qua</span> <span class='ocrx_word' id='word_1_63' title='bbox 1366 1483 1480 1528; x_wconf 85' lang='lat' dir='ltr'>nos</span> <span class='ocrx_word' id='word_1_64' title='bbox 1497 1469 1710 1542; x_wconf 81' lang='lat' dir='ltr'>justos</span> <span class='ocrx_word' id='word_1_65' title='bbox 1765 1470 1955 1543; x_wconf 78' lang='lat' dir='ltr'>facit,</span> <span class='ocrx_word' id='word_1_66' title='bbox 2005 1470 2176 1544; x_wconf 77' lang='lat' dir='ltr'>J&#39;usti</span> 
     </span>
     <span class='ocr_line' id='line_1_11' title="bbox 616 1582 2164 1659; baseline 0.001 -18"><span class='ocrx_word' id='word_1_67' title='bbox 616 1582 1035 1642; x_wconf 79' lang='lat' dir='ltr'><strong><em>nominamur</em></strong></span> <span class='ocrx_word' id='word_1_68' title='bbox 1063 1588 1121 1644; x_wconf 82' lang='lat' dir='ltr'>et</span> <span class='ocrx_word' id='word_1_69' title='bbox 1159 1597 1403 1653; x_wconf 85' lang='lat' dir='ltr'>sumus,</span> <span class='ocrx_word' id='word_1_70' title='bbox 1445 1584 1682 1643; x_wconf 82' lang='lat' dir='ltr'>camin</span> <span class='ocrx_word' id='word_1_71' title='bbox 1713 1584 1894 1644; x_wconf 83' lang='lat' dir='ltr'>nobis</span> <span class='ocrx_word' id='word_1_72' title='bbox 1929 1585 2164 1659; x_wconf 83' lang='lat' dir='ltr'>recipi-</span> 
     </span>
     <span class='ocr_line' id='line_1_12' title="bbox 619 1697 2169 1776; baseline 0.001 -16"><span class='ocrx_word' id='word_1_73' title='bbox 619 1703 805 1760; x_wconf 84' lang='lat' dir='ltr'>entes.</span> <span class='ocrx_word' id='word_1_74' title='bbox 838 1698 913 1759; x_wconf 90' lang='lat' dir='ltr'>Et</span> <span class='ocrx_word' id='word_1_75' title='bbox 953 1698 1120 1758; x_wconf 90' lang='lat' dir='ltr'>hanc</span> <span class='ocrx_word' id='word_1_76' title='bbox 1159 1697 1479 1776; x_wconf 86' lang='lat' dir='ltr'>justitiam</span> <span class='ocrx_word' id='word_1_77' title='bbox 1513 1699 1664 1760; x_wconf 89' lang='lat' dir='ltr'>dicit</span> <span class='ocrx_word' id='word_1_78' title='bbox 1698 1715 1847 1761; x_wconf 81' lang='lat' dir='ltr'>esse</span> <span class='ocrx_word' id='word_1_79' title='bbox 1893 1700 2169 1762; x_wconf 87' lang='lat' dir='ltr'>charita-</span> 
     </span>
     <span class='ocr_line' id='line_1_13' title="bbox 622 1812 2168 1892; baseline 0.002 -18"><span class='ocrx_word' id='word_1_80' title='bbox 622 1818 755 1874; x_wconf 89' lang='lat' dir='ltr'>tem</span> <span class='ocrx_word' id='word_1_81' title='bbox 800 1813 941 1884; x_wconf 89' lang='lat' dir='ltr'>Dei,</span> <span class='ocrx_word' id='word_1_82' title='bbox 991 1828 1140 1892; x_wconf 86' lang='lat' dir='ltr'>quae</span> <span class='ocrx_word' id='word_1_83' title='bbox 1176 1812 1560 1876; x_wconf 82' lang='lat' dir='ltr'>diffunditur</span> <span class='ocrx_word' id='word_1_84' title='bbox 1610 1816 1675 1875; x_wconf 92' lang='lat' dir='ltr'>in</span> <span class='ocrx_word' id='word_1_85' title='bbox 1708 1813 2015 1876; x_wconf 80' lang='lat' dir='ltr'>cordibus</span> <span class='ocrx_word' id='word_1_86' title='bbox 2061 1831 2168 1877; x_wconf 85' lang='lat' dir='ltr'>eo·</span> 
     </span>
     <span class='ocr_line' id='line_1_14' title="bbox 618 1930 2167 2010; baseline 0.003 -20"><span class='ocrx_word' id='word_1_87' title='bbox 618 1945 785 1999; x_wconf 88' lang='lat' dir='ltr'>rum,</span> <span class='ocrx_word' id='word_1_88' title='bbox 850 1932 958 2008; x_wconf 88' lang='lat' dir='ltr'>qui</span> <span class='ocrx_word' id='word_1_89' title='bbox 1008 1930 1473 2010; x_wconf 77' lang='lat' dir='ltr'>Justificantur,</span> <span class='ocrx_word' id='word_1_90' title='bbox 1528 1937 1729 2008; x_wconf 80' lang='lat' dir='ltr'>atque</span> <span class='ocrx_word' id='word_1_91' title='bbox 1779 1931 1938 2009; x_wconf 89' lang='lat' dir='ltr'>ipsis</span> <span class='ocrx_word' id='word_1_92' title='bbox 1978 1933 2167 1994; x_wconf 76' lang='lat' dir='ltr'>inhae-</span> 
     </span>
     <span class='ocr_line' id='line_1_15' title="bbox 618 2047 2166 2127; baseline 0.003 -21"><span class='ocrx_word' id='word_1_93' title='bbox 618 2053 741 2115; x_wconf 89' lang='lat' dir='ltr'>ret,</span> <span class='ocrx_word' id='word_1_94' title='bbox 794 2047 1230 2127; x_wconf 80' lang='lat' dir='ltr'>subiungens,</span> <span class='ocrx_word' id='word_1_95' title='bbox 1310 2050 1375 2107; x_wconf 77' lang='lat' dir='ltr'>in</span> <span class='ocrx_word' id='word_1_96' title='bbox 1460 2049 1603 2123; x_wconf 84' lang='lat' dir='ltr'>ipsa</span> <span class='ocrx_word' id='word_1_97' title='bbox 1675 2048 2166 2123; x_wconf 78' lang='lat' dir='ltr'>justificatione,</span> 
     </span>
     <span class='ocr_line' id='line_1_16' title="bbox 622 2163 2173 2240; baseline 0.001 -17"><span class='ocrx_word' id='word_1_98' title='bbox 622 2179 768 2223; x_wconf 88' lang='lat' dir='ltr'>cum</span> <span class='ocrx_word' id='word_1_99' title='bbox 796 2165 1166 2224; x_wconf 70' lang='lat' dir='ltr'><em>remissione</em></span> <span class='ocrx_word' id='word_1_100' title='bbox 1191 2169 1610 2238; x_wconf 85' lang='lat' dir='ltr'>peccatorum</span> <span class='ocrx_word' id='word_1_101' title='bbox 1646 2163 1841 2223; x_wconf 85' lang='lat' dir='ltr'>simut</span> <span class='ocrx_word' id='word_1_102' title='bbox 1881 2166 2173 2240; x_wconf 78' lang='lat' dir='ltr'>recipere</span> 
     </span>
    </p>

    <p class='ocr_par' dir='ltr' id='par_1_3' title="bbox 618 2279 1570 2354">
     <span class='ocr_line' id='line_1_17' title="bbox 618 2279 1570 2354; baseline 0.003 -17"><span class='ocrx_word' id='word_1_103' title='bbox 618 2294 818 2354; x_wconf 81' lang='lat' dir='ltr'>spem,</span> <span class='ocrx_word' id='word_1_104' title='bbox 860 2279 1053 2353; x_wconf 73' lang='lat' dir='ltr'>fidem</span> <span class='ocrx_word' id='word_1_105' title='bbox 1086 2285 1140 2338; x_wconf 85' lang='lat' dir='ltr'>ct</span> <span class='ocrx_word' id='word_1_106' title='bbox 1168 2280 1570 2340; x_wconf 72' lang='lat' dir='ltr'>charitatem.</span> 
     </span>
    </p>

    <p class='ocr_par' dir='ltr' id='par_1_4' title="bbox 402 2394 2170 4917">
     <span class='ocr_line' id='line_1_18' title="bbox 402 2394 2167 2475; baseline 0.004 -23"><span class='ocrx_word' id='word_1_107' title='bbox 402 2417 479 2468; x_wconf 71' lang='lat'>15.</span> <span class='ocrx_word' id='word_1_108' title='bbox 707 2394 846 2456; x_wconf 80' lang='lat' dir='ltr'>llaec</span> <span class='ocrx_word' id='word_1_109' title='bbox 877 2395 1169 2456; x_wconf 87' lang='lat' dir='ltr'>doctrina</span> <span class='ocrx_word' id='word_1_110' title='bbox 1223 2395 1409 2473; x_wconf 87' lang='lat' dir='ltr'>plana</span> <span class='ocrx_word' id='word_1_111' title='bbox 1455 2402 1577 2466; x_wconf 89' lang='lat' dir='ltr'>est,</span> <span class='ocrx_word' id='word_1_112' title='bbox 1619 2403 1685 2457; x_wconf 90' lang='lat' dir='ltr'>et</span> <span class='ocrx_word' id='word_1_113' title='bbox 1734 2398 2030 2475; x_wconf 87' lang='lat' dir='ltr'>quamvis</span> <span class='ocrx_word' id='word_1_114' title='bbox 2078 2397 2167 2459; x_wconf 90' lang='lat' dir='ltr'>de</span> 
     </span>
     <span class='ocr_line' id='line_1_19' title="bbox 614 2510 2170 2592; baseline 0.002 -20"><span class='ocrx_word' id='word_1_115' title='bbox 614 2510 1081 2591; x_wconf 83' lang='lat' dir='ltr'>justificatione</span> <span class='ocrx_word' id='word_1_116' title='bbox 1138 2510 1507 2574; x_wconf 88' lang='lat' dir='ltr'>adultorum</span> <span class='ocrx_word' id='word_1_117' title='bbox 1560 2515 1885 2592; x_wconf 87' lang='lat' dir='ltr'>loquatur,</span> <span class='ocrx_word' id='word_1_118' title='bbox 1947 2522 2170 2578; x_wconf 89' lang='lat' dir='ltr'>tamen</span> 
     </span>
     <span class='ocr_line' id='line_1_20' title="bbox 623 2626 2170 2705; baseline 0 -15"><span class='ocrx_word' id='word_1_119' title='bbox 623 2626 899 2705; x_wconf 85' lang='lat' dir='ltr'>perinde</span> <span class='ocrx_word' id='word_1_120' title='bbox 948 2627 1227 2689; x_wconf 78' lang='lat' dir='ltr'>intendit</span> <span class='ocrx_word' id='word_1_121' title='bbox 1268 2629 1403 2691; x_wconf 84' lang='lat' dir='ltr'>haec</span> <span class='ocrx_word' id='word_1_122' title='bbox 1453 2631 1647 2690; x_wconf 86' lang='lat' dir='ltr'>etiam</span> <span class='ocrx_word' id='word_1_123' title='bbox 1700 2630 2170 2692; x_wconf 87' lang='lat' dir='ltr'>communicari</span> 
     </span>
     <span class='ocr_line' id='line_1_21' title="bbox 621 2739 2166 2818; baseline 0.003 -18"><span class='ocrx_word' id='word_1_124' title='bbox 621 2739 998 2814; x_wconf 86' lang='lat' dir='ltr'>infantibus,</span> <span class='ocrx_word' id='word_1_125' title='bbox 1073 2741 1181 2818; x_wconf 87' lang='lat' dir='ltr'>qui</span> <span class='ocrx_word' id='word_1_126' title='bbox 1237 2740 1424 2802; x_wconf 88' lang='lat' dir='ltr'>aliter</span> <span class='ocrx_word' id='word_1_127' title='bbox 1482 2756 1615 2803; x_wconf 92' lang='lat' dir='ltr'>non</span> <span class='ocrx_word' id='word_1_128' title='bbox 1687 2741 2166 2817; x_wconf 87' lang='lat' dir='ltr'>discernuntur,</span> 
     </span>
     <span class='ocr_line' id='line_1_22' title="bbox 619 2857 2162 2937; baseline 0.003 -20"><span class='ocrx_word' id='word_1_129' title='bbox 619 2858 743 2919; x_wconf 89' lang='lat' dir='ltr'>nisi</span> <span class='ocrx_word' id='word_1_130' title='bbox 795 2857 975 2935; x_wconf 88' lang='lat' dir='ltr'>quod</span> <span class='ocrx_word' id='word_1_131' title='bbox 1030 2857 1094 2916; x_wconf 92' lang='lat' dir='ltr'>in</span> <span class='ocrx_word' id='word_1_132' title='bbox 1161 2857 1401 2919; x_wconf 89' lang='lat' dir='ltr'>adultis</span> <span class='ocrx_word' id='word_1_133' title='bbox 1461 2857 1762 2936; x_wconf 85' lang='lat' dir='ltr'>exigatur</span> <span class='ocrx_word' id='word_1_134' title='bbox 1814 2858 2162 2937; x_wconf 74' lang='lat' dir='ltr'>dispositio</span> 
     </span>
     <span class='ocr_line' id='line_1_23' title="bbox 619 2972 2164 3053; baseline 0.002 -19"><span class='ocrx_word' id='word_1_135' title='bbox 619 2973 1019 3036; x_wconf 73' lang='lat' dir='ltr'>antecedens</span> <span class='ocrx_word' id='word_1_136' title='bbox 1052 2972 1612 3053; x_wconf 87' lang='lat' dir='ltr'>justificationem,</span> <span class='ocrx_word' id='word_1_137' title='bbox 1663 2978 1728 3034; x_wconf 93' lang='lat' dir='ltr'>et</span> <span class='ocrx_word' id='word_1_138' title='bbox 1777 2975 2164 3037; x_wconf 88' lang='lat' dir='ltr'>Sacramen-</span> 
     </span>
     <span class='ocr_line' id='line_1_24' title="bbox 621 3087 2168 3170; baseline -0.001 -19"><span class='ocrx_word' id='word_1_139' title='bbox 621 3096 757 3151; x_wconf 90' lang='lat' dir='ltr'>tum</span> <span class='ocrx_word' id='word_1_140' title='bbox 813 3106 934 3168; x_wconf 91' lang='lat' dir='ltr'>per</span> <span class='ocrx_word' id='word_1_141' title='bbox 980 3088 1160 3169; x_wconf 88' lang='lat' dir='ltr'>quod</span> <span class='ocrx_word' id='word_1_142' title='bbox 1200 3087 1677 3170; x_wconf 73' lang='lat' dir='ltr'>justifican,tur;</span> <span class='ocrx_word' id='word_1_143' title='bbox 1711 3088 1996 3152; x_wconf 88' lang='lat' dir='ltr'>infantes</span> <span class='ocrx_word' id='word_1_144' title='bbox 2046 3106 2168 3151; x_wconf 91' lang='lat' dir='ltr'>au-</span> 
     </span>
     <span class='ocr_line' id='line_1_25' title="bbox 623 3207 2162 3285; baseline 0.001 -17"><span class='ocrx_word' id='word_1_145' title='bbox 623 3212 748 3269; x_wconf 93' lang='lat' dir='ltr'>tem</span> <span class='ocrx_word' id='word_1_146' title='bbox 781 3224 913 3269; x_wconf 91' lang='lat' dir='ltr'>non</span> <span class='ocrx_word' id='word_1_147' title='bbox 953 3212 1107 3269; x_wconf 89' lang='lat' dir='ltr'>sunt</span> <span class='ocrx_word' id='word_1_148' title='bbox 1156 3222 1434 3283; x_wconf 81' lang='lat' dir='ltr'>capaces</span> <span class='ocrx_word' id='word_1_149' title='bbox 1479 3207 1653 3268; x_wconf 89' lang='lat' dir='ltr'>illius</span> <span class='ocrx_word' id='word_1_150' title='bbox 1701 3207 2162 3285; x_wconf 79' lang='lat' dir='ltr'>dispositionis,</span> 
     </span>
     <span class='ocr_line' id='line_1_26' title="bbox 623 3319 2168 3399; baseline 0.001 -19"><span class='ocrx_word' id='word_1_151' title='bbox 623 3337 767 3399; x_wconf 83' lang='lat' dir='ltr'>quae</span> <span class='ocrx_word' id='word_1_152' title='bbox 797 3321 1088 3382; x_wconf 83' lang='lat' dir='ltr'>consistit</span> <span class='ocrx_word' id='word_1_153' title='bbox 1116 3322 1181 3380; x_wconf 92' lang='lat' dir='ltr'>in</span> <span class='ocrx_word' id='word_1_154' title='bbox 1212 3321 1466 3382; x_wconf 86' lang='lat' dir='ltr'>actibus</span> <span class='ocrx_word' id='word_1_155' title='bbox 1515 3321 1702 3382; x_wconf 90' lang='lat' dir='ltr'>liberi</span> <span class='ocrx_word' id='word_1_156' title='bbox 1745 3319 2011 3395; x_wconf 90' lang='lat' dir='ltr'>arbitrii,</span> <span class='ocrx_word' id='word_1_157' title='bbox 2060 3338 2168 3382; x_wconf 91' lang='lat' dir='ltr'>cu·</span> 
     </span>
     <span class='ocr_line' id='line_1_27' title="bbox 610 3433 2161 3514; baseline 0.001 -19"><span class='ocrx_word' id='word_1_158' title='bbox 610 3436 725 3514; x_wconf 85' lang='lat' dir='ltr'>jus</span> <span class='ocrx_word' id='word_1_159' title='bbox 754 3436 818 3497; x_wconf 91' lang='lat' dir='ltr'>in</span> <span class='ocrx_word' id='word_1_160' title='bbox 852 3438 947 3498; x_wconf 92' lang='lat' dir='ltr'>eis</span> <span class='ocrx_word' id='word_1_161' title='bbox 976 3451 1108 3496; x_wconf 92' lang='lat' dir='ltr'>non</span> <span class='ocrx_word' id='word_1_162' title='bbox 1141 3440 1242 3495; x_wconf 88' lang='lat' dir='ltr'>est</span> <span class='ocrx_word' id='word_1_163' title='bbox 1280 3450 1461 3496; x_wconf 89' lang='lat' dir='ltr'>usus.</span> <span class='ocrx_word' id='word_1_164' title='bbox 1518 3433 1689 3496; x_wconf 91' lang='lat' dir='ltr'>ldem</span> <span class='ocrx_word' id='word_1_165' title='bbox 1743 3433 1969 3496; x_wconf 87' lang='lat' dir='ltr'>definit</span> <span class='ocrx_word' id='word_1_166' title='bbox 2017 3453 2161 3497; x_wconf 90' lang='lat' dir='ltr'>can.</span> 
     </span>
     <span class='ocr_line' id='line_1_28' title="bbox 618 3551 2165 3629; baseline -0.001 -15"><span class='ocrx_word' id='word_1_167' title='bbox 618 3554 679 3614; x_wconf 81' lang='lat'>2.</span> <span class='ocrx_word' id='word_1_168' title='bbox 714 3553 796 3614; x_wconf 89' lang='lat' dir='ltr'>Si</span> <span class='ocrx_word' id='word_1_169' title='bbox 835 3554 976 3629; x_wconf 82' lang='lat' dir='ltr'>quis</span> <span class='ocrx_word' id='word_1_170' title='bbox 1025 3552 1269 3612; x_wconf 76' lang='lat' dir='ltr'>dz‘oeerit</span> <span class='ocrx_word' id='word_1_171' title='bbox 1317 3551 1604 3612; x_wconf 79' lang='lat' dir='ltr'>homines</span> <span class='ocrx_word' id='word_1_172' title='bbox 1639 3552 2019 3628; x_wconf 72' lang='lat' dir='ltr'>justificari,</span> <span class='ocrx_word' id='word_1_173' title='bbox 2065 3551 2165 3612; x_wconf 82' lang='lat' dir='ltr'>vet</span> 
     </span>
     <span class='ocr_line' id='line_1_29' title="bbox 618 3667 2166 3745; baseline 0.001 -17"><span class='ocrx_word' id='word_1_174' title='bbox 618 3667 756 3728; x_wconf 85' lang='lat' dir='ltr'>sota</span> <span class='ocrx_word' id='word_1_175' title='bbox 794 3670 1216 3743; x_wconf 82' lang='lat' dir='ltr'>imputatione</span> <span class='ocrx_word' id='word_1_176' title='bbox 1250 3668 1521 3745; x_wconf 62' lang='lat' dir='ltr'>justitiae</span> <span class='ocrx_word' id='word_1_177' title='bbox 1566 3667 1822 3740; x_wconf 79' lang='lat' dir='ltr'>Christi,</span> <span class='ocrx_word' id='word_1_178' title='bbox 1879 3667 1977 3728; x_wconf 82' lang='lat' dir='ltr'>vet</span> <span class='ocrx_word' id='word_1_179' title='bbox 2024 3667 2166 3729; x_wconf 83' lang='lat' dir='ltr'>sota</span> 
     </span>
     <span class='ocr_line' id='line_1_30' title="bbox 606 3782 2166 3858; baseline -0.002 -13"><span class='ocrx_word' id='word_1_180' title='bbox 606 3788 1021 3858; x_wconf 83' lang='lat' dir='ltr'>pcccatorum</span> <span class='ocrx_word' id='word_1_181' title='bbox 1070 3785 1464 3851; x_wconf 72' lang='lat' dir='ltr'>remissione,</span> <span class='ocrx_word' id='word_1_182' title='bbox 1527 3782 1794 3845; x_wconf 78' lang='lat' dir='ltr'>exclusa</span> <span class='ocrx_word' id='word_1_183' title='bbox 1850 3783 2071 3858; x_wconf 70' lang='lat' dir='ltr'>qratia</span> <span class='ocrx_word' id='word_1_184' title='bbox 2108 3788 2166 3842; x_wconf 86' lang='lat' dir='ltr'>et</span> 
     </span>
     <span class='ocr_line' id='line_1_31' title="bbox 617 3900 2159 3976; baseline -0.002 -14"><span class='ocrx_word' id='word_1_185' title='bbox 617 3902 954 3973; x_wconf 79' lang='lat' dir='ltr'>charitate,</span> <span class='ocrx_word' id='word_1_186' title='bbox 1004 3916 1148 3976; x_wconf 70' lang='lat' dir='ltr'>quae</span> <span class='ocrx_word' id='word_1_187' title='bbox 1178 3902 1245 3961; x_wconf 85' lang='lat' dir='ltr'>in</span> <span class='ocrx_word' id='word_1_188' title='bbox 1265 3900 1567 3961; x_wconf 80' lang='lat' dir='ltr'>cordibus</span> <span class='ocrx_word' id='word_1_189' title='bbox 1597 3916 1823 3961; x_wconf 89' lang='lat' dir='ltr'>eorum</span> <span class='ocrx_word' id='word_1_190' title='bbox 1858 3916 1981 3974; x_wconf 86' lang='lat' dir='ltr'>per</span> <span class='ocrx_word' id='word_1_191' title='bbox 2011 3902 2159 3976; x_wconf 80' lang='lat' dir='ltr'>Spi-</span> 
     </span>
     <span class='ocr_line' id='line_1_32' title="bbox 624 4015 2163 4092; baseline 0.001 -16"><span class='ocrx_word' id='word_1_192' title='bbox 624 4020 829 4076; x_wconf 77' lang='lat' dir='ltr'>ritum</span> <span class='ocrx_word' id='word_1_193' title='bbox 874 4021 1169 4077; x_wconf 82' lang='lat' dir='ltr'>sanctum</span> <span class='ocrx_word' id='word_1_194' title='bbox 1211 4016 1625 4091; x_wconf 71' lang='lat' dir='ltr'>infundatur,</span> <span class='ocrx_word' id='word_1_195' title='bbox 1674 4022 1866 4092; x_wconf 82' lang='lat' dir='ltr'>atquc</span> <span class='ocrx_word' id='word_1_196' title='bbox 1896 4015 2030 4077; x_wconf 86' lang='lat' dir='ltr'>iltis</span> <span class='ocrx_word' id='word_1_197' title='bbox 2071 4018 2163 4077; x_wconf 77' lang='lat' dir='ltr'>in-</span> 
     </span>
     <span class='ocr_line' id='line_1_33' title="bbox 616 4134 2161 4209; baseline -0.001 -15"><span class='ocrx_word' id='word_1_198' title='bbox 616 4134 877 4206; x_wconf 78' lang='lat' dir='ltr'>kaercat,</span> <span class='ocrx_word' id='word_1_199' title='bbox 913 4139 1020 4195; x_wconf 84' lang='lat' dir='ltr'>aut</span> <span class='ocrx_word' id='word_1_200' title='bbox 1069 4135 1267 4194; x_wconf 81' lang='lat' dir='ltr'>etiam</span> <span class='ocrx_word' id='word_1_201' title='bbox 1309 4134 1599 4208; x_wconf 76' lang='lat' dir='ltr'>qratiam</span> <span class='ocrx_word' id='word_1_202' title='bbox 1648 4150 1779 4209; x_wconf 83' lang='lat' dir='ltr'>qua</span> <span class='ocrx_word' id='word_1_203' title='bbox 1843 4134 2161 4209; x_wconf 75' lang='lat' dir='ltr'>justifica-</span> 
     </span>
     <span class='ocr_line' id='line_1_34' title="bbox 618 4249 2168 4322; baseline 0.001 -13"><span class='ocrx_word' id='word_1_204' title='bbox 618 4266 793 4322; x_wconf 87' lang='lat' dir='ltr'>mur,</span> <span class='ocrx_word' id='word_1_205' title='bbox 843 4267 975 4310; x_wconf 85' lang='lat' dir='ltr'>esse</span> <span class='ocrx_word' id='word_1_206' title='bbox 1039 4254 1284 4310; x_wconf 84' lang='lat' dir='ltr'>tantum</span> <span class='ocrx_word' id='word_1_207' title='bbox 1310 4251 1606 4321; x_wconf 79' lang='lat' dir='ltr'>favorem</span> <span class='ocrx_word' id='word_1_208' title='bbox 1647 4251 1789 4320; x_wconf 84' lang='lat' dir='ltr'>Dei,</span> <span class='ocrx_word' id='word_1_209' title='bbox 1827 4249 2168 4311; x_wconf 75' lang='lat' dir='ltr'>anathema</span> 
     </span>
     <span class='ocr_line' id='line_1_35' title="bbox 615 4332 2164 4442; baseline -0.002 -13"><span class='ocrx_word' id='word_1_210' title='bbox 615 4368 715 4429; x_wconf 83' lang='lat' dir='ltr'>sit.</span> <span class='ocrx_word' id='word_1_211' title='bbox 765 4367 988 4428; x_wconf 88' lang='lat' dir='ltr'>Canon</span> <span class='ocrx_word' id='word_1_212' title='bbox 1017 4365 1407 4428; x_wconf 89' lang='lat' dir='ltr'>universalis</span> <span class='ocrx_word' id='word_1_213' title='bbox 1441 4372 1542 4428; x_wconf 92' lang='lat' dir='ltr'>est</span> <span class='ocrx_word' id='word_1_214' title='bbox 1589 4332 2164 4442; x_wconf 71' lang='lat' dir='ltr'>comprehendens</span> 
     </span>
     <span class='ocr_line' id='line_1_36' title="bbox 619 4465 2161 4562; baseline -0.002 -16"><span class='ocrx_word' id='word_1_215' title='bbox 619 4491 750 4546; x_wconf 92' lang='lat' dir='ltr'>tam</span> <span class='ocrx_word' id='word_1_216' title='bbox 811 4482 1098 4546; x_wconf 83' lang='lat' dir='ltr'>infantes</span> <span class='ocrx_word' id='word_1_217' title='bbox 1143 4500 1344 4562; x_wconf 86' lang='lat' dir='ltr'>quam</span> <span class='ocrx_word' id='word_1_218' title='bbox 1400 4465 1685 4556; x_wconf 82' lang='lat' dir='ltr'>adultos,</span> <span class='ocrx_word' id='word_1_219' title='bbox 1757 4483 1867 4560; x_wconf 88' lang='lat' dir='ltr'>qui</span> <span class='ocrx_word' id='word_1_220' title='bbox 1931 4483 2161 4561; x_wconf 83' lang='lat' dir='ltr'>justifi-</span> 
     </span>
     <span class='ocr_line' id='line_1_37' title="bbox 616 4602 2161 4683; baseline -0.002 -17"><span class='ocrx_word' id='word_1_221' title='bbox 616 4609 869 4677; x_wconf 82' lang='lat' dir='ltr'>cantur,</span> <span class='ocrx_word' id='word_1_222' title='bbox 902 4605 1054 4683; x_wconf 87' lang='lat' dir='ltr'>quia</span> <span class='ocrx_word' id='word_1_223' title='bbox 1083 4605 1224 4666; x_wconf 91' lang='lat' dir='ltr'>sine</span> <span class='ocrx_word' id='word_1_224' title='bbox 1271 4603 1394 4666; x_wconf 89' lang='lat' dir='ltr'>illis</span> <span class='ocrx_word' id='word_1_225' title='bbox 1444 4604 1705 4666; x_wconf 88' lang='lat' dir='ltr'>duobus</span> <span class='ocrx_word' id='word_1_226' title='bbox 1755 4602 1987 4681; x_wconf 86' lang='lat' dir='ltr'>nequit</span> <span class='ocrx_word' id='word_1_227' title='bbox 2032 4604 2161 4664; x_wconf 91' lang='lat' dir='ltr'>sal-</span> 
     </span>
     <span class='ocr_line' id='line_1_38' title="bbox 614 4718 2162 4801; baseline -0.003 -18"><span class='ocrx_word' id='word_1_228' title='bbox 614 4722 750 4783; x_wconf 89' lang='lat' dir='ltr'>vari</span> <span class='ocrx_word' id='word_1_229' title='bbox 771 4718 1150 4801; x_wconf 85' lang='lat' dir='ltr'>justificatio</span> <span class='ocrx_word' id='word_1_230' title='bbox 1198 4735 1281 4781; x_wconf 82' lang='lat' dir='ltr'>ex</span> <span class='ocrx_word' id='word_1_231' title='bbox 1329 4718 1774 4796; x_wconf 83' lang='lat' dir='ltr'>descriptione</span> <span class='ocrx_word' id='word_1_232' title='bbox 1826 4718 1972 4797; x_wconf 87' lang='lat' dir='ltr'>ejus</span> <span class='ocrx_word' id='word_1_233' title='bbox 2004 4734 2162 4797; x_wconf 90' lang='lat' dir='ltr'>sup-</span> 
     </span>
     <span class='ocr_line' id='line_1_39' title="bbox 621 4836 1257 4917; baseline -0.002 -19"><span class='ocrx_word' id='word_1_234' title='bbox 621 4838 830 4917; x_wconf 90' lang='lat' dir='ltr'>posita</span> <span class='ocrx_word' id='word_1_235' title='bbox 861 4854 897 4897; x_wconf 90' lang='lat' dir='ltr'>a</span> <span class='ocrx_word' id='word_1_236' title='bbox 944 4836 1257 4897; x_wconf 78' lang='lat' dir='ltr'>Concilio·</span> 
     </span>
    </p>

    <p class='ocr_par' dir='ltr' id='par_1_5' title="bbox 614 4952 2170 5614">
     <span class='ocr_line' id='line_1_40' title="bbox 703 4952 2165 5035; baseline -0.001 -22"><span class='ocrx_word' id='word_1_237' title='bbox 703 4955 859 5013; x_wconf 89' lang='lat' dir='ltr'>ltem</span> <span class='ocrx_word' id='word_1_238' title='bbox 887 4970 1036 5014; x_wconf 87' lang='lat' dir='ltr'>sess.</span> <span class='ocrx_word' id='word_1_239' title='bbox 1082 4952 1141 5013; x_wconf 93' lang='lat'>7.</span> <span class='ocrx_word' id='word_1_240' title='bbox 1188 4955 1267 5014; x_wconf 86' lang='lat' dir='ltr'>de</span> <span class='ocrx_word' id='word_1_241' title='bbox 1306 4954 1750 5035; x_wconf 69' lang='lat' dir='ltr'>sacramentis</span> <span class='ocrx_word' id='word_1_242' title='bbox 1792 4954 1861 5013; x_wconf 84' lang='lat' dir='ltr'>in</span> <span class='ocrx_word' id='word_1_243' title='bbox 1906 4967 2165 5029; x_wconf 71' lang='lat' dir='ltr'>qenere,</span> 
     </span>
     <span class='ocr_line' id='line_1_41' title="bbox 622 5065 2163 5131; baseline -0.001 -2"><span class='ocrx_word' id='word_1_244' title='bbox 622 5084 762 5130; x_wconf 83' lang='lat' dir='ltr'>can.</span> <span class='ocrx_word' id='word_1_245' title='bbox 794 5068 855 5130; x_wconf 87' lang='grc'>6.</span> <span class='ocrx_word' id='word_1_246' title='bbox 887 5068 948 5131; x_wconf 91' lang='grc'>7.</span> <span class='ocrx_word' id='word_1_247' title='bbox 984 5075 1040 5129; x_wconf 85' lang='lat' dir='ltr'>et</span> <span class='ocrx_word' id='word_1_248' title='bbox 1069 5068 1127 5129; x_wconf 84' lang='lat'>8.</span> <span class='ocrx_word' id='word_1_249' title='bbox 1164 5065 1471 5130; x_wconf 89' lang='lat' dir='ltr'>definitur</span> <span class='ocrx_word' id='word_1_250' title='bbox 1517 5068 1899 5130; x_wconf 89' lang='lat' dir='ltr'>universum</span> <span class='ocrx_word' id='word_1_251' title='bbox 1945 5084 2163 5130; x_wconf 88' lang='lat' dir='ltr'>sacra·</span> 
     </span>
     <span class='ocr_line' id='line_1_42' title="bbox 620 5180 2170 5262; baseline -0.001 -18"><span class='ocrx_word' id='word_1_252' title='bbox 620 5188 845 5244; x_wconf 89' lang='lat' dir='ltr'>menta</span> <span class='ocrx_word' id='word_1_253' title='bbox 889 5198 1160 5244; x_wconf 84' lang='lat' dir='ltr'>causare</span> <span class='ocrx_word' id='word_1_254' title='bbox 1216 5183 1497 5262; x_wconf 85' lang='lat' dir='ltr'>gratiam</span> <span class='ocrx_word' id='word_1_255' title='bbox 1543 5199 1740 5261; x_wconf 87' lang='lat' dir='ltr'>quam</span> <span class='ocrx_word' id='word_1_256' title='bbox 1798 5180 2170 5262; x_wconf 81' lang='lat' dir='ltr'>significant</span> 
     </span>
     <span class='ocr_line' id='line_1_43' title="bbox 621 5297 2162 5376; baseline -0.001 -17"><span class='ocrx_word' id='word_1_257' title='bbox 621 5300 879 5362; x_wconf 90' lang='lat' dir='ltr'>secluso</span> <span class='ocrx_word' id='word_1_258' title='bbox 938 5299 1150 5361; x_wconf 91' lang='lat' dir='ltr'>obice.</span> <span class='ocrx_word' id='word_1_259' title='bbox 1198 5297 1514 5360; x_wconf 88' lang='lat' dir='ltr'>Eamdem</span> <span class='ocrx_word' id='word_1_260' title='bbox 1558 5301 1871 5376; x_wconf 74' lang='lat' dir='ltr'>supponit</span> <span class='ocrx_word' id='word_1_261' title='bbox 1924 5315 2066 5360; x_wconf 86' lang='lat' dir='ltr'>can.</span> <span class='ocrx_word' id='word_1_262' title='bbox 2101 5297 2162 5359; x_wconf 83' lang='lat'>6.</span> 
     </span>
     <span class='ocr_line' id='line_1_44' title="bbox 616 5413 2168 5493; baseline -0.004 -13"><span class='ocrx_word' id='word_1_263' title='bbox 616 5420 695 5481; x_wconf 83' lang='lat' dir='ltr'>de</span> <span class='ocrx_word' id='word_1_264' title='bbox 742 5419 1091 5493; x_wconf 82' lang='lat' dir='ltr'>BaptismO.</span> <span class='ocrx_word' id='word_1_265' title='bbox 1140 5415 1216 5476; x_wconf 85' lang='lat' dir='ltr'>Et</span> <span class='ocrx_word' id='word_1_266' title='bbox 1262 5433 1405 5478; x_wconf 83' lang='lat' dir='ltr'>can.</span> <span class='ocrx_word' id='word_1_267' title='bbox 1457 5419 1550 5478; x_wconf 90' lang='lat'>13.</span> <span class='ocrx_word' id='word_1_268' title='bbox 1605 5413 1832 5478; x_wconf 85' lang='lat' dir='ltr'>definit</span> <span class='ocrx_word' id='word_1_269' title='bbox 1882 5413 2168 5477; x_wconf 80' lang='lat' dir='ltr'>infantes</span> 
     </span>
     <span class='ocr_line' id='line_1_45' title="bbox 614 5530 2162 5614; baseline -0.003 -17"><span class='ocrx_word' id='word_1_270' title='bbox 614 5533 978 5614; x_wconf 83' lang='lat' dir='ltr'>baptizatos</span> <span class='ocrx_word' id='word_1_271' title='bbox 1030 5533 1394 5611; x_wconf 84' lang='lat' dir='ltr'>computari</span> <span class='ocrx_word' id='word_1_272' title='bbox 1420 5532 1594 5595; x_wconf 86' lang='lat' dir='ltr'>inter</span> <span class='ocrx_word' id='word_1_273' title='bbox 1622 5530 1876 5594; x_wconf 87' lang='lat' dir='ltr'>fideles.</span> <span class='ocrx_word' id='word_1_274' title='bbox 1911 5533 1988 5594; x_wconf 88' lang='lat' dir='ltr'>Et</span> <span class='ocrx_word' id='word_1_275' title='bbox 2012 5547 2162 5594; x_wconf 78' lang='lat' dir='ltr'>sess.</span> 
     </span>
    </p>
   </div>
   <div class='ocr_carea' id='block_1_3' title="bbox 1747 372 2659 442">
    <p class='ocr_par' dir='ltr' id='par_1_6' title="bbox 1747 372 2659 442">
     <span class='ocr_line' id='line_1_46' title="bbox 1747 372 2659 442; baseline 0.002 -9"><span class='ocrx_word' id='word_1_276' title='bbox 1747 372 1892 442; x_wconf 70' lang='grc' dir='ltr'>ΜΒ.</span> <span class='ocrx_word' id='word_1_277' title='bbox 1927 372 2029 435; x_wconf 87' lang='lat' dir='ltr'>tv.</span> <span class='ocrx_word' id='word_1_278' title='bbox 2063 373 2659 438; x_wconf 74' lang='lat' dir='ltr'>SENTENTtARUM</span> 
     </span>
    </p>
   </div>
   <div class='ocr_carea' id='block_1_4' title="bbox 2273 531 4153 3206">
    <p class='ocr_par' dir='ltr' id='par_1_7' title="bbox 2278 531 3845 1547">
     <span class='ocr_line' id='line_1_47' title="bbox 2283 531 3825 612; baseline 0 -18"><span class='ocrx_word' id='word_1_279' title='bbox 2283 534 2376 595; x_wconf 83' lang='grc'>14.</span> <span class='ocrx_word' id='word_1_280' title='bbox 2427 553 2478 595; x_wconf 85' lang='lat' dir='ltr'>c.</span> <span class='ocrx_word' id='word_1_281' title='bbox 2558 537 2613 598; x_wconf 94' lang='grc'>1.</span> <span class='ocrx_word' id='word_1_282' title='bbox 2687 535 2995 599; x_wconf 90' lang='lat' dir='ltr'>eamdem</span> <span class='ocrx_word' id='word_1_283' title='bbox 3063 535 3406 598; x_wconf 87' lang='lat' dir='ltr'>veritatem</span> <span class='ocrx_word' id='word_1_284' title='bbox 3493 531 3825 612; x_wconf 79' lang='lat' dir='ltr'>supponit,</span> 
     </span>
     <span class='ocr_line' id='line_1_48' title="bbox 2279 653 3831 736; baseline 0.009 -27"><span class='ocrx_word' id='word_1_285' title='bbox 2279 666 2525 729; x_wconf 89' lang='lat' dir='ltr'>nempe</span> <span class='ocrx_word' id='word_1_286' title='bbox 2572 655 2641 714; x_wconf 90' lang='lat' dir='ltr'>in</span> <span class='ocrx_word' id='word_1_287' title='bbox 2687 655 3013 732; x_wconf 87' lang='lat' dir='ltr'>Baptismo</span> <span class='ocrx_word' id='word_1_288' title='bbox 3060 654 3198 717; x_wconf 90' lang='lat' dir='ltr'>dari</span> <span class='ocrx_word' id='word_1_289' title='bbox 3244 655 3562 736; x_wconf 80' lang='lat' dir='ltr'>gratiam:</span> <span class='ocrx_word' id='word_1_290' title='bbox 3612 653 3691 717; x_wconf 86' lang='lat' dir='ltr'>Si</span> <span class='ocrx_word' id='word_1_291' title='bbox 3730 668 3831 723; x_wconf 69' lang='lat' dir='ltr'>ea.</span> 
     </span>
     <span class='ocr_line' id='line_1_49' title="bbox 2278 769 3835 848; baseline 0 -20"><span class='ocrx_word' id='word_1_292' title='bbox 2278 770 2516 846; x_wconf 86' lang='lat' dir='ltr'>inquit,</span> <span class='ocrx_word' id='word_1_293' title='bbox 2562 771 2625 833; x_wconf 83' lang='lat' dir='ltr'>in</span> <span class='ocrx_word' id='word_1_294' title='bbox 2682 773 3083 848; x_wconf 61' lang='lat' dir='ltr'>receneratis</span> <span class='ocrx_word' id='word_1_295' title='bbox 3136 771 3435 832; x_wconf 79' lang='lat' dir='ltr'>omnibus</span> <span class='ocrx_word' id='word_1_296' title='bbox 3497 769 3835 845; x_wconf 65' lang='lat' dir='ltr'>matitudo</span> 
     </span>
     <span class='ocr_line' id='line_1_50' title="bbox 2283 884 3845 964; baseline 0.003 -21"><span class='ocrx_word' id='word_1_297' title='bbox 2283 901 2444 960; x_wconf 70' lang='lat' dir='ltr'>crya</span> <span class='ocrx_word' id='word_1_298' title='bbox 2486 890 2694 948; x_wconf 83' lang='lat' dir='ltr'>Deum</span> <span class='ocrx_word' id='word_1_299' title='bbox 2724 893 2902 957; x_wconf 81' lang='lat' dir='ltr'>esset,</span> <span class='ocrx_word' id='word_1_300' title='bbox 2935 893 3004 948; x_wconf 89' lang='lat' dir='ltr'>ut</span> <span class='ocrx_word' id='word_1_301' title='bbox 3034 888 3364 964; x_wconf 82' lang='lat' dir='ltr'>justitiam</span> <span class='ocrx_word' id='word_1_302' title='bbox 3409 887 3479 947; x_wconf 83' lang='lat' dir='ltr'>in</span> <span class='ocrx_word' id='word_1_303' title='bbox 3526 884 3845 962; x_wconf 73' lang='lat' dir='ltr'>Baptismi</span> 
     </span>
     <span class='ocr_line' id='line_1_51' title="bbox 2279 1000 3836 1078; baseline 0.001 -21"><span class='ocrx_word' id='word_1_304' title='bbox 2279 1000 2483 1075; x_wconf 85' lang='lat' dir='ltr'>ipsius</span> <span class='ocrx_word' id='word_1_305' title='bbox 2526 1001 2828 1077; x_wconf 76' lang='lat' dir='ltr'>beneflcio</span> <span class='ocrx_word' id='word_1_306' title='bbox 2858 1009 2914 1063; x_wconf 87' lang='lat' dir='ltr'>et</span> <span class='ocrx_word' id='word_1_307' title='bbox 2970 1003 3215 1077; x_wconf 73' lang='lat' dir='ltr'>qratia,</span> <span class='ocrx_word' id='word_1_308' title='bbox 3257 1005 3643 1078; x_wconf 75' lang='lat' dir='ltr'>susceptam,</span> <span class='ocrx_word' id='word_1_309' title='bbox 3685 1016 3836 1062; x_wconf 82' lang='lat' dir='ltr'>con·</span> 
     </span>
     <span class='ocr_line' id='line_1_52' title="bbox 2280 1115 3838 1196; baseline -0.002 -17"><span class='ocrx_word' id='word_1_310' title='bbox 2280 1122 2521 1181; x_wconf 83' lang='lat' dir='ltr'>stanter</span> <span class='ocrx_word' id='word_1_311' title='bbox 2561 1125 2913 1192; x_wconf 83' lang='lat' dir='ltr'>tuerentur,</span> <span class='ocrx_word' id='word_1_312' title='bbox 2969 1125 3096 1181; x_wconf 93' lang='lat' dir='ltr'>etc.</span> <span class='ocrx_word' id='word_1_313' title='bbox 3144 1118 3467 1196; x_wconf 90' lang='lat' dir='ltr'>Supponit</span> <span class='ocrx_word' id='word_1_314' title='bbox 3523 1118 3697 1179; x_wconf 85' lang='lat' dir='ltr'>enim</span> <span class='ocrx_word' id='word_1_315' title='bbox 3747 1115 3838 1176; x_wconf 89' lang='lat' dir='ltr'>ri-</span> 
     </span>
     <span class='ocr_line' id='line_1_53' title="bbox 2286 1236 3833 1314; baseline -0.003 -17"><span class='ocrx_word' id='word_1_316' title='bbox 2286 1241 2419 1299; x_wconf 90' lang='lat' dir='ltr'>tum</span> <span class='ocrx_word' id='word_1_317' title='bbox 2450 1238 2750 1300; x_wconf 81' lang='lat' dir='ltr'>Ecclesiae</span> <span class='ocrx_word' id='word_1_318' title='bbox 2799 1236 3167 1314; x_wconf 88' lang='lat' dir='ltr'>baptizandi</span> <span class='ocrx_word' id='word_1_319' title='bbox 3202 1237 3535 1314; x_wconf 63' lang='lat' dir='ltr'>parvulos,</span> <span class='ocrx_word' id='word_1_320' title='bbox 3586 1240 3653 1295; x_wconf 92' lang='lat' dir='ltr'>et</span> <span class='ocrx_word' id='word_1_321' title='bbox 3681 1248 3833 1312; x_wconf 84' lang='lat' dir='ltr'>gra-</span> 
     </span>
     <span class='ocr_line' id='line_1_54' title="bbox 2284 1348 3830 1430; baseline -0.002 -17"><span class='ocrx_word' id='word_1_322' title='bbox 2284 1352 2439 1413; x_wconf 87' lang='lat' dir='ltr'>tiam</span> <span class='ocrx_word' id='word_1_323' title='bbox 2479 1354 2804 1430; x_wconf 89' lang='lat' dir='ltr'>recipere‚</span> <span class='ocrx_word' id='word_1_324' title='bbox 2842 1367 2996 1413; x_wconf 88' lang='lat' dir='ltr'>nam</span> <span class='ocrx_word' id='word_1_325' title='bbox 3024 1367 3211 1413; x_wconf 86' lang='lat' dir='ltr'>rarus</span> <span class='ocrx_word' id='word_1_326' title='bbox 3243 1356 3343 1413; x_wconf 90' lang='lat' dir='ltr'>est</span> <span class='ocrx_word' id='word_1_327' title='bbox 3370 1352 3544 1412; x_wconf 89' lang='lat' dir='ltr'>inter</span> <span class='ocrx_word' id='word_1_328' title='bbox 3571 1348 3830 1422; x_wconf 80' lang='lat' dir='ltr'>fideleS‚</span> 
     </span>
     <span class='ocr_line' id='line_1_55' title="bbox 2283 1469 3116 1547; baseline -0.001 -18"><span class='ocrx_word' id='word_1_329' title='bbox 2283 1470 2395 1547; x_wconf 90' lang='lat' dir='ltr'>qui</span> <span class='ocrx_word' id='word_1_330' title='bbox 2442 1469 2703 1531; x_wconf 89' lang='lat' dir='ltr'>adultus</span> <span class='ocrx_word' id='word_1_331' title='bbox 2734 1470 3116 1546; x_wconf 86' lang='lat' dir='ltr'>baptizatur.</span> 
     </span>
    </p>

    <p class='ocr_par' dir='ltr' id='par_1_8' title="bbox 2273 1567 4143 3054">
     <span class='ocr_line' id='line_1_56' title="bbox 2361 1567 4049 1664; baseline -0.004 -18"><span class='ocrx_word' id='word_1_332' title='bbox 2361 1583 2572 1663; x_wconf 77' lang='lat' dir='ltr'>Aliqui</span> <span class='ocrx_word' id='word_1_333' title='bbox 2614 1584 2919 1646; x_wconf 88' lang='lat' dir='ltr'>moderni</span> <span class='ocrx_word' id='word_1_334' title='bbox 2962 1587 3229 1664; x_wconf 88' lang='lat' dir='ltr'>propter</span> <span class='ocrx_word' id='word_1_335' title='bbox 3257 1598 3360 1657; x_wconf 88' lang='lat' dir='ltr'>ea,</span> <span class='ocrx_word' id='word_1_336' title='bbox 3405 1567 3558 1661; x_wconf 74' lang='lat' dir='ltr'>quae¹</span> <span class='ocrx_word' id='word_1_337' title='bbox 3601 1581 3827 1643; x_wconf 91' lang='lat' dir='ltr'>dicun·</span> <span class='ocrx_word' id='word_1_338' title='bbox 3900 1653 3906 1658; x_wconf 86' lang='lat'>.</span> <span class='ocrx_word' id='word_1_339' title='bbox 3973 1583 4049 1640; x_wconf 82' lang='lat'>¹6-</span> 
     </span>
     <span class='ocr_line' id='line_1_57' title="bbox 2286 1677 3825 1776; baseline -0.004 -14"><span class='ocrx_word' id='word_1_340' title='bbox 2286 1706 2389 1762; x_wconf 90' lang='lat' dir='ltr'>tur</span> <span class='ocrx_word' id='word_1_341' title='bbox 2416 1703 2483 1760; x_wconf 85' lang='lat' dir='ltr'>in</span> <span class='ocrx_word' id='word_1_342' title='bbox 2512 1717 2656 1776; x_wconf 81' lang='lat' dir='ltr'>cap.</span> <span class='ocrx_word' id='word_1_343' title='bbox 2704 1677 3008 1776; x_wconf 79' lang='lat' dir='ltr'>Majorcs,</span> <span class='ocrx_word' id='word_1_344' title='bbox 3053 1701 3129 1759; x_wconf 84' lang='lat' dir='ltr'>dc</span> <span class='ocrx_word' id='word_1_345' title='bbox 3161 1699 3510 1773; x_wconf 82' lang='lat' dir='ltr'>Baptismo,</span> <span class='ocrx_word' id='word_1_346' title='bbox 3576 1701 3643 1756; x_wconf 92' lang='lat' dir='ltr'>et</span> <span class='ocrx_word' id='word_1_347' title='bbox 3683 1694 3825 1757; x_wconf 82' lang='lat' dir='ltr'>Cle-</span> 
     </span>
     <span class='ocr_line' id='line_1_58' title="bbox 2283 1811 3832 1885; baseline -0.006 -6"><span class='ocrx_word' id='word_1_348' title='bbox 2283 1818 2565 1879; x_wconf 81' lang='lat' dir='ltr'>mentina</span> <span class='ocrx_word' id='word_1_349' title='bbox 2623 1818 2676 1877; x_wconf 92' lang='lat' dir='ltr'>l.</span> <span class='ocrx_word' id='word_1_350' title='bbox 2753 1817 2829 1877; x_wconf 78' lang='lat' dir='ltr'>dc</span> <span class='ocrx_word' id='word_1_351' title='bbox 2885 1829 3143 1876; x_wconf 87' lang='lat' dir='ltr'>summa</span> <span class='ocrx_word' id='word_1_352' title='bbox 3209 1814 3521 1873; x_wconf 79' lang='lat' dir='ltr'>Trinitate</span> <span class='ocrx_word' id='word_1_353' title='bbox 3577 1817 3637 1872; x_wconf 84' lang='lat' dir='ltr'>et</span> <span class='ocrx_word' id='word_1_354' title='bbox 3703 1811 3832 1885; x_wconf 75' lang='lat' dir='ltr'>[lde</span> 
     </span>
     <span class='ocr_line' id='line_1_59' title="bbox 2281 1925 3822 2008; baseline -0.004 -13"><span class='ocrx_word' id='word_1_355' title='bbox 2281 1933 2640 2006; x_wconf 77' lang='lat' dir='ltr'>catholica,</span> <span class='ocrx_word' id='word_1_356' title='bbox 2691 1930 2916 1992; x_wconf 88' lang='lat' dir='ltr'>dicunt</span> <span class='ocrx_word' id='word_1_357' title='bbox 2945 1945 3079 1991; x_wconf 92' lang='lat' dir='ltr'>non</span> <span class='ocrx_word' id='word_1_358' title='bbox 3124 1944 3273 1989; x_wconf 91' lang='lat' dir='ltr'>esse</span> <span class='ocrx_word' id='word_1_359' title='bbox 3318 1927 3402 1989; x_wconf 90' lang='lat' dir='ltr'>de</span> <span class='ocrx_word' id='word_1_360' title='bbox 3447 1925 3600 2004; x_wconf 81' lang='lat' dir='ltr'>fide,</span> <span class='ocrx_word' id='word_1_361' title='bbox 3628 1927 3822 2008; x_wconf 89' lang='lat' dir='ltr'>justi·</span> 
     </span>
     <span class='ocr_line' id='line_1_60' title="bbox 2282 2036 3824 2123; baseline -0.005 -12"><span class='ocrx_word' id='word_1_362' title='bbox 2282 2052 2437 2111; x_wconf 89' lang='lat' dir='ltr'>tiam</span> <span class='ocrx_word' id='word_1_363' title='bbox 2510 2050 2872 2110; x_wconf 86' lang='lat' dir='ltr'>consistere</span> <span class='ocrx_word' id='word_1_364' title='bbox 2948 2046 3015 2107; x_wconf 90' lang='lat' dir='ltr'>in</span> <span class='ocrx_word' id='word_1_365' title='bbox 3071 2045 3297 2107; x_wconf 86' lang='lat' dir='ltr'>habitu</span> <span class='ocrx_word' id='word_1_366' title='bbox 3368 2036 3433 2106; x_wconf 80' lang='lat' dir='ltr'>et</span> <span class='ocrx_word' id='word_1_367' title='bbox 3488 2044 3824 2123; x_wconf 84' lang='lat' dir='ltr'>qualitate,</span> 
     </span>
     <span class='ocr_line' id='line_1_61' title="bbox 2282 2156 3826 2236; baseline -0.002 -12"><span class='ocrx_word' id='word_1_368' title='bbox 2282 2164 2514 2224; x_wconf 87' lang='lat' dir='ltr'>saltem</span> <span class='ocrx_word' id='word_1_369' title='bbox 2571 2164 2637 2225; x_wconf 92' lang='lat' dir='ltr'>in</span> <span class='ocrx_word' id='word_1_370' title='bbox 2670 2159 2931 2232; x_wconf 89' lang='lat' dir='ltr'>adultis,</span> <span class='ocrx_word' id='word_1_371' title='bbox 2988 2161 3055 2220; x_wconf 91' lang='lat' dir='ltr'>in</span> <span class='ocrx_word' id='word_1_372' title='bbox 3106 2156 3346 2236; x_wconf 89' lang='lat' dir='ltr'>quibus</span> <span class='ocrx_word' id='word_1_373' title='bbox 3409 2162 3629 2235; x_wconf 86' lang='lat' dir='ltr'>potest</span> <span class='ocrx_word' id='word_1_374' title='bbox 3679 2172 3826 2222; x_wconf 89' lang='lat' dir='ltr'>esse</span> 
     </span>
     <span class='ocr_line' id='line_1_62' title="bbox 2273 2270 3826 2358; baseline -0.003 -19"><span class='ocrx_word' id='word_1_375' title='bbox 2273 2279 2524 2358; x_wconf 86' lang='lat' dir='ltr'>justitia</span> <span class='ocrx_word' id='word_1_376' title='bbox 2571 2275 2883 2349; x_wconf 87' lang='lat' dir='ltr'>actualis;</span> <span class='ocrx_word' id='word_1_377' title='bbox 2926 2276 2990 2335; x_wconf 91' lang='lat' dir='ltr'>in</span> <span class='ocrx_word' id='word_1_378' title='bbox 3058 2270 3415 2335; x_wconf 84' lang='lat' dir='ltr'>infantibus</span> <span class='ocrx_word' id='word_1_379' title='bbox 3474 2278 3702 2334; x_wconf 89' lang='lat' dir='ltr'>autem</span> <span class='ocrx_word' id='word_1_380' title='bbox 3757 2271 3826 2334; x_wconf 91' lang='lat' dir='ltr'>id</span> 
     </span>
     <span class='ocr_line' id='line_1_63' title="bbox 2284 2389 4112 2469; baseline -0.004 -15"><span class='ocrx_word' id='word_1_381' title='bbox 2284 2409 2431 2454; x_wconf 91' lang='lat' dir='ltr'>esse</span> <span class='ocrx_word' id='word_1_382' title='bbox 2478 2392 2561 2454; x_wconf 90' lang='lat' dir='ltr'>de</span> <span class='ocrx_word' id='word_1_383' title='bbox 2591 2391 2745 2454; x_wconf 84' lang='lat' dir='ltr'>fide.</span> <span class='ocrx_word' id='word_1_384' title='bbox 2790 2392 2939 2452; x_wconf 84' lang='lat' dir='ltr'>llaec</span> <span class='ocrx_word' id='word_1_385' title='bbox 2973 2390 3240 2467; x_wconf 81' lang='lat' dir='ltr'>quaestio</span> <span class='ocrx_word' id='word_1_386' title='bbox 3301 2389 3510 2467; x_wconf 85' lang='lat' dir='ltr'>magis</span> <span class='ocrx_word' id='word_1_387' title='bbox 3566 2389 3828 2465; x_wconf 89' lang='lat' dir='ltr'>spectat</span> <span class='ocrx_word' id='word_1_388' title='bbox 3924 2399 4112 2469; x_wconf 67' lang='lat' dir='ltr'>Uin-um</span> 
     </span>
     <span class='ocr_line' id='line_1_64' title="bbox 2281 2466 4143 2587; baseline -0.004 -18"><span class='ocrx_word' id='word_1_389' title='bbox 2281 2508 2367 2570; x_wconf 88' lang='lat' dir='ltr'>ad</span> <span class='ocrx_word' id='word_1_390' title='bbox 2419 2508 2760 2571; x_wconf 84' lang='lat' dir='ltr'>materiam</span> <span class='ocrx_word' id='word_1_391' title='bbox 2811 2505 2894 2567; x_wconf 92' lang='lat' dir='ltr'>de</span> <span class='ocrx_word' id='word_1_392' title='bbox 2930 2503 3426 2587; x_wconf 86' lang='lat' dir='ltr'>justificatione,</span> <span class='ocrx_word' id='word_1_393' title='bbox 3460 2521 3656 2584; x_wconf 90' lang='lat' dir='ltr'>quam</span> <span class='ocrx_word' id='word_1_394' title='bbox 3703 2505 3823 2566; x_wconf 88' lang='lat' dir='ltr'>ibi·</span> <span class='ocrx_word' id='word_1_395' title='bbox 3879 2466 4143 2572; x_wconf 53' lang='lat' dir='ltr'>gifffss&#39;ffufff</span> 
     </span>
     <span class='ocr_line' id='line_1_65' title="bbox 2284 2621 3827 2687; baseline -0.001 -1"><span class='ocrx_word' id='word_1_396' title='bbox 2284 2626 2435 2687; x_wconf 90' lang='lat' dir='ltr'>dem</span> <span class='ocrx_word' id='word_1_397' title='bbox 2469 2624 2918 2686; x_wconf 87' lang='lat' dir='ltr'>disseruimus.</span> <span class='ocrx_word' id='word_1_398' title='bbox 2978 2624 3098 2685; x_wconf 85' lang='lat' dir='ltr'>Alii</span> <span class='ocrx_word' id='word_1_399' title='bbox 3132 2624 3533 2685; x_wconf 89' lang='lat' dir='ltr'>contrarium</span> <span class='ocrx_word' id='word_1_400' title='bbox 3579 2621 3827 2684; x_wconf 90' lang='lat' dir='ltr'>docent</span> 
     </span>
     <span class='ocr_line' id='line_1_66' title="bbox 2286 2736 3827 2821; baseline -0.003 -17"><span class='ocrx_word' id='word_1_401' title='bbox 2286 2751 2597 2821; x_wconf 87' lang='lat' dir='ltr'>tanquam</span> <span class='ocrx_word' id='word_1_402' title='bbox 2665 2742 3034 2819; x_wconf 89' lang='lat' dir='ltr'>proximum</span> <span class='ocrx_word' id='word_1_403' title='bbox 3106 2737 3261 2800; x_wconf 87' lang='lat' dir='ltr'>fidei</span> <span class='ocrx_word' id='word_1_404' title='bbox 3316 2738 3575 2813; x_wconf 91' lang='lat' dir='ltr'>saltem,</span> <span class='ocrx_word' id='word_1_405' title='bbox 3628 2736 3827 2800; x_wconf 82' lang='lat' dir='ltr'>inodo</span> 
     </span>
     <span class='ocr_line' id='line_1_67' title="bbox 2283 2853 3831 2934; baseline -0.003 -14"><span class='ocrx_word' id='word_1_406' title='bbox 2283 2860 2688 2921; x_wconf 83' lang='lat' dir='ltr'>abstineatur</span> <span class='ocrx_word' id='word_1_407' title='bbox 2732 2858 2813 2918; x_wconf 93' lang='lat' dir='ltr'>ab</span> <span class='ocrx_word' id='word_1_408' title='bbox 2844 2857 2953 2917; x_wconf 86' lang='lat' dir='ltr'>illa</span> <span class='ocrx_word' id='word_1_409' title='bbox 2995 2855 3440 2934; x_wconf 84' lang='lat' dir='ltr'>appellatione</span> <span class='ocrx_word' id='word_1_410' title='bbox 3470 2853 3729 2915; x_wconf 87' lang='lat' dir='ltr'>habitus</span> <span class='ocrx_word' id='word_1_411' title='bbox 3764 2857 3831 2915; x_wconf 92' lang='lat' dir='ltr'>et</span> 
     </span>
     <span class='ocr_line' id='line_1_68' title="bbox 2284 2976 3995 3054; baseline -0.004 -17"><span class='ocrx_word' id='word_1_412' title='bbox 2284 2976 2637 3054; x_wconf 75' lang='lat' dir='ltr'>qualitatis,</span> <span class='ocrx_word' id='word_1_413' title='bbox 3991 3049 3995 3051; x_wconf 7' lang='lat' dir='ltr'>Y</span> 
     </span>
    </p>

    <p class='ocr_par' dir='ltr' id='par_1_9' title="bbox 2363 3072 4153 3206">
     <span class='ocr_line' id='line_1_69' title="bbox 2363 3087 4153 3206; baseline -0.005 -55"><span class='ocrx_word' id='word_1_414' title='bbox 2363 3091 2523 3153; x_wconf 90' lang='lat' dir='ltr'>Viris</span> <span class='ocrx_word' id='word_1_415' title='bbox 2556 3091 2811 3170; x_wconf 79' lang='lat' dir='ltr'>magnis</span> <span class='ocrx_word' id='word_1_416' title='bbox 2853 3095 2921 3150; x_wconf 93' lang='lat' dir='ltr'>et</span> <span class='ocrx_word' id='word_1_417' title='bbox 2950 3089 3281 3168; x_wconf 82' lang='lat' dir='ltr'>gravibuS,</span> <span class='ocrx_word' id='word_1_418' title='bbox 3317 3094 3382 3149; x_wconf 94' lang='lat' dir='ltr'>et</span> <span class='ocrx_word' id='word_1_419' title='bbox 3407 3087 3584 3149; x_wconf 91' lang='lat' dir='ltr'>bene</span> <span class='ocrx_word' id='word_1_420' title='bbox 3627 3090 3825 3150; x_wconf 87' lang='lat' dir='ltr'>meri·</span> <span class='ocrx_word' id='word_1_421' title='bbox 3899 3092 4153 3206; x_wconf 53' lang='grc' dir='ltr'>Ιὶιᾶῖῗίἰέη</span> 
     </span>
    </p>
   </div>
   <div class='ocr_carea' id='block_1_5' title="bbox 2281 3204 4066 3282">
    <p class='ocr_par' dir='ltr' id='par_1_10' title="bbox 2281 3204 4066 3282">
     <span class='ocr_line' id='line_1_70' title="bbox 2281 3204 4066 3282; baseline -0.001 -13"><span class='ocrx_word' id='word_1_422' title='bbox 2281 3211 2360 3270; x_wconf 88' lang='lat' dir='ltr'>tis</span> <span class='ocrx_word' id='word_1_423' title='bbox 2419 3207 2784 3281; x_wconf 81' lang='lat' dir='ltr'>de‘schola‚</span> <span class='ocrx_word' id='word_1_424' title='bbox 2845 3205 2997 3266; x_wconf 89' lang='lat' dir='ltr'>nolo</span> <span class='ocrx_word' id='word_1_425' title='bbox 3059 3221 3141 3265; x_wconf 86' lang='lat' dir='ltr'>ex</span> <span class='ocrx_word' id='word_1_426' title='bbox 3198 3205 3461 3282; x_wconf 89' lang='lat' dir='ltr'>propria</span> <span class='ocrx_word' id='word_1_427' title='bbox 3513 3204 3826 3281; x_wconf 86' lang='lat' dir='ltr'>opinione</span> <span class='ocrx_word' id='word_1_428' title='bbox 3958 3235 4066 3268; x_wconf 63' lang='lat' dir='ltr'>esse</span> 
     </span>
    </p>
   </div>
   <div class='ocr_carea' id='block_1_6' title="bbox 2280 3281 4126 3403">
    <p class='ocr_par' dir='ltr' id='par_1_11' title="bbox 2280 3281 4126 3403">
     <span class='ocr_line' id='line_1_71' title="bbox 2280 3281 4126 3403; baseline -0.002 -18"><span class='ocrx_word' id='word_1_429' title='bbox 2280 3323 2727 3403; x_wconf 79' lang='lat' dir='ltr'>praejudicare.</span> <span class='ocrx_word' id='word_1_430' title='bbox 2811 3321 3140 3383; x_wconf 84' lang='lat' dir='ltr'>Caeterum</span> <span class='ocrx_word' id='word_1_431' title='bbox 3207 3319 3468 3381; x_wconf 89' lang='lat' dir='ltr'>videtur</span> <span class='ocrx_word' id='word_1_432' title='bbox 3529 3319 3685 3380; x_wconf 90' lang='lat' dir='ltr'>mihi</span> <span class='ocrx_word' id='word_1_433' title='bbox 3743 3335 3825 3380; x_wconf 86' lang='lat' dir='ltr'>ex</span> <span class='ocrx_word' id='word_1_434' title='bbox 3896 3281 4126 3393; x_wconf 44' lang='lat' dir='ltr'>habgum</span> 
     </span>
    </p>
   </div>
   <div class='ocr_carea' id='block_1_7' title="bbox 2277 3420 4175 4565">
    <p class='ocr_par' dir='ltr' id='par_1_12' title="bbox 2277 3405 4149 3631">
     <span class='ocr_line' id='line_1_72' title="bbox 2281 3420 4149 3518; baseline -0.003 -17"><span class='ocrx_word' id='word_1_435' title='bbox 2281 3442 2611 3502; x_wconf 88' lang='lat' dir='ltr'>communi</span> <span class='ocrx_word' id='word_1_436' title='bbox 2641 3453 2970 3500; x_wconf 86' lang='lat' dir='ltr'>consensu</span> <span class='ocrx_word' id='word_1_437' title='bbox 3012 3437 3356 3498; x_wconf 89' lang='lat' dir='ltr'>veritatem</span> <span class='ocrx_word' id='word_1_438' title='bbox 3388 3437 3555 3497; x_wconf 89' lang='lat' dir='ltr'>hanc</span> <span class='ocrx_word' id='word_1_439' title='bbox 3612 3437 3826 3515; x_wconf 85' lang='lat' dir='ltr'>magis</span> <span class='ocrx_word' id='word_1_440' title='bbox 3873 3420 4149 3518; x_wconf 50' lang='grc' dir='ltr'>ξξξεᾞξξιζ</span> 
     </span>
     <span class='ocr_line' id='line_1_73' title="bbox 2277 3552 3822 3631; baseline -0.003 -11"><span class='ocrx_word' id='word_1_441' title='bbox 2277 3564 2504 3620; x_wconf 84' lang='lat' dir='ltr'>tenere</span> <span class='ocrx_word' id='word_1_442' title='bbox 2549 3557 2614 3617; x_wconf 90' lang='lat' dir='ltr'>in</span> <span class='ocrx_word' id='word_1_443' title='bbox 2646 3552 2927 3627; x_wconf 88' lang='lat' dir='ltr'>adultis;</span> <span class='ocrx_word' id='word_1_444' title='bbox 2965 3552 3049 3613; x_wconf 90' lang='lat' dir='ltr'>de</span> <span class='ocrx_word' id='word_1_445' title='bbox 3102 3552 3338 3631; x_wconf 91' lang='lat' dir='ltr'>quibus</span> <span class='ocrx_word' id='word_1_446' title='bbox 3382 3568 3577 3613; x_wconf 82' lang='lat' dir='ltr'>nemo</span> <span class='ocrx_word' id='word_1_447' title='bbox 3635 3552 3822 3615; x_wconf 88' lang='lat' dir='ltr'>vide-</span> 
     </span>
    </p>

    <p class='ocr_par' dir='ltr' id='par_1_13' title="bbox 2279 3666 3821 3744">
     <span class='ocr_line' id='line_1_74' title="bbox 2279 3666 3821 3744; baseline -0.003 -11"><span class='ocrx_word' id='word_1_448' title='bbox 2279 3679 2382 3733; x_wconf 88' lang='lat' dir='ltr'>tur</span> <span class='ocrx_word' id='word_1_449' title='bbox 2410 3670 2580 3732; x_wconf 91' lang='lat' dir='ltr'>inter</span> <span class='ocrx_word' id='word_1_450' title='bbox 2627 3671 2943 3730; x_wconf 84' lang='lat' dir='ltr'>Doctores</span> <span class='ocrx_word' id='word_1_451' title='bbox 3003 3667 3311 3744; x_wconf 83' lang='lat' dir='ltr'>antiquos</span> <span class='ocrx_word' id='word_1_452' title='bbox 3385 3666 3821 3729; x_wconf 82' lang='lat' dir='ltr'>Scholasticos</span> 
     </span>
    </p>

    <p class='ocr_par' dir='ltr' id='par_1_14' title="bbox 2277 3780 4175 4097">
     <span class='ocr_line' id='line_1_75' title="bbox 2280 3780 4144 3860; baseline -0.002 -13"><span class='ocrx_word' id='word_1_453' title='bbox 2280 3788 2438 3848; x_wconf 89' lang='lat' dir='ltr'>alias</span> <span class='ocrx_word' id='word_1_454' title='bbox 2469 3785 2826 3848; x_wconf 87' lang='lat' dir='ltr'>dubitasse.</span> <span class='ocrx_word' id='word_1_455' title='bbox 2863 3784 2936 3845; x_wconf 87' lang='lat' dir='ltr'>Et</span> <span class='ocrx_word' id='word_1_456' title='bbox 2978 3784 3259 3860; x_wconf 90' lang='lat' dir='ltr'>primum</span> <span class='ocrx_word' id='word_1_457' title='bbox 3289 3780 3355 3842; x_wconf 91' lang='lat' dir='ltr'>id</span> <span class='ocrx_word' id='word_1_458' title='bbox 3390 3782 3701 3843; x_wconf 83' lang='lat' dir='ltr'>confirmo</span> <span class='ocrx_word' id='word_1_459' title='bbox 3746 3798 3826 3843; x_wconf 85' lang='lat' dir='ltr'>ex</span> <span class='ocrx_word' id='word_1_460' title='bbox 3894 3793 4144 3845; x_wconf 77' lang='lat' dir='ltr'>probatio</span> 
     </span>
     <span class='ocr_line' id='line_1_76' title="bbox 2278 3872 4175 3978; baseline -0.002 -14"><span class='ocrx_word' id='word_1_461' title='bbox 2278 3903 2661 3965; x_wconf 85' lang='lat' dir='ltr'>auctoritate</span> <span class='ocrx_word' id='word_1_462' title='bbox 2693 3898 3147 3977; x_wconf 83' lang='lat' dir='ltr'>praedictorum</span> <span class='ocrx_word' id='word_1_463' title='bbox 3181 3896 3542 3970; x_wconf 90' lang='lat' dir='ltr'>Canonum,</span> <span class='ocrx_word' id='word_1_464' title='bbox 3586 3901 3651 3961; x_wconf 90' lang='lat' dir='ltr'>in</span> <span class='ocrx_word' id='word_1_465' title='bbox 3676 3902 3823 3978; x_wconf 88' lang='lat' dir='ltr'>qui·</span> <span class='ocrx_word' id='word_1_466' title='bbox 3867 3872 4175 3971; x_wconf 48' lang='lat' dir='ltr'>canoff&#39;affbus.</span> 
     </span>
     <span class='ocr_line' id='line_1_77' title="bbox 2277 4017 3825 4097; baseline -0.004 -13"><span class='ocrx_word' id='word_1_467' title='bbox 2277 4024 2401 4084; x_wconf 89' lang='lat' dir='ltr'>bus</span> <span class='ocrx_word' id='word_1_468' title='bbox 2434 4025 2681 4083; x_wconf 89' lang='lat' dir='ltr'>tantum</span> <span class='ocrx_word' id='word_1_469' title='bbox 2713 4017 3050 4079; x_wconf 80' lang='lat' dir='ltr'>dubitasse</span> <span class='ocrx_word' id='word_1_470' title='bbox 3096 4017 3419 4095; x_wconf 86' lang='lat' dir='ltr'>quosdam</span> <span class='ocrx_word' id='word_1_471' title='bbox 3450 4017 3825 4097; x_wconf 87' lang='lat' dir='ltr'>Theologos</span> 
     </span>
    </p>

    <p class='ocr_par' dir='ltr' id='par_1_15' title="bbox 2278 4130 3825 4212">
     <span class='ocr_line' id='line_1_78' title="bbox 2278 4130 3825 4212; baseline -0.003 -14"><span class='ocrx_word' id='word_1_472' title='bbox 2278 4138 2557 4199; x_wconf 90' lang='lat' dir='ltr'>docetur</span> <span class='ocrx_word' id='word_1_473' title='bbox 2586 4134 2669 4196; x_wconf 88' lang='lat' dir='ltr'>de</span> <span class='ocrx_word' id='word_1_474' title='bbox 2702 4133 2941 4193; x_wconf 77' lang='lat' dir='ltr'>effectu</span> <span class='ocrx_word' id='word_1_475' title='bbox 2972 4131 3202 4212; x_wconf 82' lang='lat' dir='ltr'>gratiae</span> <span class='ocrx_word' id='word_1_476' title='bbox 3262 4135 3329 4192; x_wconf 89' lang='lat' dir='ltr'>et</span> <span class='ocrx_word' id='word_1_477' title='bbox 3376 4130 3700 4194; x_wconf 92' lang='lat' dir='ltr'>donorum</span> <span class='ocrx_word' id='word_1_478' title='bbox 3760 4134 3825 4194; x_wconf 93' lang='lat' dir='ltr'>in</span> 
     </span>
    </p>

    <p class='ocr_par' dir='ltr' id='par_1_16' title="bbox 2279 4236 4172 4565">
     <span class='ocr_line' id='line_1_79' title="bbox 2279 4236 3826 4331; baseline -0.001 -19"><span class='ocrx_word' id='word_1_479' title='bbox 2279 4252 2586 4331; x_wconf 80' lang='lat' dir='ltr'>parvuliS,</span> <span class='ocrx_word' id='word_1_480' title='bbox 2632 4267 2714 4311; x_wconf 89' lang='lat' dir='ltr'>an</span> <span class='ocrx_word' id='word_1_481' title='bbox 2758 4250 2916 4326; x_wconf 86' lang='lat' dir='ltr'>ipsis</span> <span class='ocrx_word' id='word_1_482' title='bbox 2967 4236 3491 4309; x_wconf 88' lang='lat' dir='ltr'>communicetur</span> <span class='ocrx_word' id='word_1_483' title='bbox 3539 4264 3659 4326; x_wconf 87' lang='lat' dir='ltr'>per</span> <span class='ocrx_word' id='word_1_484' title='bbox 3711 4251 3826 4310; x_wconf 90' lang='lat' dir='ltr'>Ba-</span> 
     </span>
     <span class='ocr_line' id='line_1_80' title="bbox 2279 4361 4106 4463; baseline -0.002 -35"><span class='ocrx_word' id='word_1_485' title='bbox 2279 4368 2637 4446; x_wconf 77' lang='lat' dir='ltr'>ptismum?</span> <span class='ocrx_word' id='word_1_486' title='bbox 2665 4365 2924 4425; x_wconf 86' lang='lat' dir='ltr'>Etratio</span> <span class='ocrx_word' id='word_1_487' title='bbox 2960 4379 3191 4426; x_wconf 90' lang='lat' dir='ltr'>eorum</span> <span class='ocrx_word' id='word_1_488' title='bbox 3219 4361 3362 4435; x_wconf 88' lang='lat' dir='ltr'>fuit,</span> <span class='ocrx_word' id='word_1_489' title='bbox 3415 4368 3487 4424; x_wconf 90' lang='lat' dir='ltr'>ut</span> <span class='ocrx_word' id='word_1_490' title='bbox 3532 4364 3826 4426; x_wconf 90' lang='lat' dir='ltr'>insinua·</span> <span class='ocrx_word' id='word_1_491' title='bbox 3942 4411 4106 4463; x_wconf 75' lang='lat' dir='ltr'>Casus</span> 
     </span>
     <span class='ocr_line' id='line_1_81' title="bbox 2284 4483 4172 4565; baseline -0.001 -17"><span class='ocrx_word' id='word_1_492' title='bbox 2284 4494 2424 4559; x_wconf 90' lang='lat' dir='ltr'>tur,</span> <span class='ocrx_word' id='word_1_493' title='bbox 2487 4487 2638 4565; x_wconf 84' lang='lat' dir='ltr'>quia</span> <span class='ocrx_word' id='word_1_494' title='bbox 2712 4501 2872 4546; x_wconf 88' lang='lat' dir='ltr'>usus</span> <span class='ocrx_word' id='word_1_495' title='bbox 2938 4483 3399 4559; x_wconf 79' lang='lat' dir='ltr'>praedictorum</span> <span class='ocrx_word' id='word_1_496' title='bbox 3456 4484 3829 4560; x_wconf 85' lang='lat' dir='ltr'>habituum,</span> <span class='ocrx_word' id='word_1_497' title='bbox 3887 4487 4172 4525; x_wconf 63' lang='lat'>⁰⁸⁸⁰⁰¹¹¹¹¹·</span> 
     </span>
    </p>
   </div>
   <div class='ocr_carea' id='block_1_8' title="bbox 2281 4596 3835 4681">
    <p class='ocr_par' dir='ltr' id='par_1_17' title="bbox 2281 4596 3835 4681">
     <span class='ocr_line' id='line_1_82' title="bbox 2281 4596 3835 4681; baseline 0.001 -18"><span class='ocrx_word' id='word_1_498' title='bbox 2281 4617 2522 4677; x_wconf 88' lang='lat' dir='ltr'>nempe</span> <span class='ocrx_word' id='word_1_499' title='bbox 2594 4600 2816 4679; x_wconf 67' lang='lat' dir='ltr'>grathe</span> <span class='ocrx_word' id='word_1_500' title='bbox 2873 4596 3112 4678; x_wconf 87' lang='lat' dir='ltr'>(quam</span> <span class='ocrx_word' id='word_1_501' title='bbox 3185 4598 3306 4675; x_wconf 88' lang='lat' dir='ltr'>ipsi</span> <span class='ocrx_word' id='word_1_502' title='bbox 3363 4602 3835 4681; x_wconf 84' lang='lat' dir='ltr'>supponebant</span> 
     </span>
    </p>
   </div>
   <div class='ocr_carea' id='block_1_9' title="bbox 2263 4715 3829 4799">
    <p class='ocr_par' dir='ltr' id='par_1_18' title="bbox 2263 4715 3829 4799">
     <span class='ocr_line' id='line_1_83' title="bbox 2263 4715 3829 4799; baseline 0 -20"><span class='ocrx_word' id='word_1_503' title='bbox 2263 4718 2641 4799; x_wconf 17' lang='lat' dir='ltr'>*consistere</span> <span class='ocrx_word' id='word_1_504' title='bbox 2690 4718 2755 4776; x_wconf 94' lang='lat' dir='ltr'>in</span> <span class='ocrx_word' id='word_1_505' title='bbox 2808 4715 3146 4786; x_wconf 84' lang='lat' dir='ltr'>charitate,</span> <span class='ocrx_word' id='word_1_506' title='bbox 3216 4719 3284 4775; x_wconf 93' lang='lat' dir='ltr'>et</span> <span class='ocrx_word' id='word_1_507' title='bbox 3328 4729 3476 4775; x_wconf 88' lang='lat' dir='ltr'>esse</span> <span class='ocrx_word' id='word_1_508' title='bbox 3532 4716 3829 4778; x_wconf 90' lang='lat' dir='ltr'>habitum</span> 
     </span>
    </p>
   </div>
   <div class='ocr_carea' id='block_1_10' title="bbox 2280 4827 4192 5613">
    <p class='ocr_par' dir='ltr' id='par_1_19' title="bbox 2280 4827 3836 5260">
     <span class='ocr_line' id='line_1_84' title="bbox 2280 4827 3828 4910; baseline 0.001 -17"><span class='ocrx_word' id='word_1_509' title='bbox 2280 4834 2714 4910; x_wconf 87' lang='lat' dir='ltr'>operativum,</span> <span class='ocrx_word' id='word_1_510' title='bbox 2770 4829 2922 4908; x_wconf 89' lang='lat' dir='ltr'>quia</span> <span class='ocrx_word' id='word_1_511' title='bbox 2984 4829 3276 4907; x_wconf 89' lang='lat' dir='ltr'>alioquin</span> <span class='ocrx_word' id='word_1_512' title='bbox 3325 4827 3828 4894; x_wconf 88' lang='lat' dir='ltr'>fundamentum</span> 
     </span>
     <span class='ocr_line' id='line_1_85' title="bbox 2282 4947 3833 5025; baseline 0 -13"><span class='ocrx_word' id='word_1_513' title='bbox 2282 4967 2509 5013; x_wconf 90' lang='lat' dir='ltr'>eorum</span> <span class='ocrx_word' id='word_1_514' title='bbox 2534 4967 2666 5011; x_wconf 92' lang='lat' dir='ltr'>non</span> <span class='ocrx_word' id='word_1_515' title='bbox 2696 4948 3128 5025; x_wconf 86' lang='lat' dir='ltr'>subsisteret)</span> <span class='ocrx_word' id='word_1_516' title='bbox 3172 4948 3316 5024; x_wconf 89' lang='lat' dir='ltr'>spei</span> <span class='ocrx_word' id='word_1_517' title='bbox 3358 4955 3422 5011; x_wconf 89' lang='lat' dir='ltr'>et</span> <span class='ocrx_word' id='word_1_518' title='bbox 3459 4947 3635 5022; x_wconf 87' lang='lat' dir='ltr'>fidei,</span> <span class='ocrx_word' id='word_1_519' title='bbox 3699 4966 3833 5013; x_wconf 91' lang='lat' dir='ltr'>non</span> 
     </span>
     <span class='ocr_line' id='line_1_86' title="bbox 2282 5061 3836 5144; baseline 0.001 -17"><span class='ocrx_word' id='word_1_520' title='bbox 2282 5069 2493 5144; x_wconf 89' lang='lat' dir='ltr'>potuit</span> <span class='ocrx_word' id='word_1_521' title='bbox 2524 5081 2670 5126; x_wconf 89' lang='lat' dir='ltr'>esse</span> <span class='ocrx_word' id='word_1_522' title='bbox 2711 5066 2775 5123; x_wconf 92' lang='lat' dir='ltr'>in</span> <span class='ocrx_word' id='word_1_523' title='bbox 2808 5061 3185 5135; x_wconf 82' lang='lat' dir='ltr'>infantibuS,</span> <span class='ocrx_word' id='word_1_524' title='bbox 3220 5080 3299 5125; x_wconf 84' lang='lat' dir='ltr'>ex</span> <span class='ocrx_word' id='word_1_525' title='bbox 3333 5062 3597 5128; x_wconf 86' lang='lat' dir='ltr'>defectu</span> <span class='ocrx_word' id='word_1_526' title='bbox 3628 5071 3694 5128; x_wconf 89' lang='lat' dir='ltr'>et</span> <span class='ocrx_word' id='word_1_527' title='bbox 3729 5067 3836 5129; x_wconf 88' lang='lat' dir='ltr'>in-</span> 
     </span>
     <span class='ocr_line' id='line_1_87' title="bbox 2285 5181 3101 5260; baseline -0.002 -17"><span class='ocrx_word' id='word_1_528' title='bbox 2285 5182 2643 5260; x_wconf 88' lang='lat' dir='ltr'>capacitate</span> <span class='ocrx_word' id='word_1_529' title='bbox 2675 5181 2843 5242; x_wconf 89' lang='lat' dir='ltr'>illius</span> <span class='ocrx_word' id='word_1_530' title='bbox 2873 5186 3101 5242; x_wconf 81' lang='lat' dir='ltr'>statuS.</span> 
     </span>
    </p>

    <p class='ocr_par' dir='ltr' id='par_1_20' title="bbox 2281 5298 4192 5613">
     <span class='ocr_line' id='line_1_88' title="bbox 2360 5298 4058 5392; baseline 0.001 -31"><span class='ocrx_word' id='word_1_531' title='bbox 2360 5298 2582 5361; x_wconf 85' lang='lat' dir='ltr'>Caeteri</span> <span class='ocrx_word' id='word_1_532' title='bbox 2608 5303 2830 5359; x_wconf 90' lang='lat' dir='ltr'>autem</span> <span class='ocrx_word' id='word_1_533' title='bbox 2856 5301 2987 5358; x_wconf 90' lang='lat' dir='ltr'>tam</span> <span class='ocrx_word' id='word_1_534' title='bbox 3017 5298 3268 5377; x_wconf 89' lang='lat' dir='ltr'>antiqui</span> <span class='ocrx_word' id='word_1_535' title='bbox 3301 5314 3497 5377; x_wconf 88' lang='lat' dir='ltr'>quam</span> <span class='ocrx_word' id='word_1_536' title='bbox 3530 5301 3831 5364; x_wconf 90' lang='lat' dir='ltr'>moderni</span> <span class='ocrx_word' id='word_1_537' title='bbox 3977 5339 4058 5392; x_wconf 81' lang='lat'>17.</span> 
     </span>
     <span class='ocr_line' id='line_1_89' title="bbox 2281 5401 4176 5530; baseline 0.003 -54"><span class='ocrx_word' id='word_1_538' title='bbox 2281 5418 2596 5477; x_wconf 72' lang='lat' dir='ltr'>Doctores</span> <span class='ocrx_word' id='word_1_539' title='bbox 2619 5415 3053 5485; x_wconf 88' lang='lat' dir='ltr'>admittebant</span> <span class='ocrx_word' id='word_1_540' title='bbox 3071 5413 3464 5479; x_wconf 84' lang='lat' dir='ltr'>infusionem</span> <span class='ocrx_word' id='word_1_541' title='bbox 3487 5418 3828 5481; x_wconf 85' lang='lat' dir='ltr'>habituum</span> <span class='ocrx_word' id='word_1_542' title='bbox 3856 5401 4176 5530; x_wconf 46' lang='lat' dir='ltr'>excffiffiffiis</span> 
     </span>
     <span class='ocr_line' id='line_1_90' title="bbox 2283 5527 4192 5613; baseline 0.003 -20"><span class='ocrx_word' id='word_1_543' title='bbox 2283 5536 2414 5594; x_wconf 90' lang='lat' dir='ltr'>tam</span> <span class='ocrx_word' id='word_1_544' title='bbox 2450 5532 2518 5593; x_wconf 91' lang='lat' dir='ltr'>in</span> <span class='ocrx_word' id='word_1_545' title='bbox 2559 5530 2915 5594; x_wconf 84' lang='lat' dir='ltr'>infantibus</span> <span class='ocrx_word' id='word_1_546' title='bbox 2966 5530 3179 5609; x_wconf 86' lang='lat' dir='ltr'>quoad</span> <span class='ocrx_word' id='word_1_547' title='bbox 3210 5547 3374 5606; x_wconf 88' lang='lat' dir='ltr'>rem,</span> <span class='ocrx_word' id='word_1_548' title='bbox 3406 5534 3561 5596; x_wconf 85' lang='lat' dir='ltr'>licet</span> <span class='ocrx_word' id='word_1_549' title='bbox 3602 5537 3820 5613; x_wconf 86' lang='lat' dir='ltr'>quoad</span> <span class='ocrx_word' id='word_1_550' title='bbox 3881 5527 4192 5584; x_wconf 79' lang='lat' dir='ltr'>infantium.</span> 
     </span>
    </p>
   </div>
  </div>
 </body>
</html>
