4287 6313
1605 360 1803 428 DIST.
1837 365 1882 427 l.
1934 352 2305 441 QUAES'NO
2378 360 2454 427 V.

501 546 748 623 gnum
780 532 996 603 esset
1029 529 1422 603 medicina
1450 530 1849 610 virtuosa,
1894 552 2055 604 non

498 656 775 726 tamen
836 667 981 738 per
1028 647 1385 740 aliquam
1429 649 1782 720 formam
1829 648 2056 721 abso-

502 768 787 848 lutam,
853 787 1028 858 quae
1088 771 1306 841 esset
1374 764 1868 860 principium
1940 787 2060 839 sa-

501 885 768 968 nandi,
851 884 983 956 sed
1061 887 1381 958 tantum
1470 903 1618 977 per
1696 880 2057 954 ordinem

504 1000 915 1093 efficacem
958 998 1053 1070 ad
1096 996 1559 1072 sanitatem.

590 1117 705 1189 Ad
790 1116 1129 1189 tertium
1226 1117 1495 1209 potest
1574 1113 1768 1199 dici,
1854 1114 2059 1206 quod

506 1232 825 1326 quoties
869 1234 1487 1307 Sacramentum
1557 1235 1681 1305 est
1729 1250 2053 1314 novum,

505 1352 753 1426 toties
795 1350 1401 1425 fundamentum
1443 1353 1568 1423 est
1614 1370 1940 1431 novum,
1978 1354 2059 1424 et

506 1475 696 1543 tunc
745 1489 906 1541 non
954 1470 1078 1541 est
1127 1467 1235 1540 ibi
1276 1487 1488 1539 nova
1540 1466 1833 1541 relatio
1888 1467 2058 1540 sine

509 1588 962 1659 mutatione
1054 1582 1601 1666 fundamenti3
1697 1584 1830 1655 sed
1915 1583 2059 1656 illa

506 1704 852 1776 mutatio
895 1724 1059 1776 non
1109 1706 1234 1776 est
1293 1702 1387 1774 ad
1448 1701 1770 1794 aliquod
1831 1701 2056 1773 abso-

503 1821 767 1894 lutum
821 1820 901 1893 in
942 1820 1486 1901 fundamento,
1545 1819 1676 1891 sed
1735 1818 1831 1890 ad
1879 1838 2057 1890 esse

510 1934 1037 2010 fundamenti.

595 2054 741 2125 Vel
792 2052 1037 2126 aliter
1085 2050 1239 2125 dici
1281 2052 1575 2144 potest,
1613 2050 1820 2141 quod
1855 2048 2057 2122 rela-

507 2170 627 2243 tio
697 2168 1045 2241 rationis
1125 2169 1391 2260 potest
1469 2187 1648 2239 esse
1709 2185 1920 2239 nova
1980 2166 2058 2237 in

509 2287 811 2380 aliquo,
848 2287 1145 2378 absque
1179 2285 1398 2359 omni
1438 2284 1805 2359 novitate
1836 2285 2061 2357 abso-

507 2404 663 2478 luti
744 2404 823 2476 in
900 2403 1103 2495 ipso,
1186 2400 1487 2475 sufficit
1562 2401 1775 2473 enim
1852 2420 2063 2473 nova

220 2512 437 2625 0¹32?
509 2519 1023 2613 comparatio
1110 2517 1462 2591 absoluti
1545 2519 1639 2589 ad
1708 2517 2063 2591 alterum

206 2638 466 2751 ffiffigffe,
515 2654 665 2727 per
722 2638 991 2707 actum
1057 2633 1564 2713 intellectus:
1624 2633 1776 2707 hoc
1829 2634 2061 2705 modo

222 2764 280 2811 de
306 2777 455 2817 novo.
515 2755 786 2843 potest
824 2753 1039 2823 Deus
1079 2749 1233 2823 dici
1266 2750 1660 2823 Dominus
1702 2751 1793 2823 de
1823 2771 2058 2832 novo,

516 2868 687 2940 sine
762 2887 972 2939 novo
1049 2866 1422 2939 absoluto
1493 2866 1575 2938 in
1644 2867 1847 2960 ipso.
1917 2865 2062 2939 Vel

516 2982 777 3074 magis
811 2984 905 3057 ad
951 2983 1460 3075 propositum
1517 2986 1788 3076 potest
1837 3003 2064 3055 num-

512 3119 691 3172 mus
757 3098 911 3173 dici
989 3100 1339 3194 pretium
1405 3098 1496 3173 de
1562 3120 1814 3185 novo;
1887 3122 2065 3174 esse

509 3218 725 3289 enim
768 3215 1125 3311 pretium
1204 3237 1365 3289 non
1404 3218 1598 3292 dicit
1643 3216 1801 3290 nisi
1855 3219 2062 3298 rela-

507 3332 815 3406 tionem
914 3333 1282 3419 rationiS‚
1372 3334 1586 3408 sicut
1663 3355 1809 3407 nec
1886 3356 2064 3407 esse

511 3454 1105 3525 commutatum
1163 3473 1312 3546 pro
1366 3452 1581 3532 alio;
1631 3473 1810 3524 esse
1850 3451 2065 3524 enim

512 3571 1104 3643 commutatum
1156 3588 1316 3642 non
1369 3569 1631 3660 magis
1692 3568 1887 3642 dicit
1938 3589 2062 3641 re-

513 3683 905 3758 lationem
971 3684 1301 3766 realem,
1377 3704 1616 3777 quam
1694 3705 1873 3757 esse
1938 3684 2065 3756 da-

513 3803 732 3884 tum;
769 3802 1044 3875 datum
1084 3805 1357 3876 autem
1388 3804 1505 3892 (ut
1541 3802 2063 3877 manifestum

515 3923 663 3999 est,
701 3938 883 3991 cum
914 3917 1125 3991 dicat
1169 3916 1716 3992 habitudinem
1773 3919 2065 4014 objecti

514 4034 609 4106 ad
662 4035 1193 4123 voluntatem)
1235 4055 1396 4107 non
1456 4035 1651 4109 dicit
1710 4034 1869 4109 nisi
1942 4055 2066 4108 ra-

514 4149 761 4224 tionis
852 4152 1336 4226 relationem
1426 4152 1505 4225 in
1594 4153 1771 4244 ipso
1848 4153 2062 4235 dato,

513 4267 722 4341 sicut
752 4289 898 4342 nec
934 4268 1436 4344 intellectum
1479 4291 1658 4343 esse
1713 4269 1793 4341 in
1848 4269 2063 4363 obje-

516 4388 649 4459 cto
708 4385 1160 4460 intellect0.

239 1137 319 1187 Ad
348 1138 405 1187 3.

959 4605 1624 4670 COMMENTARIUS.

323 4777 393 4828 84.

236 4838 471 4916 Resolptip
611 4828 733 4915 (m)
771 4826 877 4893 Act
906 4829 1328 4914 quaestionem
1358 4829 1716 4897 secundam
1746 4843 1930 4918 patet
1947 4853 2071 4921 per

216 4909 485 5039 ‘¹⁰:32¹ssss
523 4945 721 5022 idem,
773 4954 898 5010 etc.
953 4947 1069 5009 Hic
1109 4944 1460 5030 respondet
1513 4944 1593 5011 ad
1633 4948 2068 5034 quaestionem

242 5029 478 5152 μζζῧζῗο
526 5058 904 5139 secundam,
958 5060 1147 5146 cujus
1203 5060 1534 5127 conclusio
1595 5075 1744 5129 est:
1798 5065 2071 5133 Nullam

530 5177 839 5242 virtutem
865 5178 1218 5263 physicam
1258 5177 1633 5264 superaddi
1677 5180 2072 5249 Sacramen-

530 5304 609 5372 ιο,
646 5313 764 5358 nec
802 5292 1186 5378 possibilem
1233 5313 1368 5359 esse
1398 5294 1617 5373 talem,
1667 5294 1729 5360 id
1771 5308 1895 5379 est,
1940 5317 2069 5364 non

524 5407 773 5475 ostendi
833 5429 947 5496 per
994 5409 1305 5490 ratione8‚
1358 5421 1469 5475 aut
1506 5411 1959 5477 auctoritatem
1996 5411 2075 5480 il-

527 5525 650 5594 lam
717 5525 956 5608 inesse,
997 5536 1063 5592 et
1110 5526 1285 5593 nulla
1324 5527 1713 5596 necessitate
1778 5530 2057 5609 adstrui,

3581 356 3692 428 189

2171 528 2458 596 efficacia
2488 528 2662 596 enim
2713 528 3114 596 Sacramenti
3156 539 3256 595 est
3285 549 3368 595 ex
3413 528 3715 614 pactione

2171 646 2392 714 divina
2422 669 2567 714 cum
2610 646 2921 715 Ecclesia.
2969 649 3047 714 Et
3078 645 3134 714 si
3173 644 3605 715 contendatur
3635 643 3715 710 de

2175 763 2418 831 virtute
2457 778 2718 852 propter
2764 763 3182 832 auctoritates
3212 764 3598 831 Sanctorum
3650 773 3715 826 et

2172 881 2504 961 Ecclesiae,
2558 902 2706 968 quae
2737 881 2890 948 dicit
2921 884 3335 949 Sacramenta
3380 879 3716 946 includere

2174 997 2416 1064 virtute
2471 1017 2663 1064 suum
2725 997 3055 1082 effectum,
3118 1008 3334 1085 potest
3371 994 3497 1062 dici
3562 996 3717 1085 (su-

2174 1114 2408 1182 mendo
2473 1118 2784 1182 uirtutem
2848 1136 2998 1182 cum
3049 1115 3450 1201 Philosopho
3501 1119 3561 1179 1.
3639 1114 3722 1180 de

2176 1238 2352 1303 Coelo
2386 1249 2447 1303 et
2484 1238 2753 1317 mundO,
2794 1258 2910 1325 pro
2941 1259 3018 1304 eo
3057 1236 3228 1325 quod
3263 1249 3363 1303 est
3417 1234 3717 1303 ultimum

2172 1352 2525 1442 potentiae)
2567 1354 2740 1441 quod
2783 1354 2881 1421 sic
2911 1354 3123 1421 virtus
3169 1351 3567 1420 Sacramenti
3619 1362 3719 1417 est

2171 1488 2317 1535 esse
2353 1470 2620 1556 signum
2662 1469 2892 1537 efficax
2934 1471 3188 1557 gratiae,
3245 1481 3309 1537 et
3347 1470 3540 1537 aliam
3586 1469 3719 1536 vir·

2169 1594 2372 1649 tutem
2410 1603 2535 1649 non
2578 1605 2769 1670 posse
2798 1584 3008 1659 eidem
3049 1595 3438 1672 competere.

2259 1699 2424 1765 Dicit
2471 1719 2632 1786 ergo
2682 1701 3246 1767 Sacramentorum
3296 1698 3711 1765 conformita-
3805 1706 3986 1761 Virtus

2169 1825 2299 1881 tem
2332 1837 2480 1883 cum
2513 1838 2632 1884 suo
2667 1817 2926 1903 signato
2967 1839 3112 1885 esse
3152 1818 3322 1885 hanc
3369 1818 3709 1898 virtutem,
3764 1769 4063 1886 saffiru-

2172 1942 2494 2019 quatenus
2548 1946 2618 2001 ut
2658 1934 2840 2021 prius
2890 1934 3270 2001 naturaliter
3309 1934 3492 2001 illum
3532 1943 3714 2001 certo

2171 2047 2501 2135 significat
2546 2063 2610 2117 et
2639 2050 2857 2118 infert.
2895 2054 3047 2118 Haec
3074 2051 3292 2117 omnia
3340 2050 3513 2117 clara
3560 2059 3713 2117 sunt
3771 2056 4018 2112 Dubium.

2171 2187 2252 2232 ex
2301 2166 2513 2233 dictis.
2578 2167 2837 2234 Dubitat
2907 2171 3162 2247 Doctor,
3228 2177 3446 2234 utrum
3487 2165 3717 2234 relatio

2172 2284 2645 2351 conformitatis
2691 2286 3090 2353 Sacramenti
3132 2284 3212 2352 ad
3252 2305 3445 2353 suum
3498 2284 3718 2372 signa·

2172 2411 2338 2479 tum,
2401 2399 2486 2466 sit
2539 2399 2621 2466 de
2677 2400 2955 2467 essentia
3014 2400 3206 2489 ejus?
3261 2400 3718 2488 Respondetur
3779 2418 4030 2474 Solvitur.

2174 2535 2317 2583 esse
2363 2515 2793 2583 differentiam
2849 2516 3250 2584 Sacramenti
3287 2536 3367 2582 ex
3410 2516 3515 2594 iis,
3569 2537 3718 2605 quae

2172 2654 2376 2719 supra
2407 2632 2697 2700 diximus
2739 2633 2819 2699 de
2858 2632 3237 2701 definitione
3286 2632 3714 2710 Sacramenti,

2176 2769 2256 2814 ex
2287 2749 2429 2837 ipso
2470 2753 2762 2829 Doctore‚
2807 2750 2916 2838 qui
2952 2762 3147 2838 negat
3185 2761 3571 2836 potestatem
3614 2749 3721 2815 in-

2180 2865 2491 2933 stituendi
2521 2867 2917 2934 Sacramenti
2962 2887 3156 2954 posse
3198 2866 3550 2933 convenire
3581 2886 3722 2934 cre-

2181 2990 2412 3062 aturan,
2456 2992 2520 3048 et
2556 2982 2864 3049 fundatur
2921 2983 2987 3047 in
3034 2982 3423 3049 certitudine
3465 2980 3725 3069 signifi-

2177 3099 2452 3167 cationis
2497 3098 3018 3180 sacramentaliS,
3089 3121 3237 3191 quae
3296 3100 3608 3169 fundatur
3657 3098 3723 3165 in
3778 3113 4121 3180 Explicatur.

2178 3217 2551 3283 assistentia
2581 3215 2826 3284 divina.
2864 3217 3046 3284 Unde
3084 3217 3345 3306 quando
3384 3218 3492 3284 hic
3529 3237 3722 3303 sepa·
3802 3179 4016 3230 Doctor.

2181 3343 2278 3398 rat
2315 3352 2352 3398 a
2383 3332 2699 3400 relatione
2755 3333 2927 3422 signi
2979 3335 3175 3401 etiam
3237 3334 3499 3422 practici
3542 3333 3720 3400 illam

2178 3447 2727 3530 conformitatem,
2793 3470 2919 3516 non
2987 3449 3276 3539 loquitur
3349 3449 3430 3516 de
3495 3451 3724 3516 Sacra-

2181 3572 2401 3627 mento
2431 3562 2753 3648 complete
2781 3563 2903 3629 sub
2933 3563 3111 3629 omni
3154 3562 3404 3630 ratione
3436 3562 3563 3641 sui,
3609 3560 3721 3628 sed

2180 3681 2429 3735 tantum
2497 3670 2620 3736 sub
2676 3670 2929 3737 ratione
2986 3671 3291 3757 generica
3338 3682 3403 3739 et
3473 3671 3726 3737 incom-

2182 3783 2377 3871 pleta.

2271 3902 2383 3968 His
2430 3923 2589 3989 ergo
2639 3902 2997 3990 suppositis
3037 3904 3209 3970 circa
3254 3904 3722 3972 resolutionem
3870 3916 3955 3969 85.

2184 4019 2528 4107 utriusque
2558 4020 2941 4107 quaestionis
2975 4041 3090 4107 per
3120 4025 3482 4098 Doctorem,
3522 4043 3727 4109 quan-

2181 4146 2317 4201 tum
2359 4136 2439 4203 ad
2478 4136 2833 4204 efficaciam
2882 4149 2944 4204 et
2983 4137 3296 4204 virtutem
3354 4151 3417 4206 et
3461 4139 3725 4206 modum

2179 4251 2488 4318 causandi
2529 4252 2805 4338 gratiam
2856 4273 2970 4340 per
3009 4255 3447 4331 Sacramenta,
3483 4254 3727 4340 adjicio

2182 4369 2351 4435 hanc
2388 4369 2948 4437 confirmationem
2989 4391 3070 4437 ex
3111 4371 3353 4439 sanctis
3395 4372 3719 4453 P'atribuS‚
3757 4403 4084 4460 confirmatio

2185 4506 2265 4552 ex
2314 4507 2592 4574 quorum
2644 4487 2834 4553 modo
2872 4487 3176 4575 loquendi
3230 4488 3438 4557 facilis
3485 4501 3609 4569 est,
3662 4503 3727 4558 et
3786 4470 4043 4581 dictgum

2185 4622 2386 4669 verax
2419 4602 2729 4670 resolutio
2761 4604 3081 4671 Doctoris.
3786 4594 4048 4711 Pffiiffi.

2271 4719 2657 4806 CyprianuS,
2692 4741 2906 4786 sermo
2937 4719 3017 4788 de
3046 4720 3378 4808 Baptismo
3414 4744 3428 4787 :
3473 4722 3727 4790 Remis-

2181 4834 2281 4899 sio
2307 4846 2748 4920 peccatorum,
2790 4838 2931 4902 sive
2971 4858 3094 4924 per
3141 4838 3558 4923 Baptismum
3588 4840 3730 4905 sive

2180 4969 2303 5035 per
2366 4951 2506 5015 alia
2573 4952 3007 5019 Sacramenta
3072 4952 3374 5033 donetur,
3443 4956 3729 5041 proprie

2183 5065 2479 5152 Spiritus
2515 5069 2733 5132 sancti
2762 5078 2874 5148 est,
2921 5080 2981 5134 et
3011 5070 3141 5155 ipsi
3180 5071 3378 5156 hujus
3416 5072 3728 5156 efficien-

2183 5183 2294 5249 tioe
2319 5182 2754 5270 privileqium
2800 5198 3042 5252 manet.
3102 5187 3459 5256 Verborum
3495 5189 3730 5256 solem·

2182 5301 2384 5380 nitas,
2428 5310 2489 5367 et
2528 5303 2708 5368 sacri
2757 5304 3088 5369 invocatio
3144 5308 3462 5384 nominis,
3517 5318 3580 5373 et
3637 5309 3729 5372 si-

2180 5436 2312 5501 qna
2352 5415 2881 5483 institutionibus
2938 5418 3335 5504 Apostolicis
3394 5422 3729 5488 Sacerdo-

2184 5542 2307 5597 tem
2330 5533 2726 5601 ministeriis
2746 5537 3092 5619 attributa,
3120 5538 3381 5605 visibile
3399 5538 3732 5607 celebrant
