4287 6313
522 445 638 508 390
1699 447 1841 508 LlB.
1892 446 1988 506 lV.
2035 443 2626 507 SENTENTIARUM

530 607 750 681 inter
806 610 1103 692 fideles,
1196 615 1276 684 et
1361 612 1443 681 in
1528 609 1706 700 lege
1790 625 2075 679 eorum
2194 624 2354 676 non
2413 604 2653 678 habet
2709 623 2885 676 eam
2931 607 3117 676 ante
3183 597 3736 692 Baptismum-;

530 725 941 810 doceatur,
997 726 1383 799 similiter
1445 724 1903 818 acquiescet
1961 722 2082 794 illi
2196 739 2394 812 ergo
2444 740 2605 792 non
2662 723 2904 794 datur
2942 721 3016 792 ei
3072 720 3149 791 in
3197 715 3648 809 Baptismo.

532 840 719 933 legi,
784 841 995 915 sicut
1062 841 1356 934 aliquis
1441 841 1928 934 baptizatus.
2003 840 2085 914 Si
2290 841 2620 916 Contra,
2676 837 3181 927 Augustinus
3238 834 3318 904 in
3375 826 3740 904 Enchiri·
3796 840 4064 954 Ρέἲῑὲεἰξᾱ

535 976 737 1048 ergo
798 958 1019 1030 nullo
1083 958 1314 1031 modo
1385 958 1631 1032 aliter
1697 978 1780 1029 se
1848 957 2086 1031 habet
2199 953 2329 1026 dio
2365 965 2461 1023 :A
2508 957 2795 1042 parvulo
2855 966 3149 1020 recenter
3186 963 3370 1036 nato,
3403 968 3605 1036 usque
3653 946 3743 1013 ad
3858 921 3920 969 Ῥ
4025 940 4037 952 “

540 1074 634 1146 ad
739 1078 1013 1147 actum
1126 1074 1494 1147 credendi
1594 1073 2084 1165 baptizatus,
2187 1070 2633 1156 decrepitum,
2715 1071 2890 1136 sicut
2956 1070 3192 1162 ‚nullus
3272 1064 3661 1154 prohibetur
3707 1084 3748 1127 a

543 1200 785 1273 quam
826 1201 985 1253 non
1034 1180 1521 1274 baptizatus,
1572 1181 1791 1254 nullo
1857 1182 2089 1254 modo
2206 1189 2572 1274 BaptismO,
2608 1189 2705 1253 ita
2763 1188 2990 1253 nullus
3033 1197 3125 1253 est
3163 1186 3279 1271 qui
3325 1205 3460 1250 non
3504 1180 3749 1246 moria·

542 1297 784 1371 habet
864 1296 1231 1370 habitum
1307 1298 1512 1370 fidei.

328 1444 382 1495 2,
634 1412 717 1486 Si
772 1433 971 1486 vero
1028 1414 1642 1506 respondeatur,
1705 1416 1911 1507 quod
1961 1415 2095 1489 ha-

2209 1316 2318 1370 tur
2388 1314 2653 1389 peccato
2692 1304 2764 1368 in
2830 1303 3220 1390 Baptismo,·
3281 1298 3413 1369 sed
3481 1293 3752 1367 nullus

2211 1416 2568 1490 moritur
2610 1419 2964 1509 peccat0,
3002 1415 3159 1489 nisi
3195 1411 3539 1505 recipiat
3581 1429 3756 1501 gra-

548 1530 765 1603 bitus
827 1521 1278 1622 acquisitus
1347 1531 1619 1623 aliquo
1702 1531 1933 1602 modo
2013 1549 2097 1601 se
2208 1532 2718 1625 tiam;erg0,
2769 1537 2922 1606 etc.

550 1638 791 1720 habet
860 1647 955 1719 ad
1022 1651 1324 1731 actum,
1406 1667 1565 1721 non
1642 1647 1757 1719 sic
1825 1650 2094 1719 autem

555 1760 897 1836 infusus.
961 1767 1267 1839 Contra
1317 1764 1494 1846 hoc,
1548 1769 1629 1838 et
1680 1764 1773 1836 ad
1815 1763 2099 1837 confir-

554 1879 1000 1954 mationem
1072 1880 1550 1973 principalis
1609 1878 2097 1972 argumenti,

556 1995 745 2087 quia
795 1994 863 2067 si
931 1998 1144 2069 Deus
1188 1993 1643 2069 infunderet
1686 1996 1931 2069 alicui
1972 1994 2104 2066 ha·

556 2111 814 2185 bitum
874 2113 1359 2187 Geometriae
1428 2112 2105 2187 concurrentibus

221 2227 502 2338 Fidffgaffl
565 2228 716 2301 sibi
780 2230 1236 2302 rationibus
1306 2230 1851 2304 terminorum
1913 2234 2108 2304 Geo-

234 2349 503 2463 tffliigffiif
566 2343 1062 2426 metralium‚
1150 2348 1422 2436 posset
1457 2366 1555 2416 ex
1615 2344 1756 2416 illo
1827 2345 2102 2418 habitu

226 2430 279 2549 ⁰·
310 2478 441 2545 sieut
479 2448 506 2546 ‚’
561 2461 963 2534 assentire
1004 2461 1490 2535 veritatibus
1533 2464 2105 2548 Geometricis;

210 2544 530 2650 mffiffiafn
560 2594 760 2666 ergo
811 2596 859 2647 a
910 2575 1156 2649 simili
1193 2576 1274 2648 in
1317 2578 1768 2670 proposito,
1815 2600 1912 2651 ex
1960 2580 2109 2652 fide

562 2691 855 2774 infusa,
921 2692 990 2765 si
1059 2695 1401 2775 adesset,
1468 2699 1742 2786 posset
1809 2695 2108 2768 habens

557 2806 962 2882 assentire
997 2810 1612 2890 occurrentibus
1654 2810 2110 2885 rationibus

562 2923 1137 3005 terminorum,
1230 2930 1310 2999 et
1406 2926 1524 2998 ita
1609 2930 2112 3019 apprehensa

563 3041 888 3113 ratione
952 3043 1258 3114 mortui
1308 3044 1387 3114 et
1447 3045 2106 3130 resurrectionis,

564 3164 842 3250 posset
911 3158 1207 3249 aliquis
1285 3160 1686 3234 assentire
1744 3159 1926 3233 huic
1987 3183 2110 3234 ve-

566 3275 826 3357 ritati,
918 3275 1226 3350 mortui
1336 3286 1796 3368 resurgent,
1868 3284 2112 3375 cujus

571 3392 1037 3484 oppositum
1083 3393 1583 3484 experimur.

655 3509 1002 3579 Tandem
1107 3508 1646 3583 confirmatur
1745 3514 2116 3605 proposi·

568 3629 767 3705 tum,
854 3624 1042 3716 quia
1122 3645 1299 3699 cum
1377 3624 1700 3701 habitus
1779 3629 1907 3703 det
1976 3630 2085 3702 ali

567 3759 806 3831 quam
848 3738 1333 3816 facilitatem
1374 3748 1455 3817 et
1493 3744 2111 3829 delectationem

567 3856 649 3928 in
687 3876 954 3948 opere,
993 3877 1091 3928 ex
1137 3862 1422 3929 seeundo
1479 3863 1780 3931 Echicor.
1844 3864 2115 3937 nullus

568 3975 841 4045 autem
921 3972 1268 4054 facilius,
1338 3994 1483 4048 nec
1560 3977 2115 4052 delectabilius

573 4095 968 4183 operatur
1051 4097 1343 4167 contra
1427 4092 1790 4169 habitum
1880 4118 2116 4169 suum

578 4226 817 4299 quam
859 4209 1293 4281 secundum
1353 4230 1581 4293 eum3
1644 4214 1775 4285 sed
1829 4233 2119 4306 parvu-

574 4324 702 4395 lus
788 4324 1247 4416 baptizatus
1344 4332 1774 4418 postquam
1868 4330 2117 4408 fuerit

578 4440 924 4523 adultuS,
970 4437 1292 4514 facilius
1341 4442 1716 4518 dissentit
1767 4465 1813 4516 a
1871 4448 2119 4520 credi-

580 4554 871 4628 bilibus
913 4576 1154 4648 quam
1214 4560 1699 4642 consentiat,
1764 4565 1848 4635 ut
1889 4581 2121 4655 expe-

586 4671 881 4755 rimur;
927 4693 1149 4766 ergo,
1212 4679 1367 4747 etc.

671 4792 875 4864 Item
909 4790 1005 4862 ad
1048 4790 1497 4883 principale
1542 4817 1557 4861 ε
1602 4793 1871 4865 nullus
1925 4796 2122 4868 reci-

584 4906 700 5001 pit
776 4906 1134 4997 gratiam
1220 4925 1267 4979 a
1343 4909 1535 4990 Deo,
1626 4910 1782 4982 nisi
1848 4910 2121 5002 aliquo

583 5021 815 5094 modo
878 5022 1029 5094 sibi
1098 5023 1668 5116 conjungatur,
1744 5045 1932 5099 nam
1999 5046 2125 5100 ac-

579 5139 920 5213 tualiter
985 5160 1304 5223 averso,
1378 5147 1458 5215 et
1527 5141 1854 5214 omnino
1932 5142 2126 5215 indi-

583 5257 920 5349 sposito,
999 5259 1213 5330 Deus
1287 5276 1448 5329 non
1531 5258 1663 5331 dat
1733 5259 2118 5351 gratiam.

582 5374 859 5445 Prima
901 5377 1174 5446 autem
1225 5373 1687 5468 conjunctio
1731 5376 1824 5448 ad
1869 5376 2120 5448 Deum

582 5491 667 5563 fit
757 5510 903 5584 per
968 5490 1254 5572 fidem;
1309 5510 1509 5582 ergo
1571 5512 1732 5564 non
1797 5490 2122 5566 habenti

579 5607 832 5691 illam,
878 5627 1038 5683 non
1075 5609 1316 5683 datur
1362 5608 1678 5702 gratia;
1736 5608 2123 5701 parvulus

277 4821 403 4883 Arg.
443 4816 494 4869 2.

2772 1783 3183 1842 SCHOLIUM.

2292 2031 2641 2088 Secundum
2694 2029 2880 2088 fidem
2929 2035 3168 2086 certum
3219 2033 3330 2096 est,
3363 2029 3631 2100 gratiam
3662 2030 3765 2084 in-

2218 2131 2424 2197 fundi,
2482 2131 2644 2186 sicut
2706 2128 3019 2199 originale
3076 2127 3306 2184 dimitti
3366 2126 3652 2198 parvulis
3699 2127 3763 2182 in

2221 2230 2555 2300 Baptismo,
2595 2227 2670 2284 de
2701 2242 2823 2299 quo
2869 2227 3042 2284 citati
3088 2241 3201 2297 pro
3248 2231 3467 2297 quaest.
3502 2224 3764 2295 praeced.

2220 2333 2315 2387 est
2335 2328 2410 2384 de
2441 2327 2562 2384 fide
2591 2342 2666 2384 ex
2696 2342 2829 2398 cap.
2859 2330 3130 2396 Majores
3177 2324 3252 2381 de
3285 2325 3456 2395 Bapt.
3493 2325 3763 2380 Trident.

2221 2441 2372 2485 sesa
2419 2427 2477 2481 7.
2528 2440 2661 2482 can.
2714 2427 2768 2480 6.
2817 2427 2870 2480 7.
2910 2427 2969 2481 et
3015 2426 3069 2480 8.
3113 2426 3173 2479 et
3213 2426 3487 2478 Florem.
3533 2420 3762 2477 decret.

2223 2529 2460 2597 Eugen.
2498 2530 2778 2582 Ambros.
2830 2523 2941 2580 lib.
2981 2526 3038 2579 2.
3088 2524 3153 2579 in
3206 2524 3353 2578 Luc.
3406 2524 3659 2589 Auyust.
3706 2520 3762 2576 5.

2224 2628 2438 2681 contra
2487 2626 2699 2680 Donat.
2749 2638 2799 2678 c.
2847 2621 2940 2678 21.
2989 2619 3139 2677 vide
3197 2619 3485 2676 Coceium
3526 2619 3589 2672 et
3626 2617 3766 2672 Bel-

2224 2728 2420 2783 larm.
2465 2725 2704 2780 citatos,

2278 2928 2390 3000 Ad
2437 2920 3527 3017 quaestionem(a)dico,quod
3554 2917 3764 2990 sicut

2223 3046 2346 3117 est
2389 3042 2787 3116 creditum
2829 3037 3169 3131 parvulo
3216 3036 3296 3108 in
3342 3034 3762 3126 Baptismo

2230 3159 2631 3252 originale
2702 3154 3027 3236 dimitti,
3078 3154 3193 3227 ita
3248 3156 3330 3226 ct
3369 3151 3766 3225 creditum

2225 3284 2351 3352 est
2419 3276 2569 3349 sibi
2631 3274 2986 3365 gratiam
3041 3270 3367 3350 infundi,
3411 3269 3626 3361 quia,
3681 3271 3769 3341 ut

2226 3396 2527 3469 dictum
2585 3397 2710 3465 est
2778 3391 2859 3463 in
2933 3387 3377 3479 quaestione
3443 3387 3535 3458 de
3594 3383 3769 3458 Cir-

2228 3508 2750 3589 cumcisione,
2794 3508 3009 3577 Deus
3073 3521 3217 3593 pro
3266 3504 3484 3575 statu
3546 3505 3774 3574 natu-

2233 3648 2344 3698 rae
2407 3625 2679 3716 lapsae,
2749 3619 2944 3693 nulli
3000 3617 3352 3691 remittit
3420 3616 3768 3709 culpam,

2228 3743 2389 3817 nisi
2421 3741 2553 3814 cui
2593 3740 2727 3812 dat
2767 3737 3123 3829 gratiam
3164 3732 3517 3815 ;nullum
3559 3732 3772 3807 enim

2229 3860 2524 3932 liberat
2593 3876 2640 3928 a
2713 3852 3199 3948 perditione,
3283 3849 3440 3921 nisi
3537 3870 3771 3941 quem

2231 3973 2553 4047 ordinat
2614 3970 2710 4043 ad
2761 3969 2909 4041 hoc
2957 3972 3043 4040 ut
3095 3965 3201 4040 sit
3249 3964 3464 4037 filius
3513 3966 3766 4056 regni.

2319 4091 2433 4163 Ad
2528 4087 2884 4181 primum
2977 4084 3078 4174 (b)
3162 4087 3761 4173 argumentum,
3796 4129 4027 4196 Marg-
4066 4128 4117 4179 1·

2231 4206 2422 4280 licet
2480 4208 2695 4279 Deus
2772 4204 2863 4275 de
2935 4198 3298 4293 potentia
3365 4199 3764 4278 absoluta.

2236 4327 2511 4419 posset
2568 4322 2760 4393 darc
2809 4316 3165 4409 gratiam
3214 4316 3386 4388 sine
3427 4314 3576 4387 fide
3612 4317 3775 4407 (po-

2234 4441 2488 4514 nendo
2524 4436 2729 4529 quod
2790 4435 2952 4508 sint
2990 4434 3143 4505 duo
3176 4432 3553 4505 absoluta
3597 4430 3779 4503 sim-

2235 4555 2559 4650 pliciter
2589 4551 3026 4640 distincta),
3080 4552 3352 4621 tamen
3397 4547 3583 4639 quia
3630 4546 3779 4620 Dei

2237 4674 2600 4767 perfecta
2660 4671 2846 4742 sunt
2920 4685 3192 4758 opera,
3255 4668 3609 4733 Deuteron.
3663 4667 3775 4736 3-2.

2233 4795 2312 4864 et
2375 4789 2685 4882 quando
2769 4784 3182 4856 bominem
3251 4787 3512 4861 sanat,
3577 4784 3780 4853 tota-

2236 4908 2430 4980 liter
2490 4908 2751 4983 sanat,
2798 4900 2969 4972 ideo
3029 4896 3518 4977 conceditur,
3576 4895 3781 4986 quod

2234 5043 2395 5095 non
2430 5017 2877 5093 infunditur
2917 5012 3191 5106 gratia
3237 5009 3573 5105 parvulo
3610 5009 3781 5081 sine

2235 5141 2383 5213 fide
2425 5141 2502 5210 et
2538 5137 2708 5209 sine
2742 5154 2905 5226 spe.
3099 5224 3108 5229 .

2327 5255 2497 5329 Illae
2593 5256 2863 5325 autem
2953 5245 3510 5342 probationes,
3604 5261 3777 5332 quae
3809 5291 3919 5340 No„
3958 5292 4110 5338 dnm„

2240 5380 2425 5447 sunt
2511 5374 2804 5445 contra
2888 5366 3040 5438 hoc
3108 5364 3198 5435 de
3273 5361 3444 5438 fide,
3506 5359 3773 5429 locum
3806 5352 4126 5464 5¹·³¹³³⁸i¹·0·

2236 5490 2532 5563 habent
2575 5487 2653 5560 in
2728 5490 2793 5559 3.
2862 5488 2975 5553 lib.
3038 5485 3196 5552 dist.
3240 5481 3352 5550 23.
3430 5475 3775 5566 probant
3843 5421 4130 5591 δθξὲιξξρθ

2235 5610 2451 5683 enim
2509 5607 2815 5680 nullam
2882 5624 3060 5677 esse
3108 5600 3342 5672 fidem
3397 5595 3772 5676 infusam,
3863 5619 3974 5670 cap.
4005 5606 4058 5656 7.
