4287 6313
547 403 662 463 374

554 570 622 626 et
652 564 937 641 populus
966 564 1079 627 ille
1126 564 1341 625 divino
1365 564 1614 644 judicio
1648 568 1715 624 et
1743 565 2097 635 sententia,

553 686 708 742 tunc
759 683 1146 756 reprobatus
1189 685 1255 742 et
1300 681 1573 760 ejectus,
1619 681 1992 744 libertatem
2037 684 2103 740 et

552 798 775 876 legem
824 797 1059 870 amisit,
1120 796 1311 876 quus
1373 794 1518 858 finis
1574 803 1675 858 est
1722 796 1990 857 vastitas
2037 807 2102 856 et

552 911 879 986 solitudo;
915 912 1253 991 probabile
1299 928 1461 991 ergo
1508 915 1607 973 est
1641 910 1914 972 durasse
1942 911 2100 989 ipsis

557 1044 855 1106 eousque
919 1028 1330 1090 tolerantiam
1398 1026 1587 1106 legis,
1647 1027 1732 1087 ita
1790 1033 1864 1087 ut
1917 1024 2106 1088 fieret

556 1147 652 1206 eis
721 1144 917 1215 liclta,
989 1144 1110 1206 sed
1182 1151 1478 1216 mortua;
1556 1143 1874 1221 deinceps
1948 1159 2104 1204 vero

560 1262 896 1326 destructo
944 1280 1177 1342 regno,
1233 1268 1298 1326 et
1350 1262 1676 1325 distractis
1720 1264 1885 1342 hinc
1947 1261 2105 1350 inde

556 1381 830 1454 Judaeis,
876 1387 944 1444 et
985 1383 1061 1444 iis
1097 1382 1264 1444 datis
1307 1383 1372 1443 in
1402 1383 1757 1458 reprobum
1808 1397 2103 1454 sensum,

558 1499 758 1580 atque
805 1515 887 1560 ex
936 1498 1058 1560 alia
1107 1502 1321 1577 parte,
1377 1497 1636 1559 dilatata
1682 1514 1798 1578 per
1842 1499 2102 1559 univer-

559 1630 707 1676 sum
768 1613 998 1675 orbem
1062 1612 1375 1684 Ecclesia,
1437 1620 1503 1675 et
1559 1612 1873 1690 explicata
1937 1615 2111 1675 veri-

563 1736 719 1804 tate,
768 1744 912 1808 quae
940 1745 1062 1806 per
1089 1729 1354 1790 umbras
1382 1727 1552 1808 legis
1596 1727 2110 1808 significabatur,

559 1844 697 1923 jam
759 1844 1039 1922 amplius
1103 1844 1349 1905 nullam
1392 1844 1682 1906 habitam
1747 1860 1895 1906 esse
1952 1846 2111 1906 rati-

561 1978 762 2025 onem
822 1961 1215 2032 iudaeorum,
1277 1977 1498 2041 neque
1571 1962 1913 2025 toleratam
1964 1978 2111 2024 esse

560 2079 1163 2141 circumcisionem.
1245 2079 1659 2140 Probabilein
1735 2080 1933 2141 etiam
2015 2085 2117 2141 est

561 2193 726 2256 illud
796 2192 1038 2255 factum
1099 2210 1246 2256 esse
1294 2200 1471 2267 ante,
1534 2193 1798 2273 quando
1866 2199 2113 2268 autem,

564 2313 888 2374 incertum
956 2316 1101 2382 est;
1159 2313 1511 2390 vestigium
1580 2317 1721 2393 ejus
1789 2314 2122 2377 invenitur

569 2425 748 2503 apud
807 2425 1168 2503 discipulos
1234 2426 1698 2502 Apostolorum
1768 2426 2117 2506 lgnatium,

567 2543 922 2616 Justinum,
974 2543 1381 2622 Dionysium,
1434 2547 1498 2602 et
1555 2541 1788 2605 desivit
1840 2549 2120 2621 uterque

318 2706 458 2760 Finis
571 2656 719 2719 finis
773 2658 943 2721 illius
990 2658 1369 2731 tolerantiae,
1423 2673 1666 2735 nempe
1711 2656 1797 2718 ad
1872 2660 2117 2721 vocati-

246 2771 531 2886 1322&ae
578 2789 774 2835 onem
848 2775 1057 2853 magis
1126 2770 1387 2832 facilem
1457 2770 1856 2846 Judaeorum,
1930 2778 1996 2834 et
2053 2779 2125 2834 ut

580 2906 729 2951 cum
758 2889 1009 2950 honore
1057 2886 1394 2950 desineret
1422 2888 1530 2948 lex
1557 2889 1663 2949 illa
1694 2906 1730 2948 a
1779 2891 1911 2950 Deo
1948 2889 2122 2961 data,

582 3008 736 3085 quia
778 3008 1023 3084 primus
1069 3021 1150 3066 ex
1202 3004 1641 3067 obstinatione
1688 3010 1755 3067 et
1792 3006 2125 3067 obcaecati-

580 3138 708 3185 one
766 3119 1162 3193 Judaeorum,
1213 3128 1409 3199 atque
1467 3120 1930 3199 reprobatione
1990 3138 2125 3184 ces·

581 3240 766 3311 savit,
811 3244 885 3299 ut
934 3239 1087 3316 quia
1132 3239 1352 3299 nullus
1397 3235 1593 3298 fuerit
1638 3237 1956 3317 deinceps
1993 3238 2128 3299 fru-

585 3361 730 3417 ctus
787 3353 1265 3433 praedicationis
1308 3354 1641 3434 Evangelii
1699 3355 1869 3416 inter
1924 3358 2125 3433 ipsos.

585 3475 931 3538 Secundus
992 3476 1179 3536 etiam
1254 3475 1513 3549 desivit,
1591 3475 1921 3539 declarata
1979 3479 2129 3557 lege

586 3606 707 3670 per
747 3593 1116 3665 veritatem,
1177 3609 1373 3671 quam
1424 3592 1684 3654 inclusit
1725 3594 1973 3672 ubique
1994 3595 2128 3674 jam

588 3717 995 3790 perceptam,
1039 3717 1106 3773 et
1143 3728 1338 3773 cursu
1380 3710 1761 3775 sufficientis
1822 3716 2133 3790 temporis

591 3835 723 3892 tam
763 3827 1010 3890 Judaeis
1039 3829 1103 3892 in
1148 3829 1393 3903 Judaea,
1443 3845 1636 3907 quam
1682 3830 1850 3891 inter
1892 3829 2134 3891 Gentes

592 3948 1012 4027 degentibuS,
1046 3951 1246 4025 atque
1294 3947 1452 4024 ipsis
1495 3947 1810 4010 Gentibus
1859 3963 2135 4010 conver-

593 4065 682 4127 sis
723 4063 1163 4143 praedicatam.

368 4225 447 4275 33·
674 4181 859 4245 Unde
919 4198 1001 4243 ex
1042 4186 1276 4243 natura
1330 4181 1427 4242 rei
1485 4180 1719 4244 desivit
1778 4180 1922 4243 finis
1971 4181 2132 4243 tole-

270 4284 569 4400 Οιξξὲἑζᾷῑῑο
594 4299 838 4373 rantiae,
875 4300 1211 4360 obtinente
1262 4295 1578 4373 deinceps
1619 4299 1893 4360 veritate
1936 4298 2137 4359 Evan-

242 4414 558 4482 perniciosa.
595 4416 830 4495 gelica,
897 4423 961 4478 et
1020 4415 1231 4494 magis
1287 4413 1731 4476 invalescente
1796 4414 2135 4476 obcaecati-

593 4547 723 4594 one
779 4531 1176 4599 Judaeoruin,
1238 4531 1351 4608 qui
1421 4529 1702 4591 salutem
1746 4533 1812 4593 in
1856 4528 2141 4591 Circum-

593 4648 837 4711 cisione
888 4647 1306 4717 statuebant;
1342 4644 1521 4706 unde
1568 4644 1821 4707 reddita
1870 4650 1972 4706 est
1999 4647 2141 4723 ipsa

592 4768 666 4825 ut
711 4762 1104 4843 perniciosa,
1163 4766 1228 4822 et
1287 4767 1595 4840 tanquam
1653 4761 1916 4838 signum
1972 4761 2143 4823 illius

592 4880 857 4943 haeresis
902 4879 1366 4951 distinctivum,
1403 4882 1624 4939 contra
1666 4893 1865 4955 quam
1907 4878 2143 4939 Paulus

594 4997 856 5075 scripsit
918 4996 984 5057 in
1050 4995 1184 5056 suis
1258 4994 1590 5072 epistolis;
1651 4993 2140 5056 translationem

591 5118 815 5176 autem
878 5112 1045 5192 legis
1121 5110 1276 5172 satis
1336 5110 1710 5188 praedicavit
1770 5109 2005 5169 Paulus
2077 5109 2140 5169 in

594 5247 711 5293 sua
754 5229 1033 5307 epistola
1078 5225 1158 5288 ad
1222 5228 1548 5290 HebraeOS.
1608 5225 1969 5288 Declaratio
2019 5224 2146 5297 illa,

599 5363 799 5427 quam
869 5344 1154 5407 intendit
1226 5346 1471 5405 Doctor
1540 5341 1806 5415 factam,
1884 5341 2148 5403 videtur

599 5465 792 5526 etiam
843 5462 1279 5541 aliquousque
1333 5461 1654 5522 insinuata
1702 5460 1767 5520 in
1816 5459 2140 5538 Apocaly-

602 5582 701 5661 psi
754 5581 1023 5644 Joannis
1078 5596 1221 5656 cap.
1280 5579 1340 5639 2.
1419 5578 1484 5638 in
1557 5575 1833 5654 epistola
1896 5573 2007 5636 illa
2058 5576 2142 5638 ad

290 5282 329 5392 L«.

1702 402 1847 463 LlB.
1899 403 1919 460 Ι
1927 403 1995 458 V.
2042 399 2640 465 SENTENTIARUM

2210 563 2538 638 Angelum
2595 565 3013 643 smyrnensis
3097 566 3420 636 Ecclesiae,
3489 566 3601 645 qui
3678 581 3761 627 ex
3815 591 4075 644 Insinuata

2213 678 2658 757 probabiliori,
2720 686 2785 741 et
2839 683 3050 760 magis
3093 687 3363 758 recepta
3420 682 3757 759 opinione,
3826 659 4083 782 ’ἳζὲῗζῃο

2212 793 2333 855 fuit
2374 795 2773 874 Polycarpus
2810 815 2823 856 ε
2861 797 3344 873 Blasphemaris
3373 799 3454 860 ab
3504 798 3605 859 his
3649 801 3766 877 qui

2213 927 2279 969 se
2336 910 2551 971 dicunt
2606 914 2861 974 Jadaeos
2917 930 3067 984 esse,
3145 921 3200 975 et
3255 930 3378 977 non
3434 920 3600 988 sunt,
3655 917 3767 976 sed

2214 1035 2359 1089 sant
2403 1031 2757 1103 Synaqoya
2815 1031 3101 1098 Satanoe,
3167 1035 3292 1091 etc.
3346 1029 3618 1092 Judaeus
3664 1036 3766 1093 est

2216 1157 2461 1205 nomen
2532 1142 2853 1207 denotans
2914 1144 3161 1205 cultum
3220 1153 3285 1206 et
3350 1146 3766 1226 religionem,

2218 1259 2301 1322 ad
2332 1261 2659 1321 Romanos
2691 1259 2753 1321 2.
2788 1261 2925 1319 Non
2968 1261 3140 1320 enim
3189 1262 3306 1336 qui
3329 1262 3396 1321 in
3426 1263 3767 1339 manifesto

2219 1381 2331 1447 est,
2369 1378 2494 1435 etc.
2530 1375 2743 1454 Negat.
2775 1391 2933 1454 ergo
2982 1374 3272 1438 Christus
3316 1377 3581 1454 praefato
3623 1381 3767 1441 loco

2217 1489 2475 1551 Judaeos
2521 1505 2671 1550 esse
2730 1488 3013 1565 Judae08‚
3073 1487 3143 1551 id
3202 1498 3322 1563 est,
3380 1496 3491 1570 qui
3543 1509 3615 1554 se
3671 1495 3773 1556 di-

2224 1608 2464 1670 cebant
2522 1607 2810 1681 JudaeOS,
2876 1608 3123 1669 habere
3175 1624 3331 1670 vere
3389 1610 3635 1672 cultum
3707 1618 3771 1673 et

2220 1722 2630 1802 religionem,
2675 1721 2799 1784 sed
2858 1739 3007 1784 esse
3042 1724 3464 1803 synagogam
3499 1726 3771 1799 Satanae,

2226 1846 2291 1901 et
2335 1844 2532 1917 prout
2603 1839 2968 1902 Victorinus
3030 1839 3290 1921 Martyr,
3351 1842 3591 1920 aliique
3668 1858 3774 1903 as-

2226 1960 2477 2028 serunt,
2570 1972 2768 2034 quam
2854 1958 3121 2036 colliget
3189 1959 3638 2031 AntichristuS,
3713 1966 3777 2019 et

2228 2085 2373 2147 quae
2455 2069 2748 2134 deseruit
2835 2072 3160 2136 Christum
3241 2075 3640 2152 promissum
3709 2073 3777 2134 in

2227 2184 2379 2263 lege
2428 2191 2495 2246 et
2565 2187 2929 2264 Prophetis,
3006 2195 3073 2250 et
3112 2193 3509 2267 supponitur
3549 2207 3774 2267 repro-

2229 2300 2404 2362 batio
2444 2301 2585 2382 jam
2627 2300 2798 2365 facta
2844 2303 3223 2367 Judaeorum
3256 2326 3271 2381 ;
3302 2306 3369 2367 hi
3412 2307 3586 2368 enim
3630 2321 3775 2384 per·

2232 2429 2685 2506 sequebantur
2725 2430 3083 2491 Ecclesiam
3115 2440 3180 2492 et
3221 2433 3595 2509 Apostolos,
3627 2448 3772 2509 spe·
3834 2464 4054 2512 persecu
4082 2463 4130 2511 io

2235 2543 2448 2603 ciatim
2503 2560 2659 2607 vero
2732 2545 3178 2625 Polycarpum,
3250 2552 3322 2608 ut
3386 2552 3637 2608 constat
3693 2564 3774 2609 ex
3807 2527 4132 2653 ἱξᾛῇζζζξξ

2236 2658 2509 2736 epistola
2567 2661 2981 2740 smyrnensis
3024 2661 3349 2735 Ecclesiae,
3409 2662 3494 2723 ad
3550 2662 3773 2725 Eccle-

2235 2778 2397 2837 siam
2448 2792 2565 2854 per
2610 2777 2910 2848 Pontum,
2959 2793 3152 2856 quam
3198 2775 3403 2840 habet
3459 2780 3777 2842 Eusebius

2237 2895 2348 2954 lib.
2396 2897 2457 2954 4.
2499 2896 2643 2956 hist.
2693 2913 2834 2972 cap.
2888 2898 2982 2958 14.

2318 3009 2696 3073 Confirmari
2753 3017 2973 3090 potest
3030 3028 3110 3073 ex
3174 3014 3547 3075 Canonibus
3601 3017 3769 3091 Apo·
3847 3016 4102 3068 Confirm-

2236 3129 2576 3204 stolorum,
2639 3145 2791 3192 nam
2835 3134 3089 3192 Canone
3131 3133 3191 3194 8.
3235 3131 3623 3209 prohibetur
3661 3130 3776 3192 Pa·
3811 3080 4128 3209 Effpffssgffi'

2240 3246 2395 3307 seha
2458 3245 2770 3307 celebrari
2826 3263 2972 3308 cum
3039 3244 3298 3320 JudaeiS,
3366 3262 3564 3326 quam
3630 3261 3778 3307 esse
3910 3220 4043 3254 rum.

2242 3361 2662 3423 traditionem
2729 3363 3170 3439 Apostolicam
3236 3379 3467 3423 omnes
3541 3378 3783 3423 conce·

2245 3476 2433 3550 dunt,
2508 3483 2574 3538 et
2646 3476 2903 3539 Petrum
2962 3494 3038 3539 ac
3098 3478 3365 3540 Paulum
3446 3478 3785 3541 ordinasse

2243 3593 2712 3658 celebrandum
2762 3596 2829 3656 in
2885 3595 2988 3657 die
3036 3597 3369 3659 Dominica
3424 3616 3437 3657 ε
3502 3599 3584 3659 Se·
3619 3598 3784 3673 quz’S,

2244 3713 2457 3790 inquit
2500 3711 2817 3791 IgnatiuS‚
2866 3712 3142 3788 epistola
3189 3713 3248 3774 8.
3301 3711 3384 3773 ad
3414 3713 3784 3791 Philippen-

2245 3843 2375 3900 ses,
2460 3845 2607 3889 cum
2679 3830 2924 3889 ,ludaeis
2976 3830 3226 3889 Pascha
3297 3830 3599 3904 celebrat,
3680 3838 3792 3891 aut

2247 3944 2555 4020 Symbola
2610 3960 2835 4003 eoram
2880 3946 3127 4019 recipit,
3166 3946 3497 4021 particeps
3553 3952 3641 4008 est
3686 3964 3787 4007 eo·

2245 4075 2419 4133 rum,
2468 4061 2584 4134 qm·
2626 4061 2971 4120 Dominum
3016 4060 3406 4134 occiderunt,
3454 4066 3511 4122 et
3543 4066 3794 4137 Aposto-

2248 4176 2345 4235 los
2389 4178 2552 4252 ejus,
2609 4181 2734 4236 etc.
2805 4180 3025 4237 Canon
3081 4179 3279 4237 etiam
3341 4178 3444 4238 63.
3496 4180 3797 4255 prohibet

2248 4296 2623 4373 ingressum
2670 4295 2735 4353 in
2813 4295 3232 4374 synagogam
3287 4294 3655 4358 Judaeorum
3715 4296 3796 4358 ad

2251 4407 2575 4469 orandum
2673 4411 2830 4469 Can.
2902 4408 3001 4470 69.
3103 4410 3408 4486 prohibet
3485 4412 3795 4492 jejunare

2255 4544 2404 4588 cum
2447 4527 2702 4598 Judaeis,
2751 4525 2816 4586 id
2877 4531 2998 4598 est,
3051 4526 3312 4605 jejunia
3370 4529 3562 4606 legis,
3630 4527 3792 4590 festa

2257 4661 2486 4706 eorum
2540 4643 2900 4718 celebrare,
2948 4642 3137 4703 xenIa
3171 4646 3251 4706 ab
3283 4646 3441 4721 ipsis
3471 4645 3794 4722 recipere,

2252 4767 2326 4823 ut
2376 4778 2627 4841 azyma,
2681 4767 2746 4822 et
2787 4762 3049 4835 similia3
3091 4766 3306 4824 Canon
3349 4763 3448 4824 70.
3497 4762 3801 4839 prohibet

2255 4878 2597 4940 lucernam
2657 4876 3027 4939 accendere
3074 4877 3138 4938 in
3190 4878 3545 4958 Synagoga
3592 4877 3799 4939 Judae-

2255 5011 2444 5057 orum
2509 4995 2631 5055 sub
2699 4991 2882 5055 festis
2941 5010 3196 5064 eorum,
3265 4999 3377 5054 aut
3433 4993 3653 5055 oleum
3717 4993 3800 5053 ad

2258 5109 2561 5171 eamdem
2651 5112 3074 5189 synagogam
3174 5109 3407 5171 eodem
3504 5117 3800 5187 tempore

2259 5224 2542 5300 deferre,
2587 5228 2753 5287 sicut.
2798 5232 2864 5287 et
2925 5225 3162 5289 eadem
3218 5225 3522 5303 prohibet
3567 5224 3800 5286 eadem

2255 5340 2474 5403 facere
2546 5342 2609 5402 in
2684 5344 2927 5420 templo
2995 5343 3349 5404 Gentilium
3423 5341 3545 5403 sub
3617 5339 3802 5401 festis

2255 5460 2570 5536 ipsorum,
2630 5464 2703 5520 ut
2756 5475 2998 5536 nempe
3053 5460 3315 5520 tollatur
3371 5460 3585 5520 omnis
3643 5474 3800 5535 prae-

2254 5575 2536 5652 sumptio
2585 5575 2795 5637 cultus
2858 5575 3025 5656 legis
3075 5581 3140 5636 et
3184 5574 3536 5639 idolorum.
3583 5574 3798 5654 Aliqui

3897 2666 4012 2717 pum
4025 2690 4039 2703 .
