4287 6313
404 1846 458 1896 8.

271 1906 596 1967 cmlii-matio

600 394 721 457 708

618 555 852 623 bantur
892 560 1183 627 hfflretici
1222 583 1335 649 per
1358 562 1565 629 solam
1614 581 1847 628 manus
1886 561 2153 646 imposi-

608 672 875 755 tionem,
910 678 1139 744 saltem
1203 681 1389 765 Juxta
1430 700 1621 745 usum
1655 692 1719 744 et
1752 678 2001 765 praxim
2034 680 2153 742 Ec·

607 789 827 857 clesiae
868 796 1199 875 Romame,
1252 796 1405 883 quia
1456 816 1689 881 nempe
1730 794 1977 872 Ariani,
2041 794 2153 879 qui

609 920 795 973 erant
832 908 1331 996 frequentiores,
1386 911 1809 978 conferebant
1867 909 2158 976 chrisma

615 1044 732 1111 per
780 1046 933 1092 suos
970 1025 1326 1113 Episcopos
1368 1027 1580 1093 valide
1608 1036 2047 1102 consecrato&
2096 1038 2162 1088 et

613 1158 987 1226 sequente&
1052 1143 1247 1209 ritum
1310 1141 1618 1210 Ecclesiae
1664 1145 1995 1216 Romanae,
2056 1139 2160 1204 vel

613 1270 789 1323 certe
857 1259 1009 1344 quia
1074 1263 1564 1325 Sacramentum
1633 1254 2163 1322 Confirmationis

614 1372 1037 1439 disserebatur
1077 1396 1192 1460 pro
1221 1388 1555 1461 tempore;
1613 1374 1695 1439 ita
1732 1371 2163 1439 Bellarminus

621 1488 733 1575 qui
794 1488 984 1556 modo
1042 1510 1239 1577 supra
1296 1491 1617 1576 explicato
1676 1490 1739 1554 in
1795 1500 2166 1553 commento

619 1605 848 1691 primze
887 1605 1295 1693 quaestionis,
1344 1606 1686 1692 praedictos
1717 1608 2011 1670 Canones
2062 1602 2166 1666 in-

620 1719 877 1807 telligit.

708 1828 1330 1897 confirmationem
1316 1831 1691 1917 imprimere
1721 1829 2165 1893 characterem

1764 400 1909 462 [ΑΒ.
1954 400 2056 461 lv.
2104 397 2702 461 sEN'OEerARt'M

2265 573 2381 613 nec
2431 562 2728 613 sut‘tieere
2781 558 2858 613 ad
2911 574 3126 628 poenas
3172 558 3570 627 infligendas,
3621 573 3818 627 argu-

2267 659 2544 712 mentum
2577 672 2612 712 a
2661 659 2881 721 simili,
2941 660 3040 713 vel
3089 673 3124 713 a
3156 659 3471 714 contrario
3498 673 3822 728 exponen-

2269 758 2712 827 tiumj=1<31ta
2765 759 3060 814 Paludan.
3110 758 3299 813 Gabr.
3350 759 3548 822 Sotus,
3589 757 3820 812 Bassol.

2267 856 2489 912 Covar.
2523 858 2721 913 citati.

2360 1142 2462 1223 (a)
2499 1135 2644 1207 Sed
2694 1134 2941 1206 aliter
2979 1136 3182 1217 dico,
3223 1137 3428 1227 quod
3509 1135 3824 1207 univer·

2275 1250 2567 1324 saliter
2607 1252 2830 1324 nulla
2887 1273 3116 1344 poena
3161 1252 3593 1334 canoniea,
3643 1272 3822 1344 quae

2274 1386 2435 1438 non
2501 1372 2626 1441 est
2686 1368 2992 1441 inflicta
3055 1388 3102 1439 a
3158 1370 3380 1459 Papa
3427 1368 3821 1443 condente

2268 1483 2431 1574 juS,
2534 1484 2997 1559 incurritur
3095 1486 3274 1577 ipso
3353 1485 3569 1576 jure.
3656 1488 3822 1557 Nee

2283 1604 2620 1693 propter
2685 1605 3176 1691 argumenta
3245 1600 3820 1692 exponentium

2280 1718 2672 1793 canones,
2721 1714 2890 1785 sive
2931 1734 2978 1784 a
3021 1712 3298 1793 simili,
3346 1710 3515 1783 sive
3548 1731 3594 1782 a
3643 1733 3828 1785 eon·

2282 1830 2548 1903 trario
2591 1850 2859 1911 sensu,
2912 1836 3036 1904 est
3078 1831 3374 1923 aliquis
3418 1832 3563 1907 tali
3601 1852 3828 1925 poena

299 1971 549 2041 imprimit
623 1945 809 2013 docet
868 1951 1124 2029 Ductor,
1201 1963 1264 2014 et
1321 1960 1493 2035 patet
1552 1968 1633 2013 ex
1691 1946 1922 2022 dictis;
1969 1944 2166 2031 idque
2281 1946 2750 2029 adstrictus,
2806 1948 2994 2039 quia
3045 1954 3385 2041 possunt
3422 1970 3830 2042 exponere

301 2040 569 2089 characte-

364 2114 499 2152 rem.

322 2164 563 2217 Nazinuz.

326 2223 562 2280 Basilius.

416 4432 465 4481 1.

624 2061 934 2150 colligere
990 2063 1140 2130 licet
1195 2084 1275 2131 ex
1336 2064 1659 2142 Patribus,
1722 2062 1831 2149 qui
1903 2058 2173 2148 perinde

628 2180 751 2246 hoc
839 2182 1326 2247 Sacramentum
1425 2179 1503 2246 ad
1605 2177 2170 2265 consignationem

628 2294 942 2375 referunt,
995 2295 1163 2362 sicut
1210 2310 1275 2363 et
1324 2295 1762 2381 Baptismum;
1806 2294 1887 2358 de
1930 2290 2172 2377 quibus

626 2411 1068 2478 Nazianzenus
1134 2425 1197 2477 et
1238 2411 1513 2478 Basilius
1572 2409 1767 2476 simul
1816 2408 2175 2494 loquuntur

626 2527 690 2593 in
724 2527 881 2594 locis
916 2549 1111 2614 supra
1143 2527 1499 2614 expressis,
1535 2526 1685 2613 quia
1709 2524 1903 2590 simul
1928 2522 2170 2589 daban-

624 2658 752 2718 tur.
842 2643 1116 2732 ideoque
1185 2656 1451 2710 vocatur
1522 2641 1963 2729 signaculum,
2040 2658 2170 2703 non

623 2780 813 2826 secus
843 2782 917 2826 ac
967 2758 1360 2847 Baptismus.
1417 2759 1737 2826 Delinitur
1775 2757 1842 2823 in
1900 2754 2169 2822 Triden-

624 2876 760 2943 tino
790 2888 851 2943 et
899 2876 1266 2943 Florentino
1295 2876 1535 2943 citatis.

1099 3123 1560 3208 QUAESTIO
1657 3125 1746 3195 V.

637 3347 867 3413 Utrum
930 3344 1017 3408 sie
1082 3342 1313 3429 aliqua
1347 3361 1545 3428 poena
1604 3341 1995 3406 iterantium
2040 3340 2172 3405 Sa-

850 3470 1262 3526 cramentum
1308 3456 1909 3540 Confirmationis?

626 3697 881 3757 Richard.
921 3695 1013 3752 hic
1041 3705 1153 3754 art.
1184 3700 1240 3754 6.
1274 3703 1461 3767 quam.
1497 3698 1549 3754 1.
1586 3696 1854 3754 Paludan.
1894 3704 2081 3765 quaest.
2114 3701 2171 3754 2.

694 3770 863 3826 G.abr
903 3775 1087 3838 quaest.
1138 3772 1291 3825 unic.
1345 3775 1459 3823 art.
1491 3771 1545 3826 3.
1580 3766 1753 3842 Major
1808 3772 1872 3822 in
1901 3773 2006 3836 fin.
2040 3772 2172 3826 dise.

696 3844 900 3898 Anton.
931 3845 985 3897 3.
1018 3859 1074 3911 p.
1100 3845 1187 3898 tic.
1225 3843 1313 3896 28.
1346 3856 1393 3897 c.
1425 3844 1474 3894 6.
1514 3841 1631 3906 §3-
1692 3841 1892 3898 Navar.
1925 3856 2054 3908 cop.
2085 3845 2176 3897 27.

697 3930 853 3967 num.
910 3914 1039 3969 247.
1097 3917 1260 3982 qloss.
1291 3929 1338 3967 c.
1397 3914 1615 3967 chotun
1646 3917 1743 3979 est,
1803 3914 1866 3965 de,
1923 3928 2170 3968 consecr.

696 3988 751 4041 d.
799 3987 851 4040 5.
900 3985 1100 4040 Suarez
1136 3987 1189 4039 3.
1247 3988 1402 4052 part.
1452 3990 1584 4038 tom.
1645 3985 1699 4038 3.
1750 3985 1923 4038 d.38.
1955 3992 2083 4041 sect.
2121 3985 2172 4040 1.

698 4058 899 4113 Covar.
931 4060 1087 4114 clem.
1127 4055 1168 4110 si
1197 4053 1442 4122 furiosus²
1476 4054 1528 4108 l.
1594 4059 1748 4122 pare.
1798 4059 1986 4124 princ.
2020 4057 2180 4112 Sotus

700 4127 793 4184 hic
820 4133 1003 4199 quast.
1033 4132 1187 4183 unic.
1222 4132 1335 4183 art.
1367 4126 1417 4181 5.
1449 4125 1642 4183 Bassol.
1676 4133 1860 4196 quast.
1896 4128 1943 4182 l.

634 4355 1089 4450 {ffssUlterius
1141 4352 1561 4446 quaeritur,
1637 4370 1808 4446 quae
1869 4349 1974 4423 sit
2020 4372 2177 4443 poe-

292 4498 493 4560 Qum.
545 4497 599 4548 s.
637 4498 741 4553 na
822 4473 1297 4550 iterantium
1403 4470 1596 4543 illud
1702 4472 2176 4543 Sacramen-

643 4601 874 4672 tum?
932 4589 1432 4684 Respondeo‚
1499 4588 1772 4661 dicunt
1852 4585 2178 4660 Canoni-

641 4719 788 4789 stae
821 4710 1033 4786 sicut
1073 4711 1370 4783 dictum
1430 4711 1553 4780 est
1609 4705 1701 4777 de
1743 4698 2179 4778 iteratione

640 4823 1067 4921 Baptismi‚
1146 4826 1301 4892 dise.
1376 4824 1442 4893 6.
1525 4820 1731 4914 quod
1830 4821 2178 4914 probant

642 4964 786 5037 per
830 4944 1094 5014 locum
1146 4959 1192 5011 a
1267 4937 1541 5019 simili,
1580 4958 1726 5031 per
1767 4936 1959 5010 illud
2026 4962 2174 5026 cap.

638 5063 720 5130 dc
778 5070 1133 5139 consecrat,
1181 5058 1336 5126 disc.
1402 5058 1466 5128 lt.
1533 5041 1677 5138 Qui
1750 5055 1894 5127 bis.

1213 5292 1610 5351 SCHOLIUM.

710 5485 960 5542 Nullam
994 5495 1127 5540 esse
1160 5495 1405 5553 poenam
1440 5479 1626 5537 latam
1663 5480 1794 5550 ipso
1834 5477 2001 5546 jnre‚
2035 5492 2184 5534 con-

640 5595 736 5649 tra
823 5583 1365 5643 recouflrnlantem
1467 5580 1572 5636 vel
1657 5576 2183 5650 reconfirmatum,

2274 2062 2410 2154 jus
2451 2064 2890 2149 conditum,
2951 2085 3112 2136 non
3163 2070 3437 2140 autem
3486 2068 3828 2140 condere

2282 2199 2581 2252 novum
2694 2194 2864 2272 per·
2950 2202 3141 2253 suas
3243 2181 3820 2275 expositiones.

2285 2296 2504 2368 L'nde
2556 2297 3102 2377 Innocentius,
3149 2298 3286 2390 qui
3334 2300 3607 2371 tamen
3673 2298 3826 2371 fuit

2286 2415 2528 2505 Papa,
2574 2432 2759 2485 cum
2809 2410 3135 2485 fecisset
3181 2433 3563 2506 magnum
3598 2436 3824 2507 opus,

2282 2522 2751 2614 exponendo
2812 2523 2948 2615 jus
3033 2525 3556 2608 canonicum,
3644 2549 3828 2600 cum

2287 2638 2574 2713 fuisset
2643 2642 3087 2732 requisitus
3161 2643 3259 2713 ab
3317 2644 3530 2726 aliis,
3593 2646 3830 2737 quale

2288 2757 2539 2829 robur
2589 2758 2829 2831 vellet
2893 2757 3122 2830 illum
3182 2764 3636 2835 tractatum
3695 2762 3829 2834 ha-

2282 2872 2499 2956 bere,
2549 2872 2751 2946 dixit
2785 2875 2989 2965 quod
3028 2874 3282 2950 nollet
3333 2877 3602 2969 ipsum
3650 2899 3831 2951 esse

2285 2986 2871 3071 authenticum,
3008 2992 3142 3064 sed
3264 2995 3827 3067 tantummodo

2285 3104 2794 3198 magistrale.

3855 2168 3888 2216 J
3893 2169 4082 2217 aristae
4091 2178 4184 2213 non

3858 2229 4066 2281 radunt
4086 2229 4180 2292 jus.

2376 3226 2574 3296 Cum
2632 3242 2832 3315 ergo
2886 3243 3045 3297 non
3086 3224 3551 3301 inveniatur
3592 3228 3670 3301 in
3704 3229 3829 3321 ju·
3859 3244 4024 3297 Nuu-

2293 3359 2378 3410 re
2420 3340 2827 3413 Canonico
2893 3362 3280 3434 expresse
3339 3364 3572 3437 poena
3630 3345 3830 3419 irre-

2285 3452 2760 3545 gularitatis
2809 3453 3139 3538 inflicta,
3189 3479 3336 3548 pro
3391 3458 3832 3536 iteratione

2288 3569 2977 3655 ConfirmationiS‚
3007 3574 3375 3665 sequitur
3434 3577 3639 3667 quod
3670 3598 3834 3650 non

2289 3685 2787 3760 incurratur.
2845 3690 2944 3762 Et
2978 3687 3128 3761 hoc
3182 3689 3534 3764 maxime
3578 3699 3825 3786 patet.

2288 3803 2478 3894 quia
2544 3804 3170 3878 constitutiones
3224 3809 3575 3900 poenales
3646 3817 3832 3887 sunt

2290 3920 2895 4011 restringendae,
2961 3943 3119 3994 non
3186 3926 3710 4018 ampliandae;
3754 3936 3837 4006 et

2291 4035 2358 4108 si
2411 4036 2803 4109 voluisset
2858 4038 3284 4130 legislator
3344 4063 3658 4135 poenam
3716 4050 3837 4121 ta-

2295 4154 2447 4225 lem
2502 4152 2896 4227 inflixisse
2932 4176 3080 4248 pro
3131 4158 3572 4234 iteratione
3638 4167 3829 4237 Con·

2290 4270 2784 4344 firmationis
2829 4272 3040 4348 sicut
3071 4275 3498 4368 Baptismi,
3538 4280 3840 4372 potuis-

2293 4389 2416 4458 set
2487 4388 2992 4477 expressisse
3060 4390 3191 4465 hic
3270 4393 3478 4468 sicut
3541 4397 3673 4469 ibi.
3739 4401 3843 4473 Et

2297 4500 2835 4576 confirmatur
2876 4507 3121 4580 etiam
3160 4528 3304 4601 per
3344 4517 3587 4604 caput
3648 4513 3842 4586 illud

2291 4618 2381 4690 de
2424 4640 2785 4695 consecr.
2824 4622 3007 4696 dist.
3057 4629 3122 4696 5.
3175 4628 3445 4707 dictum,
3495 4628 3625 4701 ubi
3668 4630 3843 4701 nul-

2297 4733 2371 4805 la
2434 4758 2661 4829 poena
2739 4739 3139 4830 infligitur
3209 4742 3616 4835 Episcopo
3696 4744 3841 4819 ite-

2303 4874 2488 4927 rum
2575 4855 3119 4940 confirmanti,
3184 4859 3316 4929 sed
3385 4880 3526 4933 nec
3591 4862 3841 4934 susci-

2296 4973 2582 5066 pienti,
2627 4972 2783 5044 nisi
2837 4972 3040 5064 quod
3083 4973 3235 5046 soli
3276 4977 3444 5048 Deo
3515 4978 3659 5049 sub
3701 4977 3843 5050 ha-

2292 5089 2463 5165 bitu
2544 5088 2904 5179 regulari
2954 5088 3079 5161 vel
3137 5091 3502 5164 clericali
3573 5093 3840 5186 ipsum

2295 5204 2921 5299 religiosissime
2983 5206 3367 5281 famulari
3427 5209 3840 5286 decretum

2295 5329 2444 5398 est.
2485 5323 2634 5395 Hic
2689 5327 2961 5397 autem
3013 5321 3273 5396 innuit
3324 5345 3485 5397 non
3520 5347 3839 5419 poenam

2298 5438 2969 5531 irregularitatis,
3021 5439 3154 5512 sed
3213 5441 3471 5532 magis
3525 5446 3841 5536 opposi-

2295 5559 2496 5641 tum,
2534 5561 2729 5647 puta
2787 5555 3270 5630 exercitium
3316 5557 3560 5632 officii
3607 5560 3842 5637 cleri-

3915 3373 4165 3422 moonfir-

3909 3439 4147 3484 mantem

3922 3496 4136 3547 videtur

3968 3560 4104 3610 lah.
