4287 6313
311 1524 591 1640 Resffinsio

315 1651 591 1704 secundam

337 1716 572 1781 objectio·

374 1794 492 1829 nem
503 1816 517 1831 Ο

379 3638 492 3691 106.

301 3700 581 3766 Responsio

409 3764 477 3815 ad

285 3824 493 3877 tertiam
517 3827 604 3875 ob-

300 3888 573 3955 jectionem
584 3926 597 3940 .

655 412 735 476 92

629 573 861 640 denter
905 595 940 641 a
1013 578 1305 645 materia.
1371 580 1640 656 Quando
1702 592 1918 647 autem
1986 600 2177 666 repu-

627 690 894 776 gnantia
971 692 1142 759 inest
1201 716 1317 781 per
1366 696 1588 783 plures
1644 716 1898 777 033333,
1934 696 2178 761 amotio

628 806 824 873 unius
874 827 1003 873 303
1071 822 1365 877 removet
1449 812 1975 900 repugnantiam,
2051 810 2179 878 nisi

628 922 989 991 secundum
1041 925 1219 1013 quid,
1258 927 1505 995 scilicet
1535 928 1925 1016 inquantum
1967 929 2033 992 in
2064 926 2178 992 tali

629 1059 825 1106 causa
866 1039 1206 1121 fundatum
1243 1044 1340 1110 sic
1380 1046 1588 1133 posita
1640 1049 1965 1119 creatione
2003 1052 2179 1119 tolli-

633 1166 738 1221 tur
777 1154 1236 1243 dependentia,
1289 1182 1437 1249 quae
1468 1175 1568 1230 est
1597 1186 1678 1230 ex
1722 1166 1911 1233 modo
1943 1167 2179 1255 agendi

633 1292 873 1352 causae,
911 1294 1040 1340 non
1072 1289 1287 1344 autem
1340 1280 1471 1357 illa,
1517 1303 1667 1369 quae
1714 1294 1813 1349 est
1851 1304 1930 1349 ex
1973 1297 2176 1351 mate-

635 1388 796 1454 teria
844 1389 1096 1470 formae,

728 1504 822 1569 Ad
857 1507 1216 1574 secundum
1262 1512 1693 1598 respondetur
1737 1536 1817 1580 ex
1849 1516 2181 1583 communi

639 1619 1117 1707 Theologorum
1172 1639 1235 1690 et
1294 1627 1862 1713 Peripateticorum
1924 1643 2181 1697 senten-

637 1736 748 1817 tia,
792 1751 1089 1806 constare
1120 1744 1545 1826 contrarium,
1581 1766 1728 1812 nam
1770 1746 1824 1812 si
1868 1747 2012 1814 ideo
2041 1760 2182 1813 tan-

634 1862 771 1917 tum
802 1851 1012 1919 forma
1046 1856 1397 1924 materialis
1429 1859 1877 1928 substantialis
1943 1861 2183 1929 dicitur

633 1968 1002 2055 dependere
1061 1992 1096 2037 a
1136 1975 1429 2057 materia,
1502 1979 1654 2066 quia
1718 1999 1798 2045 ex
1847 1981 2181 2046 voluntate

633 2086 891 2172 agentis
940 2090 1231 2174 supremi
1280 2107 1708 2160 conservatur
1756 2106 1818 2160 et
1886 2094 2179 2181 produci-

631 2212 738 2266 tur
771 2202 836 2268 in
880 2205 1171 2285 materia,
1212 2228 1339 2273 non
1381 2209 1533 2296 quia
1574 2209 1637 2276 id
1677 2212 1896 2298 exigat
1929 2234 2043 2300 per
2080 2234 2176 2290 se,

631 2330 1017 2404 sequeretur
1074 2322 1245 2408 quod
1309 2324 1486 2390 nulla
1553 2339 1727 2393 esset
1784 2327 2175 2410 differentia,

632 2447 946 2522 quantum
989 2448 1086 2503 est
1133 2459 1210 2503 ex
1264 2451 1492 2507 natura
1545 2442 1773 2508 ἴοι-3133
1822 2444 1994 2510 inter
2043 2444 2181 2509 ani-

632 2546 804 2617 mam
856 2554 1238 2622 rationalem
1279 2567 1343 2622 et
1390 2559 1674 2625 animam
1716 2562 1913 2641 bruti,
1967 2582 2181 2650 quan-

631 2679 769 2734 tum
811 2669 889 2735 ad
944 2671 1520 2756 immortalitatem,
1568 2677 1738 2765 quod
1789 2689 1889 2744 est
1945 2680 2179 2746 absur-

630 2782 810 2851 dum.
850 2786 1033 2853 Unde
1070 2789 1238 2876 quod
1286 2791 1494 2858 forma
1527 2793 1611 2859 sit
1641 2794 1959 2874 absoluta,
2006 2794 2177 2883 quod

630 2925 746 2990 per
793 2924 863 2969 se
902 2903 1217 2988 existen8‚
1269 2928 1396 2975 non
1458 2910 1739 2976 absolvit
1786 2932 1928 2979 eam
1979 2933 2015 2979 a
2068 2912 2177 2979 de-

631 3018 978 3104 pendentia
1008 3039 1043 3085 a
1079 3022 1342 3089 materia
1404 3027 1884 3110 quantumlibet
1959 3027 2177 3096 minus

633 3135 954 3223 dependet
1002 3159 1196 3224 quam
1239 3140 1679 3224 accidentalis,
1725 3166 1874 3232 quae
1904 3155 2001 3212 est
2051 3146 2177 3213 for-

635 3273 738 3319 ma
767 3255 1124 3321 secundum
1158 3255 1337 3341 quid,
1375 3269 1446 3323 ut
1474 3273 1886 3347 comparatur
1915 3262 1992 3327 ad
2026 3263 2178 3328 sub-

632 3369 1023 3452 stantialem,
1068 3392 1217 3459 quae
1256 3372 1363 3438 dat
1415 3386 1628 3440 actum
1686 3376 2069 3464 simpliciter
2115 3388 2180 3443 et

636 3507 751 3572 per
783 3507 877 3556 se.

722 3603 817 3667 Ad
851 3603 1112 3669 tertium
1173 3605 1603 3692 respondetur
1641 3614 2176 3699 consequentiam

634 3741 776 3787 esse
817 3722 1074 3802 bonam,
1119 3724 1270 3810 quia
1328 3725 1481 3791 dare
1521 3747 1655 3793 esse
1702 3729 2071 3796 absolutum
2114 3744 2178 3798 et

636 3847 1003 3921 separatum
1046 3858 1081 3903 3
1131 3839 1423 3921 materia,
1467 3853 1564 3907 est
1616 3845 1921 3930 supplere
1970 3858 2177 3913 mate-

638 3950 798 4017 riam
839 3950 906 4017 in
947 3962 1262 4039 quantum
1296 3954 1375 4020 ab
1406 3976 1482 4022 ea
1519 3956 1839 4044 dependet
1870 3960 2074 4027 forma
2109 3963 2176 4030 in

635 4086 770 4131 esse
829 4087 913 4132 ex
967 4067 1228 4154 propria
1275 4081 1549 4150 natura;
1595 4074 1908 4162 quidquid
1959 4088 2175 4144 autem

634 4183 730 4249 sic
784 4193 995 4268 potest
1051 4185 1393 4252 absolvere
1452 4188 1724 4256 formam
1785 4212 1821 4257 a
1879 4194 2172 4279 materia,

633 4309 845 4385 potest
892 4297 1087 4366 etiam
1126 4321 1540 4383 conservare,
1600 4315 1949 4395 utrumque
1981 4330 2178 4395 repu-

631 4426 790 4500 gnat
856 4435 1075 4482 causae
1141 4429 1402 4495 creatae,
1483 4421 1792 4485 convenit
1838 4423 1957 4489 soli
2015 4429 2170 4507 De0‚

631 4532 786 4623 quia
833 4554 1029 4601 causa
1070 4546 1284 4601 creata
1336 4556 1464 4601 non
1512 4551 1858 4606 conservat
1898 4541 2173 4609 formam

631 4668 665 4712 3
715 4671 786 4716 se
835 4650 1216 4738 productam
1258 4650 1325 4716 in
1375 4651 1646 4718 materia
1684 4665 1978 4736 externa,
2024 4678 2175 4724 con-

633 4767 1006 4837 servatione
1046 4787 1161 4854 per
1193 4765 1456 4834 modum
1491 4767 1804 4850 influxus,
1852 4771 2177 4859 loquendo

631 4886 711 4952 de
748 4884 1072 4965 absoluta,
1117 4883 1268 4971 quia
1299 4896 1508 4951 cessat
1540 4887 1682 4972 ejus
1712 4887 1879 4953 actio
1910 4889 1988 4955 ad
2023 4913 2173 4978 pro·

632 5002 899 5068 ductum
959 5000 1025 5065 in
1072 4998 1394 5085 completa
1440 5001 1812 5085 existentia,
1888 5017 1957 5071 ut
2004 5019 2180 5092 patet

635 5119 1070 5208 experientia3
1163 5131 1423 5186 cessant
1498 5121 1692 5188 etiam
1768 5124 2176 5196 conditiones

633 5245 893 5333 agendi,
941 5253 1011 5311 ut
1076 5245 1420 5333 applicatio
1452 5259 1513 5313 et
1560 5248 1964 5336 huJusmodi,
2037 5253 2179 5320 sine

631 5371 872 5460 quibus
923 5372 1136 5459 primo
1169 5393 1296 5439 non
1338 5371 1747 5459 produceret,
1792 5397 1949 5465 ergo
1980 5381 2175 5449 etiam

631 5520 843 5588 neque
900 5510 1342 5566 conservaret.
1380 5498 1625 5567 Deinde
1653 5512 1751 5568 est
1789 5523 1984 5571 eausa
2022 5527 2174 5573 con-

628 5628 892 5718 tingens
925 5637 1225 5716 respectu
1264 5625 1536 5696 effectus
1582 5627 1886 5713 absoluti,
1926 5643 1995 5700 ut
2024 5631 2174 5721 plu-

1784 419 1930 482 LlB.
1968 420 2065 481 tv,
2113 417 2709 483 SENTENTtARUM

3936 588 4101 641 Causa

2288 579 2553 659 rimum,
2598 592 2661 646 et
2698 601 2825 646 non
2877 601 2992 668 per
3038 601 3111 647 se
3167 579 3479 668 requisita
3518 575 3830 645 essentia·
3912 652 4134 703 secunda

3971 730 4074 764 non

2288 692 2460 774 liter,
2516 716 2674 783 ergo
2732 695 2902 763 sicut
2961 697 3170 784 potuit
3219 695 3486 783 produci
3546 693 3830 780 primum
4268 766 4269 785 χ

2289 813 2559 879 effectus
2601 814 2849 901 absque
2887 815 3029 903 ejus
3086 834 3437 893 concursu,
3499 811 3596 878 sic
3635 810 3829 876 etiam
3882 782 4151 889 cffi'r‘ssssffit
4268 804 4269 859 l

2289 929 2665 995 conservari
2708 930 3119 996 manentibus
3160 928 3377 996 causis
3430 949 3544 1014 per
3603 947 3673 992 se
3725 946 3833 992 es·
3864 904 4174 954 absolutam.

2292 1045 2657 1112 sentialiter
2723 1047 3058 1135 requisitis
3133 1046 3210 1112 ad
3267 1044 3831 1112 conservationem

2291 1183 2426 1227 esse
2483 1163 2618 1250 Jam
2661 1163 2981 1248 producti,
3026 1162 3102 1229 ad
3180 1162 3369 1249 cujus
3427 1158 3834 1226 conservati-

2294 1297 2483 1344 onem
2556 1298 2682 1344 non
2720 1278 3142 1366 requiruntur
3205 1290 3321 1354 tot,
3378 1288 3535 1364 quot
3572 1276 3651 1341 ad
3685 1296 3831 1361 pro·

2294 1394 2689 1475 ductionem,
2730 1417 2938 1483 neque
2969 1394 3327 1462 secundum
3364 1405 3574 1480 potest
3622 1413 3768 1459 esse
3800 1413 3835 1457 3

2291 1531 2486 1577 03333
2519 1512 2826 1591 secunda,
2873 1512 3023 1599 quia
3058 1512 3264 1577 solius
3306 1511 3411 1575 Dei
3447 1524 3547 1576 est
3577 1507 3835 1595 supple·
3878 1554 4006 1621 Ejus
4030 1551 4169 1602 actio

2296 1648 2366 1692 re
2403 1647 2662 1694 causam
2727 1649 2841 1715 per
2898 1650 2967 1693 se
3024 1626 3431 1714 requisitam,
3476 1626 3687 1714 qualis
3736 1634 3836 1689 est
3860 1622 4186 1744 oontionsgtvens.

2294 1745 2583 1822 materia,
2620 1744 2785 1810 sicut
2830 1765 2968 1809 earn
3002 1745 3364 1809 eminenter
3393 1742 3749 1807 continere.

2380 1860 2472 1925 Ad
2542 1873 2844 1946 quartum
2914 1872 3212 1943 negatur,
3282 1857 3664 1943 simpliciter
3735 1856 3832 1921 lo·-
3880 1863 4169 1978 Resffinsio

2292 1975 2575 2061 quendo‚
2621 1976 2769 2063 quia
2802 1975 2971 2042 sicut
3014 1977 3216 2043 forma
3251 1975 3570 2052 educitur,
3607 1972 3702 2038 sic
3732 1972 3828 2037 in·
3882 1998 4154 2058 quartum.

2292 2089 2551 2170 format,
2603 2112 2752 2158 cum
2801 2091 3039 2159 existat
3095 2112 3353 2177 semper
3392 2087 3832 2175 dependenter

2292 2228 2328 2273 a
2378 2208 2645 2274 materia
2695 2220 2766 2276 ut
2811 2230 3007 2276 causa
3049 2209 3284 2296 priore.
3333 2211 3448 2274 Hic
3474 2217 3691 2273 autem
3724 2226 3833 2271 su-

2295 2322 2495 2388 mitur
2525 2324 2939 2406 informatio,
2991 2343 3118 2388 303
3174 2333 3367 2408 prout
3424 2332 3523 2386 est
3564 2318 3839 2407 praecise

2291 2439 2564 2506 effectus
2597 2440 2847 2519 formae,
2884 2438 3205 2527 quomodo
3237 2438 3447 2504 anima
3482 2437 3677 2504 etiam
3731 2456 3837 2501 ra·-

2291 2555 2553 2621 tionalis
2586 2554 2916 2635 informat,
2954 2555 3258 2642 quamvis
3293 2575 3421 2620 303
3471 2552 3834 2640 dependaet

2290 2694 2326 2738 a
2369 2672 2661 2752 materia,
2706 2672 2818 2739 sed
2872 2683 2941 2738 ut
2980 2670 3259 2738 involvit
3296 2669 3705 2736 eductionem
3770 2678 3834 2733 et

2289 2789 2735 2855 causalitatem
2806 2787 3097 2855 materiae
3129 2797 3429 2873 respectu
3463 2785 3716 2865 formae,
3753 2804 3830 2850 ex

2288 2926 2418 2992 quo
2449 2917 2622 2992 patet
2660 2905 2739 2972 ad
2771 2905 3042 2992 reliqua.

2377 3021 2459 3108 (z)
2501 3021 2713 3089 Tertia
2752 3020 3083 3089 conclusio
3128 3043 3141 3086 :
3182 3021 3385 3086 Nulla
3424 3021 3648 3103 forma
3686 3039 3829 3082 ma-
3927 3027 4117 3141 Τὲιέἷίὶ

2289 3140 2549 3206 terialis
2567 3150 2777 3225 potest
2805 3161 2939 3206 esse
2963 3138 3376 3225 principium
3398 3134 3676 3203 creandi
3703 3134 3831 3200 ali·
3876 3152 4169 3206 conclusio.

2290 3256 2472 3343 quid,
2513 3268 2633 3322 etc.
2682 3255 2834 3343 quia
2879 3257 2941 3321 in
2983 3254 3259 3322 essendo
3291 3252 3600 3338 supponit
3629 3263 3827 3317 mate·
3880 3218 4180 3330 mtffifffiis

2290 3369 2497 3450 riam;
2533 3391 2688 3457 ergo
2738 3372 2801 3436 in
2844 3371 3194 3450 causandO,
3245 3381 3553 3454 utsupra
3594 3367 3827 3452 proba·
3854 3358 4199 3476 pogg‘ssnesse

2290 3500 2428 3554 tum
2467 3499 2566 3554 est
2603 3487 2682 3554 de
2739 3488 3093 3566 accidente,
3149 3499 3212 3552 et
3270 3486 3575 3571 deinceps
3616 3483 3824 3571 appli-
3856 3467 4187 3532 pnneipium

3868 3531 4194 3585 creationis.

2288 3603 2493 3669 cando
2541 3594 2738 3682 dicta,
2773 3614 2843 3668 ut
2872 3613 3069 3689 patet,
3113 3623 3193 3668 ex
3227 3602 3397 3667 clara
3454 3599 3827 3666 inductione
3897 3593 4164 3706 Sffiiizlis

2289 3718 2617 3786 concludit
2656 3718 3002 3785 intentum.
3076 3717 3426 3806 subjungit
3482 3716 3824 3802 specialem
3872 3719 4180 3833 suhs‘issnfia

2290 3835 2632 3917 rationem,
2659 3835 2829 3902 unde
2861 3836 3089 3922 probat
3118 3834 3502 3901 substantiae
3533 3833 3829 3899 materia·
3881 3844 4171 3896 materian.

2288 3951 2334 4018 li
2374 3972 2744 4039 repugnare
2771 3951 3161 4017 creationem
3193 3950 3474 4016 activam
3510 3948 3826 4015 materiae.

2288 4073 2474 4137 Ratio
2513 4082 2614 4137 est
2659 4069 2807 4136 talis
2845 4092 2857 4135 ε
2901 4068 3182 4145 Quando
3212 4068 3443 4154 aliqua
3471 4066 3830 4132 secundum

2291 4197 2495 4252 totum
2531 4206 2736 4272 qemaes
2763 4205 2953 4249 suum
2993 4183 3233 4249 habent
3298 4181 3589 4268 aliquem
3639 4179 3828 4245 ordi-

2290 4323 2437 4368 nem
2467 4301 2557 4366 ad
2591 4301 2895 4378 invicem,
2934 4297 3269 4385 quodlibet
3302 4298 3500 4363 unius
3529 4296 3722 4362 habet
3741 4297 3826 4360 si·

2290 4420 2514 4486 mitem
2543 4419 2850 4484 ordinem
2879 4418 2969 4483 ad
3007 4416 3340 4504 quodlibet
3370 4415 3669 4493 alterius,
3699 4423 3827 4478 etc.

2287 4536 2495 4602 forma
2527 4533 2878 4602 materialis
2946 4532 3306 4599 secundum
3367 4542 3574 4596 totum
3615 4548 3831 4617 genus

2289 4674 2479 4720 suum
2531 4664 2630 4720 est
2672 4650 2992 4739 posterior
3034 4648 3301 4716 materia
3332 4668 3450 4714 sua
3500 4647 3830 4734 receptiva

2290 4791 2448 4857 ergo
2492 4768 2799 4858 quaelibet
2838 4767 3040 4833 forma
3080 4765 3367 4854 qualibet
3412 4764 3679 4830 materia
3731 4775 3832 4832 est

2290 4885 2652 4973 posterior;
2706 4883 2820 4952 sed
2861 4881 3187 4971 posterius
3263 4880 3521 4967 origine
3559 4892 3674 4947 aut
3709 4901 3828 4968 ge-

2292 5003 2624 5070 neratione
2692 5001 2917 5087 nequit
2954 5020 3102 5066 esse
3133 4998 3524 5085 principium
3564 4997 3827 5064 creandi

2289 5121 2490 5201 aliud,
2535 5139 2692 5205 ergo
2726 5118 2925 5184 forma
2960 5116 3316 5184 materialis
3350 5115 3576 5202 nequit
3606 5136 3826 5182 creare

2290 5247 2652 5313 materiam.
2716 5248 2866 5310 Haec
2926 5243 3090 5308 ratio
3148 5254 3247 5307 est
3320 5241 3613 5321 evidens,
3676 5260 3824 5306 nam
3910 5253 4141 5318 Optima

2288 5377 2487 5443 altera
2566 5393 2712 5459 pars
2755 5368 3042 5456 majoris,
3101 5388 3334 5453 nempe
3374 5365 3678 5443 secunda,
3726 5366 3827 5431 in-
3946 5324 4116 5371 ‘⁸⁰⁰'

2287 5502 2575 5571 cluditur
2606 5518 2720 5586 per
2750 5517 2820 5564 se
2850 5496 2916 5561 in
2955 5494 3187 5580 prima,
3225 5512 3373 5558 nam
3406 5491 3575 5558 sicut
3631 5490 3830 5577 parti-

2287 5631 2504 5700 culare
2543 5625 2998 5716 quodcumque
3040 5619 3310 5689 includit
3341 5618 3407 5685 in
3438 5639 3557 5688 suo
3594 5638 3823 5686 conce·
