4287 6313
512 394 665 477 23οῙ

538 581 687 648 quae
717 557 1036 648 ‘primario
1064 556 1342 645 ‘respicit
1377 553 1655 644 gratiam
1691 578 1707 634 ς
1757 551 2082 641 significa·

251 747 468 877 retffl'qit
547 794 898 883 quuslibet
964 793 1028 859 in
1098 791 1334 878 specie,
1390 810 1470 856 ex
1540 789 1669 855 fine
1737 787 2091 854 intrinseco

209 868 512 982 gigig&
547 910 819 999 respicit
911 930 1101 977 suum
1181 907 1482 974 effectum
1558 904 2086 982 determinatum,

552 1048 638 1094 ex
677 1026 808 1092 fine
872 1046 1031 1092 vero
1082 1023 1557 1092 concomitante
1596 1033 1660 1087 et
1695 1020 2087 1096 extrinseco,

552 1142 856 1231 gratiam,
908 1162 1058 1210 cum
1098 1162 1225 1229 qua
1256 1140 1452 1206 habet
1491 1136 1989 1215 connexionem,
2032 1144 2098 1200 et

563 1279 678 1346 per
714 1279 907 1346 quam
948 1258 1161 1325 datur.

268 1424 479 1490 Duplex
643 1374 738 1440 Ad
802 1374 1119 1441 rationem
1161 1384 1374 1439 autem
1440 1368 1777 1437 dubitandi
1829 1388 2098 1455 respon-

204 1490 442 1603 Ἷῡῐῑὸῦθῒέξ
475 1487 529 1538 ³1¹
556 1490 766 1571 detur,
810 1489 1134 1576 duplicem
1182 1509 1327 1554 esse
1383 1487 1786 1553 voluntatem
1837 1486 1900 1551 in
1941 1489 2095 1563 De0,

554 1606 745 1673 aliam
815 1605 1281 1683 universalem,
1354 1603 1543 1670 aliam
1618 1601 2095 1689 particularem,

555 1721 744 1790 aliam
791 1719 966 1800 finis,
1011 1719 1202 1785 aliam
1247 1719 1464 1786 medii.
1512 1716 1919 1783 Universalis
1970 1736 2106 1782 res·

558 1837 716 1924 picit
753 1836 1033 1927 gratiam
1111 1836 1388 1923 primo;
1471 1833 1880 1923 particularis
1945 1852 2104 1898 vero

560 1955 1068 2021 summotionem
1109 1951 1583 2041 impedimenti,
1620 1951 1811 2038 quale
1841 1960 1941 2015 est
1962 1969 2107 2034 pec-

564 2084 803 2151 catum,
842 2070 938 2138 sic
976 2070 1167 2137 etiam
1220 2069 1524 2135 voluntas
1584 2070 1751 2156 ejuS,
1824 2086 1951 2153 qua
2009 2075 2109 2131 est

560 2185 738 2268 finis,
818 2187 1085 2274 respicit
1148 2185 1447 2272 gratiam,
1528 2203 1656 2272 qua
1730 2193 1829 2248 est
1881 2180 2103 2260 medii,

217 2292 537 2363 significatio
561 2302 951 2370 ablationem
996 2302 1262 2389 peccati.
1319 2300 1648 2367 Institutio
1679 2298 2103 2378 Sacramenti,

216 2363 538 2487 ffigffiffiss
563 2433 628 2488 et
667 2422 813 2509 ejus
871 2418 1267 2506 significatio
1326 2417 1740 2505 specificatur
1787 2436 1820 2481 a
1872 2415 2110 2481 volun-

215 2484 538 2611 2⁸32&ssssssss
565 2550 694 2605 tate
752 2536 1148 2624 particulari,
1195 2546 1259 2601 et
1320 2532 1513 2600 medii
1558 2532 1932 2612 intrinsece,
1996 2553 2110 2598 ex-

564 2653 848 2720 trinsece
906 2673 1063 2719 vero
1112 2672 1148 2718 a
1214 2650 1549 2717 voluntate
1614 2650 1993 2727 universali,
2051 2661 2115 2715 ει

567 2771 761 2838 etiam
803 2769 1178 2857 particulari
1231 2767 1405 2845 finis,
1440 2788 1589 2854 quae
1628 2779 1728 2834 est
1757 2765 1990 2853 gratia,

337 2909 417 2960 55.
455 2968 465 2979 ι
655 2887 768 2954 Ηίε
800 2886 1055 2973 positis,
1084 2885 1396 2967 probatur
1427 2882 1761 2950 conclusio
1779 2884 2101 2953 Doctoris:

259 2971 509 3084 {Jssgffssfi
573 3014 673 3071 est
721 3012 938 3069 autem
978 3000 1438 3080 controversia,
1486 3010 1556 3065 ut
1617 2998 1973 3085 plurimum
2040 2999 2119 3064 de

326 3093 454 3145 ⁰¹⁶³·
570 3123 991 3188 Sacramento
1031 3116 1331 3183 instituto
1369 3124 1593 3183 contra
1640 3108 2000 3201 peccatum,
2041 3124 2112 3181 ut

573 3237 652 3303 de
674 3234 1027 3321 Baptismo,
1054 3231 1585 3310 Circumcisione,
1609 3230 2021 3314 Paenitentia,
2053 3231 2118 3295 in

566 3351 805 3442 quibus
833 3350 1081 3436 iplures
1121 3361 1365 3435 negant
1402 3345 1949 3435 significationem
2008 3348 2120 3412 Sa·

573 3467 889 3535 crementi
938 3467 1006 3532 in
1047 3477 1249 3547 recto,
1285 3485 1431 3531 esse
1477 3463 1934 3531 remissionem
1970 3484 2122 3549 pec-

575 3583 725 3665 cati,
806 3581 918 3650 sed
996 3582 1272 3670 gratiam
1358 3580 1773 3647 remissivam
1845 3578 2115 3665 peccati,

576 3709 893 3788 quantum
935 3709 1036 3765 est
1071 3697 1152 3763 de
1198 3717 1292 3764 se.
1353 3697 1736 3783 Oppositum
1793 3694 2125 3782 colligitur

577 3817 789 3904 primo
826 3815 907 3881 de
939 3813 1298 3900 Baptismo,
1337 3812 1488 3900 quia
1544 3811 1787 3878 ablutio
1860 3823 1924 3879 et
1991 3832 2125 3878 ma-

576 3931 738 3999 teria
805 3929 1214 4016 baptismalis
1272 3928 1436 3997 illud
1501 3926 1834 4015 significat
1888 3928 2124 4015 prim0‚

578 4049 749 4137 quod
799 4047 1268 4114 determinatur
1314 4068 1430 4134 per
1477 4046 1749 4113 formam
1790 4045 2125 4132 Baptismi,

579 4166 691 4232 sed
761 4163 970 4230 forma
1010 4161 1321 4249 Baptismi
1353 4161 1543 4228 datur
1572 4160 1639 4225 in
1679 4161 2133 4230 remissionem

581 4292 990 4371 peccatorum
1040 4300 1119 4346 ex
1165 4278 1603 4365 Diospolitano
1641 4289 1771 4344 arc.
1826 4282 1888 4343 5.
1947 4278 2131 4345 Mile-

579 4400 801 4467 vitano
840 4421 985 4485 cap.
1021 4401 1085 4465 2.
1123 4396 1250 4465 illis
1290 4397 1510 4463 verbis
1546 4419 1560 4462 ε
1604 4395 1788 4462 Unde
1851 4398 1929 4480 sit
1974 4417 2131 4462 con-

580 4535 873 4604 sequens,
920 4525 991 4580 ut
1039 4515 1113 4581 in
1151 4515 1244 4580 eis
1276 4511 1300 4601 (
1330 4512 1565 4600 supple
1594 4512 1887 4598 parvulis
1926 4512 1949 4599 )
1984 4515 2131 4590 for-

584 4655 695 4699 ma
760 4632 1174 4718 baptismatis
1240 4633 1314 4696 in
1386 4630 1843 4696 remissionem
1906 4651 2133 4716 pecca-

586 4760 977 4828 tor-ammon
1002 4768 1169 4827 vere,
1201 4746 1316 4812 sed
1336 4746 1512 4830 falso
1533 4744 1973 4832 intelliqatur,
2003 4756 2127 4813 etc.

583 4884 819 4951 nempe
848 4863 904 4930 si
943 4874 1286 4931 traxerunt
1314 4870 1651 4949 peccatum
1692 4861 2010 4949 originale
2053 4879 2133 4927 ex

587 4979 798 5069 primo
839 4991 1127 5068 parente.

675 5097 791 5164 Hic
821 5097 992 5163 idem
1032 5116 1241 5164 canon
1282 5104 1657 5181 resumptus
1688 5105 1786 5162 est
1832 5115 1867 5161 a
1896 5094 2129 5160 Conci-

589 5214 695 5280 liis
744 5210 1090 5290 AfricaniS,
1147 5223 1210 5278 et
1256 5211 1617 5278 novissime
1668 5232 1704 5278 a
1752 5210 2131 5278 Tridentino

585 5350 740 5396 sess.
778 5334 842 5398 5.
889 5330 972 5395 de
997 5340 1262 5414 peccato
1327 5328 1654 5415 oriqinali
1692 5348 1860 5394 eam.
1932 5331 1997 5393 4.
2069 5336 2132 5393 et

593 5446 870 5515 habetur
901 5444 1186 5535 capitulo
1214 5446 1492 5534 placuit,
1532 5447 1614 5514 de
1641 5446 2133 5512 consec-racione

589 5564 748 5633 dist.
784 5572 849 5633 4.
895 5568 975 5632 Et
1011 5562 1136 5632 hoc
1171 5571 1561 5652 argumento
1592 5562 1797 5648 pressi
1829 5571 1981 5629 sunt
2011 5564 2131 5627 Pe-

305 3694 488 3743 Forma

265 3753 510 3820 Baptismi

260 3818 416 3868 datur
472 3816 525 3867 in

276 3879 511 3930 remissi-

314 3957 461 3992 onem

232 4003 233 4006 ’
276 4010 516 4072 peccato-

321 4081 438 4116 rum
449 4106 461 4118 .

237 4289 526 4409 siim&

274 5118 497 5172 Concilia

268 5183 533 5235 Africana.

277 5245 366 5297 Tri
371 5245 494 5296 deut
503 5283 517 5297 .

1732 390 1875 453 Lm.
1909 389 2010 453 lv.
2041 385 2637 453 SENTENTIARUM

2199 550 2467 639 lagiani,
2504 562 2576 619 ut
2615 563 2870 620 constat
2899 572 2979 619 ex
3021 550 3388 638 Augustino
3420 547 3534 618 lib.
3573 554 3637 617 1.
3673 547 3756 616 de
3799 548 4088 619 Constanti-

206 680 517 732 sacramen·
545 678 636 745 tio
692 689 910 744 autem
968 673 1499 743 circumcisionis
1558 685 1620 738 et
1688 668 2086 738 Sacramenti
2199 681 2448 756 peccat.
2484 673 2713 738 merit.
2750 683 2811 737 ec
2847 672 3103 736 remiss.
3135 692 3280 756 cap.
3313 675 3424 737 Π.
3467 672 3573 736 20.
3643 672 3752 736 30.

3837 628 4027 697 nopolit
4036 666 4051 682 .

2203 798 2268 852 ει
2295 787 2456 854 alias
2497 808 2702 875 saepe.
2758 792 2941 858 Patet
2982 809 3063 854 ex
3104 788 3402 875 symbolo
3442 790 3756 855 Constan-

2205 904 2635 991 tinopolitano
2680 928 2694 972 ε
2755 906 3094 989 Confiteor
3143 925 3343 971 unum
3411 906 3760 991 Baptisma

2207 1024 2278 1088 in
2328 1024 2784 1089 remissionem
2841 1033 3287 1110 peccatorum,
3333 1033 3461 1088 etc.
3526 1032 3591 1088 et
3648 1021 3756 1089 hic

2208 1141 2350 1228 ejus
2391 1140 2663 1208 effectus
2701 1142 3094 1228 exprimitur
3131 1141 3223 1207 ad
3291 1142 3509 1207 Titum
3561 1144 3624 1206 3.
3671 1140 3763 1206 ad

2214 1256 2546 1324 Colossen.
2591 1260 2652 1324 2.
2691 1268 2752 1324 et
2785 1263 2848 1324 1.
2883 1258 3071 1323 Petri
3096 1261 3156 1323 1.
3186 1257 3279 1324 ad
3307 1257 3651 1343 Ephesios.
3691 1259 3752 1325 5.

2303 1371 2466 1439 Hinc
2512 1373 2704 1439 etiam
2769 1376 2988 1440 Patres
3053 1383 3291 1440 vocant
3358 1371 3759 1459 Baptismum

2216 1497 2488 1555 mortem
2533 1488 2800 1575 peccati,
2837 1500 2908 1555 ut
2942 1493 3065 1554 Leo
3116 1491 3282 1573 Papa
3336 1489 3526 1573 epist.
3585 1491 3649 1553 4.
3700 1498 3760 1554 el
3791 1444 4119 1572 Bapir'fhaors

2217 1599 2280 1661 5.
2325 1595 2416 1661 ad
2473 1597 2831 1682 Episcopos
2893 1617 3015 1683 per
3079 1595 3425 1676 Siciliam,·
3485 1595 3760 1680 primam
3794 1569 4107 1697 ιξῗῗξὲᾦ,

2220 1722 2366 1799 ροει
2406 1711 2818 1799 naufragium
2859 1712 3148 1778 tabulam
3191 1733 3272 1778 ex
3327 1712 3435 1778 illo
3472 1718 3531 1779 1.
3591 1713 3765 1780 Petri
3818 1693 4086 1821 ᾖᾟξζξξίῗ·

2218 1834 2281 1896 3.
2337 1829 2525 1906 Quod
2572 1842 2633 1900 ec
2662 1851 2774 1896 vos
2803 1831 3050 1896 similis
3093 1832 3318 1915 forma
3355 1830 3573 1896 salvos
3601 1831 3766 1915 fecit
3805 1880 4108 1946 Gregorius.

2221 1950 2588 2035 Raptis-ma,
2663 1958 2784 2013 etc.
2887 1947 3205 2035 Origenes
3285 1949 3457 2015 hom.
3539 1951 3602 2014 2.
3693 1950 3768 2015 in
3845 1943 4061 1995 Hieron.

2220 2086 2364 2150 cap.
2410 2067 2474 2130 6.
2516 2063 2805 2140 Genesis,
2845 2063 3257 2151 Augustinus
3288 2062 3404 2129 lib.
3465 2067 3569 2130 12.
3605 2085 3767 2130 con-

2223 2190 2329 2246 ινα
2359 2180 2696 2259 Faustum,
2735 2201 2880 2266 cap.
2921 2183 3025 2245 14.
3066 2184 3174 2246 15.
3212 2182 3328 2247 38.
3374 2182 3484 2247 39.
3538 2191 3598 2247 et
3649 2180 3763 2247 lib.

2221 2299 2329 2363 29.
2366 2318 2510 2382 cap.
2553 2298 2657 2361 12.
2712 2296 3066 2382 Gregorius
3125 2298 3299 2362 hom.
3366 2298 3442 2361 ¹2
3483 2297 3559 2362 in
3605 2297 3771 2364 Eze-

2223 2413 2523 2493 chielem,
2580 2411 3019 2498 Hieronymus
3085 2414 3139 2477 l.
3193 2422 3428 2477 cone-ra
3470 2412 3774 2478 Iovinia-

2227 2550 2386 2594 num
2425 2530 2615 2615 epist.
2653 2532 2761 2595 57.
2837 2529 2907 2593 in
2959 2527 3228 2615 dialogo
3274 2539 3506 2594 contra
3579 2529 3774 2594 Luci-

2224 2649 2560 2734 fericmos3
2597 2665 2755 2731 ergo
2786 2643 3082 2709 liberatio
3112 2665 3145 2709 a
3179 2656 3440 2732 peccato
3506 2646 3780 2733 ejusque

2227 2763 2589 2850 naufragio,
2661 2776 2759 2829 est
2817 2783 3126 2850 expressa
3172 2762 3567 2850 significatio
3619 2767 3776 2851 Bap-

2229 2881 2402 2947 tismi
2445 2881 2511 2945 in
2568 2891 2766 2958 recto,
2830 2892 3024 2967 atque
3084 2880 3243 2947 adeo
3285 2879 3589 2968 proprius
3629 2882 3777 2969 ejus

2230 2997 2500 3062 effectus
2540 2995 2616 3061 ad
2658 3016 2850 3083 quem
2902 2996 3262 3063 ordinatur.

2319 3115 2496 3178 Patet
2536 3110 3002 3198 consequentia
3034 3133 3114 3178 ex
3145 3112 3519 3180 Florentino
3552 3112 3774 3180 decre·
3852 3132 4092 3182 Floreat.

2233 3240 2297 3294 to
2329 3228 2591 3295 unionis
2627 3251 2640 3293 :
2675 3229 2995 3314 Effectus,
3043 3231 3278 3317 inquit,
3313 3233 3511 3318 hujus
3547 3252 3775 3298 sacra·
3830 3195 4110 3323 Βῗξῧῗὲῗ,

2231 3346 2436 3411 menti
2483 3343 2569 3431 (id
2605 3355 2728 3423 est,
2764 3344 3112 3431 Baptismi)
3155 3357 3246 3411 cst
3288 3348 3588 3412 remissio
3630 3368 3773 3413 om-

2233 3462 2339 3526 nis
2396 3461 2607 3547 culpae
2662 3462 3023 3548 oriyinalis
3080 3472 3141 3528 el
3205 3464 3510 3542 actualis,
3558 3465 3775 3530 omnis

2235 3595 2490 3663 quoque
2525 3598 2756 3662 poeme,
2794 3599 2938 3665 quoe
2963 3600 3089 3665 pro
3149 3579 3296 3665 ipsa
3351 3580 3548 3666 culpa
3585 3580 3777 3648 debe-

2238 3704 2366 3772 tur,
2415 3704 2538 3760 etc.
2582 3693 2705 3760 Sed
2765 3694 3035 3762 effectus
3083 3697 3480 3764 Sacramenti
3548 3711 3647 3766 est
3692 3699 3777 3766 si-

2238 3807 2619 3894 gnificatum
2673 3808 2738 3876 in
2780 3820 2954 3876 recto
2985 3812 3151 3898 ejuS,
3188 3832 3313 3898 qua
3353 3813 3635 3899 practice
3686 3813 3779 3881 si-

2239 3923 2546 4012 gnificat;
2593 3945 2752 4012 ergo
2817 3925 3121 3993 remissio
3178 3929 3422 4015 peccati
3480 3939 3578 3997 est
3646 3929 3777 3998 illa.

2241 4044 2466 4129 Neque
2505 4052 2604 4109 est
2632 4042 3004 4122 dicendum,
3049 4046 3219 4133 quod
3252 4047 3609 4115 Concilium
3653 4069 3781 4116 non

2243 4156 2522 4244 explicet
2560 4158 2862 4226 effectum
2909 4161 3242 4250 proprium
3284 4174 3346 4230 et
3397 4163 3780 4251 primarium

2243 4277 2356 4362 qui
2423 4275 2730 4343 convenit
2787 4278 3205 4347 Sacramenfo
3256 4279 3322 4346 in
3379 4291 3580 4360 rect0,
3634 4301 3783 4349 cum

2244 4394 2581 4463 definitive
2611 4408 2675 4462 et
2714 4416 2793 4462 ex
2834 4395 3133 4463 instituto
3174 4396 3456 4464 declaret
3503 4400 3646 4487 ejus
3686 4419 3788 4466 es-

2246 4512 2546 4591 sentiam,
2602 4510 2770 4579 sicut
2807 4521 2873 4578 et
2929 4511 2996 4578 in
3046 4511 3191 4580 aliis
3234 4511 3671 4582 Sacramentis
3723 4512 3787 4580 id

2245 4639 2508 4717 praestat
2537 4650 2652 4715 per
2683 4629 2981 4697 effectum
3023 4629 3382 4718 proprium.

2329 4746 2553 4830 Neque
2591 4744 2765 4812 valet
2801 4743 3061 4825 solutio,
3102 4743 3157 4810 si
3194 4743 3372 4811 dicas
3414 4765 3562 4812 cum
3612 4744 3782 4823 aliis.

2243 4862 2518 4950 gratiam
2560 4859 2974 4928 remissivam
3016 4860 3258 4947 peccati
3291 4860 3595 4950 intelligi,
3630 4865 3786 4952 quia

2242 4978 2457 5045 omnis
2496 4977 2706 5066 gratia
2736 4999 2816 5045 ex
2869 4999 2938 5045 se
2977 4977 3173 5046 habet
3210 4978 3789 5067 incompatibilita-

2245 5107 2373 5162 tem
2405 5117 2552 5163 cum
2586 5107 2870 5183 peccato,
2908 5107 2970 5163 et
3001 5117 3035 5162 a
3069 5117 3484 5186 quocumque
3506 5099 3641 5180 fiat,
3671 5100 3790 5166 eti-

2241 5233 2343 5279 am
2386 5212 2556 5278 delet
2603 5222 2961 5298 peccatum,
3008 5213 3190 5280 verbi
3235 5214 3472 5301 gratia,
3521 5215 3576 5281 si
3617 5215 3787 5283 bona

2242 5327 2368 5395 fide
2425 5340 2488 5395 et
2531 5350 2679 5397 cum
2730 5329 3119 5397 contritione
3170 5331 3317 5419 quis
3390 5332 3651 5400 accedat
3705 5335 3784 5401 ad

2243 5448 2731 5514 Sacramentum
2790 5447 3243 5533 Eucharistiae,
3302 5448 3656 5518 remittitur
3728 5450 3790 5516 ei

2244 5574 2606 5650 peccatum,
2662 5565 2852 5654 juxta
2901 5566 3418 5635 communiorem
3473 5567 3790 5636 sententi-

3902 1833 4017 1868 nus·

3941 4717 4023 4768 57.

3911 5447 4054 5502 Vide

3876 5513 4110 5570 dicenda
