4287 6313
606 395 728 459 242
1826 391 1968 453 LIB.
1998 392 2016 452 l
2025 388 2097 451 V.
2129 385 2724 458 SENTENTIARUM

608 580 729 641 pro
771 558 1169 638 superlativo
1198 556 1607 635 intelligitur,
1658 570 1737 615 eo
1770 552 1967 616 modo
2021 570 2152 633 quo

611 677 890 758 Cyrinus
918 677 1028 738 lib.
1060 677 1122 738 9.
1154 675 1223 737 in
1263 678 1571 736 Joannem
1623 687 1764 747 cap.
1807 670 1913 731 23.
1960 673 2169 732 inter-

610 798 929 872 pretatur,
1011 793 1399 853 mandatum
1482 804 1721 850 novum
1799 788 1880 847 do
1963 785 2164 858 vobis,

610 910 796 970 Joan.
856 909 951 970 13.
1007 923 1123 985 pro
1186 888 1437 975 ultim0,
1494 918 1644 982 quae
1706 897 2164 979 interpretatio

615 1030 794 1086 recte
852 1024 1133 1085 cohaeret
1189 1017 1740 1083 antecedentibus
1803 1021 1868 1076 et
1927 1028 2167 1077 conse-

618 1143 973 1222 quentibus
1003 1145 1067 1204 et
1098 1139 1594 1204 circumstantiis
1626 1136 2036 1199 narrationis.

294 1262 561 1373 unglg’gissm
697 1259 800 1321 Sic
830 1260 895 1321 in
929 1260 1234 1337 parabola
1267 1257 1349 1318 de
1382 1256 1798 1319 conducente
1828 1253 2163 1332 operarios

354 1387 522 1450 quoet
616 1376 683 1436 in
729 1373 983 1436 vineam
1026 1375 1183 1435 hora
1221 1369 1595 1437 undecima,
1657 1382 1807 1446 quae
1857 1366 2165 1445 designat

616 1490 994 1553 missionem
1047 1489 1509 1567 Apostolorum
1565 1487 1688 1548 sub
1750 1485 2023 1555 Christ0,
2097 1486 2164 1542 et

612 1607 1025 1669 vocationem
1055 1606 1351 1684 gentium
1384 1604 1447 1663 in
1490 1602 1639 1680 lege
1682 1614 1871 1671 nova,
1925 1594 2163 1658 dicitur

574 1725 775 1805 ,hora
804 1724 1177 1793 novissima,
1208 1722 1273 1783 id
1307 1724 1426 1792 est,
1471 1718 1719 1789 ultima,
1773 1719 1942 1778 sicut
1985 1721 2048 1776 et
2100 1714 2156 1773 l.

607 1842 875 1904 loannis
900 1843 962 1904 2.
999 1840 1255 1901 Micheae
1282 1839 1343 1900 4.
1381 1841 1680 1898 Actorum
1721 1836 1781 1897 2.
1833 1836 1920 1895 ad
1967 1831 2161 1894 Gala-

608 1967 706 2022 tas
737 1959 934 2020 etiam
962 1959 1021 2018 4.
1056 1955 1426 2033 appellatur
1450 1952 1784 2029 plenitudo
1827 1950 2159 2026 temporis,

609 2074 676 2136 id
708 2081 828 2147 est,
864 2071 1360 2135 consummatio.
1405 2069 1495 2129 Ex
1544 2067 1781 2147 quibus
1826 2067 2008 2142 patet
2050 2063 2159 2124 lit-

608 2198 747 2254 tera
799 2199 866 2253 et
912 2191 1071 2251 ratio
1117 2188 1411 2250 Doctoris
1442 2182 1662 2264 quoad
1699 2183 2156 2262 probationem

607 2307 1088 2372 antecedentis.

274 2417 571 2548 sffffss’ssss‘t'i.
685 2428 1153 2503 Subsumptum
1199 2426 1395 2486 etiam
1428 2424 1610 2498 patet
1639 2434 1721 2480 ex
1753 2416 1966 2487 dictis,
2000 2414 2147 2493 quia

604 2544 1012 2624 providentia
1042 2542 1256 2605 divina
1288 2541 1383 2601 sic
1418 2537 1738 2617 processit
1780 2534 1862 2597 ab
1908 2534 2149 2610 imper-

596 2662 767 2724 fecto
825 2661 910 2722 ad
984 2656 1370 2738 perfectum,
1434 2673 1469 2717 a
1531 2655 1683 2733 lege
1755 2656 2000 2712 naturae
2061 2647 2147 2710 ad

594 2776 816 2855 legem
871 2775 1205 2850 scriptam,
1257 2789 1291 2833 a
1344 2771 1495 2850 lege
1544 2768 1809 2843 scripta,
1867 2763 1930 2824 in
1988 2777 2142 2841 qua,

594 2897 907 2971 tanquam
940 2892 1001 2951 in
1042 2890 1320 2960 semine,
1372 2893 1435 2948 et
1478 2885 1707 2946 umbra
1761 2878 2145 2943 includeba-

591 3014 695 3071 tur
742 3025 907 3070 nova
956 3005 1141 3087 (quid
1175 3010 1285 3076 est,
1327 3003 1540 3082 inquit
1573 2998 2000 3081 Aug-ustinus„
2031 2997 2145 3079 tea:

588 3132 786 3196 vetus,
827 3123 958 3185 nisi
1005 3139 1180 3184 novae
1222 3121 1386 3197 leqis
1431 3116 1813 3182 occultatio?
1851 3113 2010 3192 quid
2052 3113 2140 3172 est

589 3245 700 3303 lex
743 3253 929 3315 nova,
982 3243 1111 3302 nisi
1152 3239 1380 3300 veteris
1427 3236 1584 3314 ἱερεῖς
1637 3231 2005 3312 νευείαιίοῗ)
2053 3230 2137 3291 ad

587 3375 822 3421 novam
878 3359 1125 3437 legem,
1169 3357 1251 3417 ab
1309 3355 1432 3416 hac
1489 3351 1780 3423 tandem,
1841 3366 2006 3430 quae,
2062 3353 2138 3410 ut

587 3482 999 3556 comparatur
1042 3472 1127 3535 ad
1174 3471 1471 3552 gloriam,
1520 3471 1587 3531 in
1636 3473 1827 3546 parte
1878 3475 1989 3537 esc,
2049 3464 2133 3526 ad

568 3594 793 3671 ipsam
823 3592 1124 3674 gloriam,
1160 3605 1301 3668 quae
1332 3592 1431 3649 est
1465 3587 1781 3648 terminus
1831 3585 2133 3663 peregri-

585 3711 861 3774 nationis
908 3710 1293 3777 electorum,
1345 3703 1455 3783 qui
1506 3718 1855 3780 processus
1916 3706 2014 3761 est
2049 3700 2131 3763 ab

581 3826 969 3906 imperfecto
1002 3825 1087 3887 ad
1119 3821 1505 3901 perfectum.

381 3960 431 4010 e.
664 3943 969 4008 Secundo
1030 3943 1263 4022 probat
1335 3943 1575 4003 Doctor
1638 3937 1816 4000 idem
1873 3943 2133 4000 antece-

283 4082 513 4149 proxima
588 4065 753 4128 dens
826 4080 909 4124 ex
967 4080 1046 4124 eo
1114 4057 1295 4139 quod
1354 4073 1597 4119 novum
1639 4056 2131 4115 Testamentum

247 4145 563 4209 perfectissi-
588 4184 670 4241 sit
714 4180 1079 4257 proximum
1126 4173 1625 4253 perfectissimo,
1668 4169 1733 4233 id
1779 4177 1900 4241 est,
1934 4168 2131 4231 statui

354 4222 454 4259 mo.

291 4270 501 4383 Diggiys.
584 4295 1030 4360 beatitudinis.
1078 4294 1229 4354 Haec
1280 4295 1460 4368 pale·t
1507 4305 1587 4350 θΧ
1639 4287 1852 4362 dictis,
1898 4292 2128 4365 &sique

283 4397 508 4508 ῐῦἰῐῗὲῑιξῐῦ
580 4413 870 4493 Dionysii
915 4410 998 4472 de
1060 4407 1418 4470 Ecclesia-st.
1473 4403 1797 4465 hierarch.
1858 4421 2001 4478 cap.
2063 4404 2125 4462 5.

225 4528 537 4646 etvfflgsffln
573 4530 684 4592 ubi
716 4529 910 4591 dot-et
937 4524 1403 4604 Evangelicum
1452 4527 1691 4583 statum
1732 4519 2122 4598 participare

571 4647 650 4707 de
719 4652 998 4723 utroque
1071 4644 1389 4711 extrem0,
1461 4641 1774 4714 tanquam
1828 4633 2123 4696 medium

569 4764 737 4824 inter
778 4766 1020 4822 statum
1062 4758 1301 4820 veteris
1351 4754 1541 4833 legis,
1595 4757 1659 4813 et
1705 4752 2006 4830 gloriam,
2047 4756 2121 4812 ut

569 4882 1009 4941 communicat
1065 4872 1476 4944 beatitudini,
1536 4869 1876 4948 participat
1920 4867 2113 4948 justi-

563 4998 717 5058 tiam
765 5000 830 5057 et
860 4994 1240 5063 veritatem;
1281 4991 1355 5050 ut
1405 4988 1627 5048 autem
1675 4981 2112 5045 communicat

558 5114 765 5176 veteri
809 5111 967 5190 legi,
1029 5104 1376 5184 participat
1430 5105 1498 5164 in
1543 5099 1748 5179 signis
1790 5106 1854 5161 et
1881 5098 2107 5177 figuris

555 5248 673 5311 per
706 5230 951 5293 cultum
983 5230 1327 5286 externum
1371 5217 1752 5280 sensibilem
1790 5221 1857 5277 et
1885 5214 2101 5276 visibi-

552 5348 720 5419 lem;
758 5349 1087 5425 quatenus
1121 5356 1278 5418 ergo
1313 5344 1414 5398 est
1444 5316 1808 5414 pr'oximum
1839 5330 1922 5394 ad
1952 5332 2101 5410 glo-

549 5468 738 5538 riam,
786 5469 851 5524 et
907 5467 1222 5548 tanquam
1274 5455 1497 5518 ultima
1533 5453 1895 5531 dispositio,
1940 5468 2096 5512 con-

550 5583 859 5652 veniebat
886 5581 953 5641 in
977 5594 1055 5641 eo
1090 5592 1238 5639 esse
1268 5570 1742 5654 perfectissima
1782 5569 2105 5649 adiutoria

274 3073 556 3137 Angustia,

2273 555 2531 634 gratiae,
2613 560 2677 618 et
2771 560 3262 636 consequenter
3343 554 3827 635 perfectissima

2276 672 2718 744 Sacramenta,
2749 672 2920 734 illud
2941 674 3120 735 enim·
3146 678 3246 735 est
3273 671 3826 752 perfectissimum

2278 789 2593 860 medium,
2642 789 2820 869 quod
2869 793 3237 870 proximum
3288 796 3390 854 est
3429 790 3589 867 fini;
3637 808 3827 872 ergo,

2278 909 2404 966 etc.

2353 1023 2658 1087 Secundo
2704 1025 3148 1104 principaliter
3211 1027 3445 1104 probat
3504 1025 3825 1088 conclusi·
3899 1030 4134 1106 Secunda

2274 1155 2494 1214 onem,
2531 1158 2612 1203 ex
2670 1158 2747 1203 eo
2782 1141 2962 1220 quod
3012 1142 3078 1204 in
3124 1142 3279 1222 lege
3330 1158 3496 1206 nova
3541 1141 3627 1203 sit
3668 1157 3825 1219 per·
3894 1094 4139 1158 pmme

2272 1253 2625 1320 fectissima
2659 1275 2855 1320 causa
2901 1260 3255 1326 meritoria,
3305 1275 3505 1338 quam
3545 1258 3825 1321 Trinitas

2275 1370 2594 1450 disposuit
2625 1374 2781 1437 dare
2822 1377 3052 1454 generi
3100 1356 3415 1449 humano,
3469 1381 3597 1438 etc.
3644 1375 3824 1437 Chri·

2273 1492 2413 1550 stus
2468 1494 2691 1551 autem
2751 1499 2816 1554 et
2869 1508 3068 1570 opera
3128 1492 3296 1572 ejus,
3350 1499 3415 1554 et
3462 1493 3705 1573 passio,
3756 1491 3824 1555 in

2272 1601 2423 1683 lege
2497 1622 2663 1668 nova
2733 1604 3021 1682 fuerunt,
3099 1612 3227 1670 etc.
3300 1607 3540 1670 Eadem
3604 1607 3821 1686 passio
3927 1648 3930 1651 ι

2270 1724 2345 1780 ut
2392 1721 2677 1783 exhibita
2734 1721 2854 1784 fuit
2909 1723 3116 1803 magis
3169 1722 3417 1796 efficax,
3480 1741 3679 1803 quam
3750 1731 3823 1788 ut

2271 1841 2605 1914 promissa,
2656 1856 2730 1900 ac
2784 1840 3062 1918 proinde
3109 1843 3315 1921 magis
3360 1841 3590 1904 efficax
3632 1844 3819 1905 moti-

2267 1968 2445 2025 vum,
2477 1954 2581 2017 vel
2611 1955 2932 2017 inclinans
2964 1959 3172 2018 Deum
3204 1945 3285 2019 ad
3329 1957 3614 2020 dandam
3662 1974 3818 2038 gra-

2272 2071 2446 2141 tiam,
2499 2076 2624 2131 etc.
2677 2073 2818 2135 Haec
2862 2073 3027 2134 ratio
3080 2078 3263 2151 patet
3303 2091 3384 2135 ex
3418 2072 3626 2149 dictis,
3664 2077 3818 2153 quia

2264 2189 2330 2249 in
2361 2186 2485 2248 hoc
2516 2191 2928 2266 potissimum
2960 2188 3274 2268 perfectio
3305 2191 3475 2271 legis
3499 2206 3680 2254 novae
3702 2207 3813 2253 su-

2265 2303 2681 2378 perabundat
2711 2324 2726 2378 ;
2762 2304 2941 2367 unde
2982 2307 3217 2369 Paulus
3268 2305 3352 2368 ad
3403 2308 3707 2370 Hebraeos
3747 2309 3808 2371 5.

2262 2425 2629 2485 Exauditus
2664 2431 2751 2485 est
2784 2442 2907 2500 pro
2957 2443 3080 2487 sua
3122 2428 3504 2498 reverencia,
3554 2430 3679 2488 etc.
3738 2431 3810 2488 Et

2261 2547 2737 2602 consummatus
2772 2541 2988 2616 factus
3028 2547 3114 2604 est
3146 2542 3439 2602 omnibus
3483 2542 3801 2618 obtempe-

2256 2656 2551 2717 rantibus
2590 2658 2717 2719 sibi
2780 2675 2979 2719 causa
3048 2659 3282 2720 salutis
3344 2663 3612 2730 oeternoe,
3676 2663 3803 2720 etc.

2259 2768 2436 2845 quod
2465 2769 2850 2853 intelligitur
2878 2789 2959 2834 ex
2990 2773 3427 2851 sequentibus
3479 2772 3564 2835 de
3612 2772 3800 2835 infir-

2255 2887 2480 2948 mitate
2553 2889 2742 2968 legis,
2801 2888 3266 2952 sacrificiorum
3329 2894 3395 2951 et
3450 2889 3803 2953 sacerdotii

2257 3001 2544 3064 Levitici.

2329 3120 2415 3202 (c)
2447 3124 2737 3186 conditio
2789 3125 2912 3186 istst
2956 3126 3368 3204 perfectionis
3405 3129 3795 3189 Sacramen—
3952 3144 4008 3197 ’1.

2249 3243 2485 3311 torum,
2532 3245 2658 3300 etc.
2708 3239 3181 3304 perfectionem
3222 3243 3798 3305 sacramentorum
3848 3207 4168 3322 εξῖξῗιξξζ-

2248 3370 2430 3416 novae
2500 3356 2667 3435 legis
2739 3357 3005 3437 colligit,
3074 3362 3390 3437 quantum
3449 3358 3532 3421 ad
3590 3339 4171 3461 inten-„ossgf'ffg-,s

2247 3470 2524 3546 sionem,
2565 3475 2635 3572 et
2682 3477 2998 3549 quantum
3031 3472 3114 3535 ad
3147 3475 3624 3537 extensionem.
3659 3475 3792 3538 Pri·
3853 3457 4113 3570 tssfflgtib

2244 3603 2420 3647 mum
2478 3592 2742 3665 propter
2797 3588 3157 3666 perfectam
3219 3589 3789 3672 significationem,
3849 3580 4133 3637 intensiva.

2247 3712 2563 3784 quantum
2593 3707 2677 3769 ad
2723 3709 3170 3788 cognitionem
3200 3711 3511 3784 veritatis,
3546 3716 3614 3774 et
3653 3728 3799 3789 pro-

2246 3827 2391 3899 pter
2422 3821 2778 3886 efficaciam
2818 3826 3129 3889 causandi
3175 3827 3492 3906 gratiam;
3541 3832 3794 3889 utrum-

2246 3956 2376 4018 que
2406 3942 2642 4002 horum
2669 3958 2867 4019 supra
2901 3944 3321 4021 probavimus
3372 3961 3454 4005 ex
3509 3944 3678 4022 ipsO,
3732 3949 3797 4006 et

2244 4072 2325 4117 ex
2358 4057 2673 4132 Patribus,
2709 4058 2956 4122 debere
2996 4061 3346 4122 convenire
3368 4060 3792 4122 Sacramento

2242 4179 2458 4248 quoesc.
2490 4175 2550 4235 2.
2586 4179 2869 4255 utroque
2898 4181 3121 4237 autem
3167 4174 3362 4238 modo
3405 4177 3794 4238 Sacramen-

2243 4293 2304 4348 ta
2351 4303 2531 4352 novae
2572 4290 2740 4369 legis
2790 4290 3166 4354 debuerunt
3214 4309 3360 4354 esse
3392 4289 3788 4370 perfectissi-

2241 4420 2369 4475 ma,
2402 4404 2553 4483 quia
2577 4415 2677 4467 est
2706 4407 2811 4467 lex
2843 4409 3127 4470 veritatis
3149 4411 3216 4469 et
3239 4409 3485 4487 gratiae,
3511 4410 3698 4470 Joan.
3732 4410 3786 4469 l.

2241 4521 2368 4580 Lex
2391 4537 2512 4597 per
2555 4524 2831 4598 Moysem
2859 4527 3015 4587 data
3058 4529 3166 4596 est,
3208 4527 3433 4601 ,qratia
3463 4529 3519 4584 et
3546 4525 3790 4586 veritas

2223 4652 2346 4710 per
2396 4639 2616 4699 lesum
2675 4641 2997 4701 Christum
3055 4642 3238 4717 sacca
3287 4647 3398 4713 esc,
3467 4645 3596 4701 etc.
3654 4642 3788 4703 Hoc

2231 4754 2412 4826 patet
2453 4766 2535 4811 ex
2567 4758 2942 4814 commento
2991 4751 3073 4813 ad
3127 4752 3398 4831 primam
3429 4754 3779 4815 rationem.

2306 4864 2781 4929 perfectionem
2853 4868 3256 4931 extensivam
3325 4869 3599 4949 pulchre
3660 4868 3778 4931 de·
3943 4866 3998 4918 8·

3806 4928 4123 4995 Necessitas,

2226 4980 2445 5053 clarat,
2505 4981 2945 5060 supponendo
3007 4985 3576 5046 sacramentorum
3650 5001 3770 5047 ne·
3950 4998 4002 5040 et

2221 5098 2615 5167 cessitatem,
2661 5113 3023 5177 eorumque
3081 5097 3303 5172 finem,
3364 5101 3476 5178 qui
3527 5106 3651 5172 est,
3695 5104 3769 5162 ut
3808 5067 4136 5166 8¹:²33&ss-

2214 5212 2585 5275 remedium
2615 5215 2970 5278 adhibeant
2998 5217 3228 5279 morbo
3280 5220 3346 5278 et
3388 5216 3760 5280 infirmitati.
3793 5183 4131 5306 nons.

2216 5331 2519 5391 Declarat
2566 5336 2781 5394 autem
2835 5332 3222 5410 explicando
3276 5335 3766 5410 necessitatem,
3812 5303 4142 5416 Sacramen-

2215 5447 2422 5523 primo
2474 5449 2894 5525 personalem
2943 5451 3266 5530 cujusque
3313 5455 3569 5514 servata
3612 5467 3766 5530 pro·
3813 5430 4105 5541 ⁸P⁶⁰ffi¹¹u²

2213 5567 2515 5642 portione
2547 5562 2633 5628 ad
2661 5567 2857 5629 vitam
2894 5567 3288 5642 naturalem,
3332 5568 3400 5630 in
3448 5584 3580 5648 qua
3627 5567 3768 5648 pri·
3817 5555 4100 5607 necessita·
