4287 6313
1651 395 1852 457 msr.
1887 397 1937 458 1.
1997 395 2356 470 QUAEs'rio
2392 399 2436 459 1.
2510 379 2515 383 ’
3601 404 3674 467 81

464 558 546 626 de
587 560 838 626 ratione
903 559 1140 646 objecti
1203 559 1633 625 beatificantis
1693 571 1755 624 et
1823 558 2011 645 quie-

469 677 666 743 tantis
725 676 1078 763 potentiam
1122 676 1187 743 in
1229 675 1657 742 determinato
1698 687 1872 742 statu
1907 694 2015 739 na-

471 805 634 858 turae
702 814 908 880 purae,
981 813 1178 880 quem
1238 791 1451 859 solum
1527 791 2019 879 cognoscebant

471 907 873 995 Philosophi,
937 921 1008 975 ut
1050 920 1309 974 moveat
1348 907 1731 995 potentiam,
1776 907 1880 972 vel
1933 905 2021 972 sit

473 1022 758 1107 primum
817 1026 1170 1113 objectum,
1232 1024 1357 1090 hoc
1399 1023 1612 1090 modo,

559 1141 819 1220 Contra,
892 1151 1218 1227 repugnat
1278 1141 1608 1228 obJectum
1674 1160 1836 1225 pure
1892 1151 2019 1204 ter-

475 1255 886 1336 minativum,
933 1258 997 1321 in
1064 1278 1192 1344 quo
1249 1276 1378 1322 non
1430 1255 1793 1322 includitur
1853 1254 2020 1320 ratio

474 1371 728 1452 motivi,
793 1393 937 1438 esse
987 1373 1296 1459 potentiae
1375 1371 1842 1457 quietativum,
1906 1379 2021 1435 aut

470 1487 666 1554 etiam
710 1488 1184 1574 perfectivum;
1222 1487 1598 1575 exemplum
1639 1498 1738 1551 est
1777 1485 1844 1551 in
1884 1505 2021 1550 ore-

470 1614 678 1682 atura,
727 1616 797 1669 ut
843 1616 1214 1689 comparata
1272 1603 1349 1668 ad
1394 1602 1697 1667 divinum
1760 1599 2022 1664 intelle-

473 1730 678 1798 ctum,
726 1740 937 1807 neque
976 1740 1119 1785 eam
1153 1717 1431 1806 perficit,
1487 1737 1698 1804 neque
1742 1714 2018 1802 quietat.

473 1834 661 1901 Ratio
699 1836 1022 1922 assignari
1068 1836 1315 1923 nequit,
1382 1834 1509 1901 nisi
1553 1833 1704 1920 quia
1763 1852 1892 1896 non
1929 1830 2022 1894 in-

473 1951 679 2017 cludit
726 1953 1043 2019 rationem
1086 1951 1323 2040 objecti
1366 1950 1622 2028 motivi,
1673 1949 1769 2016 sic
1826 1947 2022 2014 etiam

181 2130 379 2173 nonest
477 2088 690 2154 neque
775 2069 1041 2155 quietat,
1137 2089 1347 2154 neque
1423 2066 1676 2153 perlicit
1758 2085 1872 2152 per
1954 2085 2024 2129 se

173 2187 398 2297 ffffiti·
473 2182 772 2250 beatifice
823 2183 1225 2251 intellectum
1271 2181 1464 2261 beati,
1510 2181 1661 2269 quia
1706 2201 1864 2266 pure
1896 2192 2022 2245 ter-

323 2288 335 2298 ’
475 2296 704 2376 minat,
768 2298 864 2365 sic
930 2299 1124 2364 etiam
1164 2298 1417 2385 objecta
1477 2294 1835 2361 materialia
1895 2314 2024 2359 non

473 2411 851 2499 perficiunt,
905 2434 1120 2503 neque
1163 2411 1506 2501 specifiant
1545 2422 1758 2478 actum
1802 2421 2027 2497 poten-

473 2531 622 2597 tiae.

569 2650 698 2714 Hoc
765 2646 1006 2715 clarius
1074 2658 1247 2734 patet
1310 2646 1378 2712 in
1435 2645 1797 2726 voluntate,
1879 2664 2028 2730 quae

479 2785 611 2830 non
653 2765 985 2852 quietatur
1028 2763 1151 2831 nisi
1193 2763 1259 2829 in
1303 2764 1500 2842 bono,
1540 2783 1752 2851 neque
1804 2761 1869 2827 in
1909 2759 2025 2824 ali-

153 2864 422 2976 namin
478 2902 611 2969 quo
678 2903 806 2948 uno
865 2880 1192 2968 quietatur
1261 2878 1578 2956 ultimate,
1647 2874 1775 2941 nisi
1847 2873 1913 2939 in
1946 2894 2021 2939 eo

181 2989 385 3041 infinito.
476 2998 651 3085 quod
674 2996 949 3063 includit
979 3009 1170 3063 totam
1207 2996 1520 3062 rationem
1554 2993 1703 3059 boni
1739 2991 1881 3058 sine
1908 2992 2023 3056 im-

477 3114 904 3203 perfectione,
949 3112 1015 3180 in
1045 3113 1234 3202 cujus
1268 3109 1685 3200 possessione
1714 3121 1778 3175 et
1808 3106 2029 3174 fruiti-

477 3252 603 3297 one
639 3241 853 3297 cessat
893 3241 1108 3296 motus
1149 3228 1252 3295 sui
1317 3226 1649 3315 appetitus
1717 3222 2027 3303 ordinati,

477 3347 631 3436 quia
671 3347 850 3414 nulla
899 3359 1000 3414 est
1032 3345 1194 3411 ratio
1246 3345 1428 3424 boni,
1472 3364 1622 3432 quae
1655 3343 1720 3408 in
1755 3341 1863 3408 tali
1903 3360 2030 3406 non

471 3464 895 3532 contineatur
962 3461 1338 3550 perfectius,
1405 3481 1600 3548 quam
1642 3459 1710 3524 in
1772 3456 2033 3544 propria

475 3579 724 3668 specie,
778 3598 856 3645 ac
921 3576 1193 3664 proinde
1272 3596 1483 3663 neque
1550 3573 1798 3662 aliquid
1861 3573 2032 3660 quod

477 3695 783 3762 ordinate
833 3693 1003 3761 ultra
1073 3692 1229 3760 illud
1297 3691 1513 3781 appeti
1582 3702 1824 3778 posset,
1890 3689 2034 3757 sine

478 3813 716 3879 ordine
763 3811 843 3877 ad
895 3810 1136 3897 ipsum.

574 3927 643 3994 Id
685 3938 860 4014 patet
910 3925 992 3992 de
1031 3924 1368 3992 intellectu
1411 3943 1445 3989 a
1486 3921 1714 4001 simili,
1751 3921 1893 3987 sive
1927 3921 2035 3987 ob-

473 4046 727 4132 jectum
762 4045 907 4132 ejus
938 4041 1022 4108 sit
1052 4062 1194 4119 ens,
1232 4039 1374 4106 sive
1403 4059 1658 4117 verum,
1709 4036 1869 4104 illud
1913 4038 2035 4104 erit

483 4159 792 4227 ultimum
861 4157 1292 4247 quietativum
1353 4155 1522 4241 ejus,
1589 4154 1761 4241 quod
1826 4154 2031 4244 inclu-

479 4278 583 4344 dit
616 4297 881 4344 omnem
930 4276 1243 4342 rationem
1277 4273 1472 4355 entiS,
1523 4284 1634 4340 aut
1689 4272 1855 4352 veri,
1891 4272 2037 4338 sine

484 4393 1008 4482 imperfectione,
1062 4403 1126 4458 et
1172 4412 1318 4458 cum
1370 4389 1544 4455 omni
1589 4387 2029 4476 perfectione:

481 4531 649 4597 ergo
725 4510 918 4576 debet
984 4505 1316 4574 includere
1393 4505 1710 4572 rationem
1779 4503 2029 4570 motivi.

173 4640 440 4713 Propertio
484 4630 669 4693 Patet
707 4623 1198 4712 consequentia,
1246 4621 1422 4708 quia,
1469 4632 1538 4687 ut
1578 4632 1752 4707 patet
1793 4640 1875 4686 ex
1914 4623 2034 4686 Do-

202 4701 380 4815 &02⁶3
483 4756 669 4810 ctore
697 4751 926 4827 quoesl.
965 4742 1030 4804 2.
1080 4738 1369 4824 proloyi,
1426 4736 1758 4823 proportio
1790 4735 2030 4822 objecti

149 4824 450 4943 affine-
484 4855 570 4922 ad
619 4854 1023 4922 intellectum
1075 4864 1174 4919 est
1224 4852 1453 4918 motivi
1502 4851 1579 4918 ad
1625 4850 1902 4929 mobile;
1939 4873 2036 4917 er·

484 4994 576 5060 go
619 4971 780 5039 illud
813 4970 917 5038 cui
950 4980 1271 5055 repugnat
1306 4989 1571 5034 movere
1605 4966 2030 5046 intellectum,

486 5089 721 5176 nequit
788 5109 937 5155 esse
977 5085 1410 5174 quietativum
1470 5084 1613 5170 ejus
1680 5082 2039 5149 secundum

487 5204 990 5271 inclinationem
1052 5199 1442 5280 naturalem,
1500 5197 1652 5286 quia
1711 5218 2040 5284 nunquam

488 5333 707 5408 potest
774 5318 1057 5386 educere
1096 5318 1302 5403 ipsam
1376 5314 1456 5381 de
1504 5313 1790 5401 potentia
1838 5314 1915 5380 ad
1977 5336 2042 5380 a·

485 5452 666 5505 ctum
709 5458 783 5504 se
833 5436 1005 5522 ipSO,
1052 5455 1125 5501 ac
1167 5431 1439 5522 proinde
1497 5452 1627 5497 non
1693 5430 2046 5497 inclinatur

490 5553 783 5642 potentia
812 5550 894 5618 ad
921 5549 1164 5638 ipsum,
1189 5548 1316 5615 nisi
1363 5548 1431 5613 in
1453 5547 1695 5613 virtute
1725 5546 1826 5613 sui
1850 5547 2043 5634 primi

629 5669 778 5720 Tom.
812 5664 964 5720 XVI.

151 1157 415 1333 Ιωῑῖὲτέουα-

209 1938 340 2007 Mero
378 1999 390 2008 ·

152 2004 418 2049 tet-mman-

227 2076 341 2111 mm

169 2737 406 2813 Voluntas

177 2809 376 2864 quiesctt

162 3961 286 4010 aaa
311 3965 392 4010 at

247 4023 311 4071 de

148 4085 419 4139 intestata.

2132 561 2385 641 motivi,
2427 563 2598 650 quod
2649 585 2765 649 per
2793 585 2863 630 se
2898 566 3207 652 respicit3
3253 566 3328 633 ad
3366 588 3527 654 pure
3556 586 3670 633 au-

2127 690 2257 743 tem
2288 680 2777 747 terminativum
2822 682 3199 761 inclinatur,
3238 695 3306 749 ut
3340 684 3674 750 reducitur

2129 793 2348 882 aliquo
2381 796 2570 862 modo
2611 797 2689 863 ad
2738 819 2929 864 suum
2965 799 3313 866 motivum.

2218 908 2379 983 Quia
2431 912 2627 976 motio
2667 913 2899 1000 objecti
2949 926 3250 1000 respectu
3309 914 3674 981 intellectus
3743 930 3990 981 Motivum

2130 1035 2229 1087 est
2278 1025 2616 1104 naturaliS,
2666 1040 2893 1092 natura
2943 1041 3161 1094 autem
3197 1029 3407 1114 primo
3450 1029 3669 1095 inten-
3724 994 4003 1106 azlssitr‘r'ffiffe

2131 1139 2225 1205 dit
2262 1140 2627 1207 assimilare
2666 1143 2788 1208 sibi
2831 1164 3092 1229 passum
3127 1145 3408 1231 perfecte
3442 1144 3679 1210 forma·
3710 1119 4022 1231 inteiigltum

2133 1256 2304 1335 liter,
2349 1258 2404 1324 si
2450 1271 2694 1343 potest3
2742 1260 3109 1326 virtualiter
3149 1273 3365 1327 autem
3415 1260 3679 1328 assimi-
3769 1242 3961 1309 primo.

2132 1371 2266 1437 lare
2305 1373 2688 1439 secundario
2720 1374 3019 1442 intendit.
3057 1376 3422 1443 Intellectio
3462 1387 3679 1442 autem

2130 1485 2338 1571 ipsius
2396 1489 2630 1574 objecti
2704 1490 2995 1555 formalis
3077 1491 3301 1557 motivi
3388 1504 3489 1558 est
3565 1511 3672 1557 as-

2135 1598 2441 1665 similatio
2474 1600 2786 1681 formalis,
2831 1603 3098 1670 alterius
3146 1616 3360 1669 autem
3403 1604 3483 1670 ab
3532 1604 3682 1688 ipso

2135 1728 2233 1781 est
2272 1716 2572 1782 virtualis
2620 1730 2895 1800 tantum,
2951 1719 3063 1786 sed
3115 1719 3290 1806 passi
3346 1720 3683 1787 inclinatio

2135 1832 2431 1919 sequitur
2494 1834 2976 1902 inclinationem
3045 1837 3325 1902 activam
3394 1836 3676 1923 agentis,

2138 1948 2464 2014 mediante
2513 1970 2638 2035 qua
2701 1950 3034 2017 reducitur
3085 1952 3160 2017 ad
3210 1966 3469 2032 actum;
3525 1972 3682 2039 ergo

2136 2083 2250 2148 per
2314 2085 2385 2129 se
2419 2065 2626 2151 primo
2660 2065 3010 2132 inclinatur
3040 2067 3119 2132 ad
3146 2068 3448 2146 formam,
3486 2089 3679 2155 quam
3740 2104 4006 2158 Inclinatio

2139 2200 2254 2264 per
2327 2202 2399 2245 se
2449 2181 2657 2266 primo
2727 2182 3005 2250 intendit
3072 2204 3310 2270 agens;
3377 2183 3521 2249 haec
3568 2204 3681 2249 au·
3778 2171 3967 2233 passivi

3756 2234 3984 2307 sequitur

2139 2307 2269 2361 tem
2321 2309 2420 2363 est
2477 2299 2860 2365 assimilatio
2917 2301 3232 2379 formalis,
3289 2299 3439 2386 quia
3488 2320 3682 2366 omne
3734 2293 4015 2407 incssssffim‘

2139 2433 2369 2498 agens,
2417 2416 2583 2502 quod
2628 2437 2757 2481 non
2812 2417 2949 2503 agit
2990 2417 3054 2482 in
3100 2416 3343 2483 virtute
3380 2417 3675 2498 alteriuS,
3782 2418 3963 2473 activi.

2141 2530 2368 2616 nequit
2464 2532 2706 2597 habere
2794 2531 3095 2598 effectum
3206 2531 3679 2617 perfectiorem,

2141 2665 2333 2730 quam
2387 2646 2472 2711 sit
2512 2668 2625 2731 per
2668 2647 2965 2721 formam,
3017 2647 3083 2712 in
3139 2669 3263 2734 qua
3326 2646 3535 2734 magis
3585 2646 3686 2712 ef-

2145 2761 2350 2828 fectus
2398 2762 2795 2828 assimilatur
2865 2764 2986 2849 ipsi
3036 2763 3282 2850 agenti,
3356 2762 3506 2850 quia
3569 2783 3689 2828 nec

2149 2882 2341 2957 DeuS,
2397 2899 2607 2966 neque
2644 2879 2889 2967 aliquid
2945 2879 3145 2954 aliud,
3206 2890 3420 2966 potest
3468 2877 3684 2945 conti·
3814 2957 3949 3006 Nihil

2149 3015 2302 3060 nere
2332 2996 2696 3062 eminenter
2727 2996 2995 3084 aliquid,
3041 2996 3213 3084 quod
3245 2995 3500 3063 excedit
3535 3016 3687 3082 pro·
3760 3019 3990 3092 continet

2146 3109 2351 3195 priam
2388 3109 2696 3191 formam;
2748 3131 2869 3178 nec
2909 3111 3299 3192 virtualiter,
3350 3111 3496 3199 quia
3540 3111 3687 3178 haec
3720 3082 4001 3198 emssfflx‘tier

2146 3228 2540 3293 continentia
2583 3229 2892 3294 convenit
2949 3228 3041 3293 illi
3085 3227 3334 3294 ratione
3384 3227 3688 3315 perfecti·
3717 3212 4035 3334 virttffititer,

2148 3345 2318 3425 oniS,
2355 3366 2551 3433 quam
2582 3347 2735 3412 dicit
2762 3346 3124 3413 formaliter
3154 3367 3236 3413 ex
3275 3367 3392 3412 sua
3426 3345 3689 3432 propria
3748 3333 4004 3461 prggg‘jm

2147 3462 2378 3543 forma,
2424 3484 2536 3550 per
2578 3484 2771 3551 quam
2812 3463 3053 3530 dicitur
3091 3463 3188 3530 sic
3227 3462 3560 3531 includere
3592 3484 3689 3529 re·
3764 3461 3987 3573 ἑζὲῐέὢῗῑ

2143 3579 2347 3667 liqua.

2235 3698 2418 3764 Unde
2474 3699 2771 3786 sequitur
2826 3699 3070 3766 veritas
3118 3697 3294 3765 illius
3355 3696 3685 3776 maximae,

2147 3834 2342 3901 quam
2393 3814 2654 3881 adducit
2704 3818 2958 3894 Doctor,
3016 3814 3188 3902 quod
3238 3835 3429 3879 omne
3471 3813 3693 3900 objec-

2147 3939 2284 3993 tum
2322 3940 2602 3995 causans
2640 3930 3083 4016 coqnitionem
3130 3929 3433 4007 alterius,
3499 3928 3684 3993 debet

2146 4044 2509 4123 includere,
2586 4058 2707 4112 etc.
2784 4046 3082 4111 Essentia
3150 4056 3368 4110 autem
3452 4041 3689 4129 Angeli

2149 4184 2274 4228 non
2312 4163 2582 4229 includit
2611 4185 2870 4230 omnem
2905 4163 3220 4229 rationem
3256 4162 3449 4240 entis,
3482 4182 3692 4247 neque
3776 4162 4005 4227 Angelus

2146 4292 2404 4338 omnem
2445 4271 2759 4337 rationem
2807 4271 3033 4336 motivi
3076 4270 3449 4336 intellectus
3484 4269 3689 4335 virtu·
3771 4240 3989 4337 inffi‘c'tit

2146 4401 2232 4467 te,
2279 4399 2391 4454 aut
2437 4388 2834 4469 eminentem
2899 4409 3057 4475 ergo
3108 4388 3332 4473 nequit
3396 4406 3539 4451 esse
3578 4384 3690 4450 ob·
3722 4355 3885 4400 totum
3919 4365 4034 4404 ⁶¹¹⁸·

2141 4505 2387 4592 jectum
2440 4504 2722 4590 primum
2763 4516 2826 4570 et
2865 4503 3279 4589 adaequatum
3322 4500 3690 4567 intellectus

2149 4617 2440 4704 Angelici
2485 4618 2549 4683 in
2583 4618 2830 4683 ratione
2862 4616 3114 4695 motivi,
3159 4637 3238 4681 ex
3286 4613 3503 4680 dictis.

2238 4738 2356 4799 Per
2407 4734 2527 4798 hoc
2559 4743 2729 4818 patet
2760 4733 2954 4798 etiam
2996 4732 3074 4797 ad
3109 4731 3486 4796 instantiam
3529 4730 3690 4795 alla-
3843 4744 3931 4794 95.

2150 4861 2279 4915 tam
2333 4848 2411 4915 de
2468 4849 2869 4915 beatitudine
2931 4849 3204 4914 naturali
3260 4847 3518 4934 Angeli,
3569 4848 3691 4912 ho-
3737 4810 4017 4917 Resggnsno

2154 4965 2349 5033 minis
2390 4977 2500 5032 aut
2531 4965 2769 5032 animae
2818 4980 3158 5051 separatae,
3197 4964 3347 5052 quia
3398 4964 3451 5029 si
3487 4962 3694 5028 seclu-
3730 4929 4027 5044 insuggiam

2152 5080 2385 5148 damus
2451 5081 2667 5147 omnia
2729 5080 2971 5147 auxilia
3038 5081 3405 5147 extrinseca
3454 5081 3533 5145 ab
3572 5077 3698 5144 hoc
3725 5054 4039 5171 bgaaffiffiiffe

2154 5211 2321 5265 statu
2355 5197 2552 5284 (quod
2632 5209 2850 5262 tamen
2911 5195 3052 5263 fleri
3097 5197 3347 5282 nequit,
3393 5206 3462 5261 ut
3503 5196 3698 5277 infra

2160 5314 2691 5401 monstrabimus)
2729 5326 2966 5401 praeter
3005 5313 3317 5380 virtutem
3352 5330 3697 5378 causarum

2160 5429 2574 5510 naturalium,
2657 5442 2720 5496 et
2795 5451 3187 5497 concursum
3254 5429 3348 5496 eis
3405 5425 3699 5493 debitum

2161 5544 2503 5628 actualem,
2581 5557 2645 5612 et
2710 5546 3067 5612 secundum
3131 5544 3434 5614 virtutem
3516 5541 3705 5607 inna-

3509 5657 3541 5707 6
