4287 6313
1721 428 1922 490 Dts'r.
1973 429 2075 490 111.
2122 428 2483 503 QUAES'HO
2515 430 2590 492 11.

485 591 694 664 bium,
795 592 947 671 quia
998 608 1194 653 nemo
1229 591 1552 671 antiquior
1602 591 1786 654 dictis
1831 593 2034 654 Scho-

489 708 761 782 lasticiS,
796 707 866 771 id
910 708 1106 779 dixit;
1140 709 1435 771 secundo
1485 709 1635 787 quia
1686 724 1820 771 non
1866 708 2038 770 colli·

491 824 666 904 gitur
735 841 816 886 ex
887 829 1091 900 textu,
1141 824 1504 888 Corinthios
1558 824 1761 888 fuisse
1834 826 1900 886 in
1960 841 2039 889 eo

493 958 740 1016 errore,
776 944 962 1021 quasi
990 945 1298 1006 virtutem
1328 943 1638 1021 Baptismi
1679 943 2043 1004 tribuerent

492 1061 824 1134 ministriS,
892 1060 1013 1122 sed
1098 1065 1346 1123 tantum
1399 1061 1714 1139 gloriatos
1760 1074 1909 1121 esse
1956 1057 2039 1120 de

491 1178 821 1257 magistris
864 1180 998 1240 suis
1067 1181 1133 1240 in
1198 1179 1370 1252 fide;
1419 1178 1638 1240 nullus
1694 1183 1914 1241 autem
1962 1197 2043 1242 ex

491 1295 1096 1372 interpretantibus»,
1131 1298 1268 1358 sive
1302 1295 1558 1367 Graecis,
1606 1298 1743 1359 sive
1778 1296 2040 1368 LatiniS,

497 1391 700 1474 docet
739 1427 853 1473 eos
897 1410 1098 1473 fuisse
1144 1413 1208 1472 in
1238 1410 1345 1472 illo
1392 1427 1641 1473 errore.

261 1527 338 1579 13·
577 1525 888 1589 Caeterum
963 1528 1248 1591 tenenda
1308 1534 1408 1590 est
1475 1529 1798 1591 sententia
1845 1528 2044 1589 Scho-

167 1588 439 1639 Sententia

165 1653 444 1702 Schotasn-
495 1642 890 1717 lasticorum,
938 1660 1135 1722 quam
1191 1643 1369 1720 apud
1407 1644 1745 1707 historicos
1791 1642 2043 1705 Graecos

175 1731 414 1827 20⁰1?ssssss
493 1759 768 1836 reperiri
812 1759 1006 1824 docet
1047 1759 1387 1824 Cornelius
1442 1775 1479 1820 a
1551 1759 1815 1838 Lapide,
1871 1775 2043 1820 eam-

163 1841 434 1954 C⁰f¹2⁰¹¹¹¹⁸
496 1870 786 1951 demque
841 1889 1102 1936 causam
1166 1874 1604 1952 exprimendae
1659 1873 1754 1936 sic
1812 1873 2039 1950 formae

188 1968 399 2032 “⁹³⁶2
490 1988 922 2067 baptismaliS,
973 2009 1106 2054 non
1165 2008 1479 2070 expressa
1529 2007 1813 2071 persona
1858 1992 2039 2053 mini·

486 2106 634 2178 stri,
728 2109 922 2170 simul
995 2125 1142 2171 cum
1225 2110 1351 2170 alia
1431 2109 1685 2185 haeresi,
1761 2126 1905 2189 quae
1973 2112 2041 2171 in

495 2219 759 2284 Oriente
807 2226 1099 2304 contigit,
1175 2242 1317 2304 quae
1369 2228 1694 2307 majorem
1760 2225 2040 2288 fructum

490 2342 802 2419 Baptismi
847 2359 884 2404 a
935 2343 1188 2405 meliori
1234 2344 1527 2406 ministro
1574 2344 1714 2407 dari
1760 2350 2034 2409 conten-

496 2456 721 2533 debat,
763 2455 969 2522 fuisse
1003 2457 1197 2521 docet
1223 2460 1454 2522 Petrus
1496 2460 1817 2523 Arcudius
1861 2461 2037 2523 Grae-

211 2566 402 2617 ¹²0²?OE
499 2592 614 2636 cus
665 2575 780 2636 lib.
819 2577 874 2636 l.
906 2578 986 2639 de
1013 2578 1362 2652 Baptismo,
1399 2594 1541 2654 cap.
1578 2579 1641 2639 8.

170 2632 446 2782 *⁴3:3le
575 2693 838 2755 Eri-asse
869 2698 1091 2755 autem
1133 2693 1500 2756 Corinthios
1551 2695 1719 2756 circa
1778 2696 2036 2773 Baptis-

159 2780 455 2896 ffissssssim
497 2824 701 2882 mum,
777 2815 877 2871 est
919 2826 1227 2890 expressa
1280 2811 1609 2872 sententia
1666 2811 2036 2890 Augustini,

144 2905 468 3033 Bgfflffi
497 2925 610 2986 lib.
659 2927 736 2986 de
785 2925 973 2988 unico
1023 2928 1353 3004 Baptisma
1409 2944 1552 3002 cap.
1621 2929 1684 2992 5.
1736 2933 2038 3005 tempore

496 3050 983 3128 Apostolorum,
1035 3053 1150 3128 qui
1175 3051 1467 3113 dicebant
1514 3071 1529 3112 ε
1590 3056 1725 3128 Ερο
1780 3053 2041 3127 quidem

494 3182 640 3228 sum
681 3166 891 3240 Pauli,
952 3173 1080 3229 etc.
1130 3170 1420 3244 quamvis
1475 3184 1601 3229 non
1642 3185 1760 3243 per
1812 3171 2038 3245 impio·

492 3298 668 3354 rum,
714 3285 828 3345 sed
867 3288 1260 3346 Sanctarum
1316 3287 1599 3357 nomina,
1633 3285 1763 3361 ipsi
1820 3288 2040 3345 tamen

489 3398 700 3472 impia
745 3397 1085 3459 schismata
1173 3397 1528 3472 faciebant,
1584 3399 1703 3459 hoc
1749 3400 2041 3475 ipsorum

491 3519 633 3572 erat
705 3513 1072 3575 detestabile
1134 3515 1379 3586 vitium,
1456 3518 1586 3576 etc.
1660 3516 1819 3578 Vide
1890 3531 2037 3593 quae

490 3633 883 3704 sequuntur,
921 3633 987 3689 et
1018 3645 1163 3706 cap.
1201 3630 1298 3690 ll.
1329 3631 1456 3691 Nec
1500 3629 1650 3691 illos
1679 3631 2040 3692 Corinthios

493 3733 784 3795 arbitror
818 3751 974 3811 quos
1003 3737 1073 3796 in
1118 3736 1469 3797 schismata
1525 3736 1878 3799 dissiluisse
1932 3754 2032 3798 re-

491 3841 776 3917 darquit,
810 3855 1035 3902 veram
1085 3842 1282 3917 sidem
1332 3842 1630 3905 habuisse
1657 3847 1833 3919 quod
1863 3846 2029 3906 dice·

491 3957 642 4018 bant
671 3977 693 4017 .·
741 3960 878 4034 ,890
919 3973 1063 4019 sum
1104 3958 1304 4020 Pauli
1320 3981 1340 4033 ‚·
1392 3960 1513 4020 hoc
1567 3963 1736 4020 enim
1791 3960 2039 4035 falsum

492 4078 1104 4147 erat,verumtamen
1135 4078 1534 4152 Baptismum
1576 4075 1910 4150 habebant,
1955 4094 2039 4138 ex

491 4191 676 4266 cujus
715 4192 1004 4263 veritate,
1067 4198 1133 4253 ut
1177 4193 1369 4252 istam
1395 4194 1793 4268 corriperent
1842 4193 2038 4268 falsi-

487 4310 709 4381 tatem,
740 4306 822 4365 ab
863 4322 936 4367 eo
995 4307 1131 4383 ipso
1161 4309 1478 4369 audiunt:
1508 4310 1841 4385 Numquid
1866 4312 2037 4370 Pau-

489 4422 595 4484 lus
617 4438 738 4498 pro
782 4423 957 4482 vobis
986 4423 1340 4498 crucillccus
1378 4427 1520 4485 est?
1550 4430 1662 4485 aut
1707 4427 1770 4485 in
1827 4427 2032 4486 nami-

490 4554 571 4598 ne
612 4537 811 4598 Pauli
850 4538 1166 4615 baptizati
1190 4541 1392 4601 estis?
1427 4540 1589 4603 Dicit
1662 4544 1857 4602 etiam
1919 4557 2036 4602 eos

487 4652 798 4715 habuisse
872 4670 1182 4727 errorem,
1258 4655 1553 4733 quamvis
1635 4656 2039 4719 crediderint

490 4768 805 4831 Christum
831 4770 1269 4832 resurrexisse
1296 4772 1462 4832 circa
1485 4775 2033 4834 resurrectionem

488 4889 924 4959 mortuorum,
957 4900 1152 4961 quem
1204 4884 1436 4947 Paulus
1496 4903 1578 4947 ex
1647 4889 2030 4948 resurrecti-

490 5015 620 5059 one
651 4998 879 5060 Christi
924 4998 1253 5062 confutat:
1292 5004 1371 5062 Si
1395 5003 1643 5063 mortui
1667 5019 1791 5066 non
1820 5019 2032 5063 resur·

486 5122 666 5192 qunt,
727 5133 929 5193 neque
961 5117 1255 5179 Christus
1289 5121 1676 5193 resurreoeit,
1714 5126 1840 5181 etc.
1871 5135 2036 5181 con-

487 5230 706 5293 futans
751 5248 1043 5293 errorem
1091 5250 1321 5294 eorum
1367 5251 1448 5295 ex
1505 5239 1802 5310 veritate,
1839 5252 2037 5314 quam

491 5350 759 5411 tenebat
800 5345 884 5410 de
915 5351 1399 5411 resurrectione
1430 5350 1680 5424 Christi,
1715 5353 1807 5412 sic
1840 5352 2037 5416 etiam

494 5482 779 5528 errorem
810 5463 896 5527 de
940 5466 1268 5544 Baptismo
1313 5466 1380 5528 in
1437 5470 1703 5529 nomine
1760 5470 2038 5533 ministri

495 5580 874 5656 confutavit,
968 5598 1051 5643 ex
1122 5583 1395 5645 veritate
1469 5581 1551 5644 de
1597 5586 1922 5662 Baptismo
1971 5590 2040 5650 in

633 5696 783 5749 Tom.
836 5696 973 5749 XVI.

3567 430 3686 493 289

2153 592 2413 652 nomine
2477 591 2710 654 Christi
2760 610 2775 664 ;
2822 582 2888 655 et
2916 595 3001 656 ita
3051 595 3278 656 statuit
3317 593 3697 657 faciendum

2154 724 2305 768 cum
2362 709 2526 781 aliis„
2561 716 2632 770 ut
2702 725 2779 769 ex
2842 711 3141 784 veritate,
3205 728 3396 791 quam
3446 718 3697 787 tenent,

2157 825 2518 903 corrigatur
2539 842 2722 887 error
2751 828 2818 887 in
2837 829 3002 903 aliiS,
3025 828 3365 891 adducens
3396 832 3698 910 exempla

2155 941 2237 1004 de
2281 942 2509 1005 Judaeo
2545 951 2611 1006 et
2643 945 2901 1008 Gentili.

2232 1062 2672 1134 Augustinum
2726 1067 3025 1143 sequitur
3054 1067 3287 1128 iisdem
3317 1068 3535 1131 verbis
3581 1069 3700 1129 Be·
3796 1065 3957 1180 3253·

2158 1173 2240 1236 da
2284 1179 2350 1237 in
2408 1179 2456 1237 Ι.
2506 1181 2593 1240 ad
2642 1182 2925 1242 Corinth.
2983 1184 3029 1242 1.
3088 1182 3370 1245 Eosdem
3444 1200 3698 1246 errasse
3725 1190 4029 1304 Ρὲἐὲιῶἳὶυιὲε.

2154 1294 2466 1369 supponit
2496 1293 2865 1369 primasius»,
2912 1296 3179 1372 ibidem,
3257 1299 3562 1362 Sedulius
3635 1304 3701 1362 in
4000 1294 4011 1306 ’

2153 1404 2314 1467 illud
2364 1426 2377 1466 ε
2442 1410 2702 1471 Gratias
2799 1428 2924 1489 ayo
2994 1415 3268 1475 Domino
3333 1418 3462 1476 Deo
3536 1431 3751 1497 meo,¹

2157 1522 2327 1594 quod
2344 1526 2661 1584 neminem
2682 1530 2963 1585 vestrum
2990 1526 3474 1603 baptizavi,etc.
3507 1531 3701 1591 Idcir-

2156 1655 2226 1698 co
2293 1640 2608 1701 neminem
2663 1649 2944 1704 vestrum
3000 1637 3365 1722 baptizavi,
3435 1662 3514 1706 ne
3555 1647 3701 1723 quis

2153 1772 2256 1817 me
2276 1764 2540 1832 putaret
2572 1761 2638 1821 in
2682 1777 2823 1822 meo
2854 1766 3110 1824 nomine
3150 1765 3533 1841 baptizasse,
3579 1766 3710 1825 nisi

2159 1875 2457 1949 Crispum
2546 1882 2601 1936 et
2693 1881 2946 1951 Caium,
2997 1881 3114 1956 qui
3164 1898 3228 1941 se
3284 1898 3409 1943 non
3488 1882 3703 1942 dicunt

2154 1989 2223 2049 in
2276 2005 2416 2051 meo
2487 1994 2740 2053 nomine
2822 1994 3200 2072 baptizatos,
3270 2004 3396 2058 etc.
3456 1997 3703 2059 Asserit

2154 2103 2589 2184 Hieronymus
2618 2107 2683 2169 in
2727 2108 3071 2186 epistolam
3129 2110 3213 2172 ad
3254 2111 3469 2173 Titum
3526 2127 3697 2173 asse·
3773 2109 3985 2221 ngrffi·

2152 2221 2362 2281 ruisse
2408 2237 2491 2281 ex
2525 2222 2649 2283 hac
2712 2229 3060 2288 occasione
3105 2226 3474 2288 ordinatum
3527 2242 3701 2303 esse,
3751 2189 4008 2284 Seaglius.

2154 2352 2238 2397 ne
2299 2337 2428 2399 duo
2470 2331 2772 2419 Episcopi
2828 2344 2954 2404 sint
3001 2344 3067 2404 in
3106 2342 3343 2405 eadem
3400 2345 3693 2419 civitate;

2153 2451 2275 2513 sed
2322 2460 2388 2515 et
2436 2455 2664 2517 Petrus
2706 2458 3108 2521 Lombardus
3149 2460 3217 2520 in
3273 2461 3406 2535 illa,
3461 2463 3703 2525 divisus
3752 2467 4019 2584 ngtgaurffl·

2154 2583 2242 2638 est
2277 2579 2565 2642 Christus
2584 2601 2604 2640 .·
2647 2583 2814 2643 Adeo
2863 2586 3057 2655 eni-m,
3104 2586 3338 2662 inquit,
3390 2587 3697 2648 errabant

2154 2695 2281 2767 isti,
2329 2703 2399 2757 ut
2421 2700 2715 2773 putarint
2742 2702 3032 2775 qratiam
3079 2703 3235 2764 dari
3286 2704 3367 2764 ab
3422 2704 3699 2777 homine,

2153 2826 2278 2870 non
2309 2813 2501 2888 quasi
2549 2816 2871 2891 ministra,
2922 2819 3035 2879 sed
3071 2822 3354 2904 auctore,
3379 2819 3479 2879 vet
3502 2825 3701 2896 puta-

2152 2916 2303 2977 bant
2335 2919 2659 2981 Christum
2702 2923 2764 2981 in
2822 2926 3149 2999 Baptismo
3190 2931 3403 3004 mayis
3443 2933 3709 3005 operari

2143 3051 2268 3110 per
2299 3036 2629 3099 meliorem
2662 3039 3030 3116 baptistam,
3063 3047 3121 3104 et
3166 3046 3378 3106 minus
3416 3063 3537 3121 per
3578 3048 3702 3107 mi·

2152 3168 2274 3213 nus
2302 3153 2577 3227 bonum;
2614 3159 2681 3216 et
2731 3152 2898 3218 infra
2949 3177 2962 3218 :
3049 3160 3451 3225 Vehementer
3512 3178 3699 3224 erra-

2153 3266 2304 3328 bant
2356 3271 2485 3339 isti,
2522 3273 2678 3347 quia
2717 3274 2881 3333 ostia
2926 3274 3056 3335 sibi
3094 3284 3332 3350 praeter
3373 3280 3696 3342 Christum

2153 3387 2636 3461 constituebant,
2694 3395 2751 3449 et
2790 3389 3221 3464 fundamenta
3265 3396 3553 3471 deversa,
3579 3402 3692 3460 etc.

2233 3500 2403 3575 Quin
2426 3504 2624 3562 etiam
2646 3502 3152 3580 chrysostomus
3172 3508 3349 3569 hom.
3377 3510 3436 3572 3.
3462 3513 3528 3571 in
3550 3511 3692 3576 illa:
3744 3506 4009 3575 chrysost.

2150 3621 2269 3677 Aut
2296 3620 2362 3678 in
2392 3622 2648 3682 nomine
2666 3637 2803 3683 meo
2826 3623 3143 3699 baptizati
3169 3629 3335 3701 estis,
3361 3647 3474 3691 nec
3493 3634 3696 3695 dixit.-

2149 3736 2465 3809 numquid
2547 3736 2794 3800 Paulus
2895 3742 3269 3818 baptizavit,
3352 3745 3701 3821 baptizavit

2149 3851 2319 3910 enim
2357 3850 2628 3927 multas;
2656 3856 2911 3916 sednon
2942 3864 3081 3919 erat
3123 3862 3194 3923 id
3241 3864 3415 3938 quod
3455 3880 3699 3940 quaere·

2152 3965 2371 4037 batur,
2422 3983 2464 4027 a
2504 3984 2784 4043 quonam
2815 3972 3128 4050 baptizati
3181 3982 3403 4051 essent,
3454 3983 3564 4042 sed
3634 3983 3700 4041 in

2151 4086 2339 4162 cujus
2360 4086 2613 4147 nomine
2633 4094 2825 4148 essent
2849 4089 3182 4167 baptizati,
3207 4109 3362 4155 nam
3395 4098 3704 4172 quoniam

2152 4201 2284 4263 haec
2334 4220 2582 4280 quoque
2623 4210 2764 4266 erat
2821 4222 3020 4269 causa
3072 4209 3453 4287 schismatis,
3517 4214 3695 4291 quod

2148 4325 2535 4381 vocarentur
2579 4320 2660 4379 ab
2715 4323 2816 4395 iis,
2875 4326 2991 4399 qui
3045 4324 3471 4401 baptizarent,
3552 4337 3683 4391 etc.

2151 4435 2460 4510 Quamvis
2489 4443 2715 4498 autem
2742 4440 2839 4501 his
2861 4440 3073 4502 verbis
3102 4456 3236 4503 non
3258 4445 3547 4506 insinuat
3570 4461 3685 4507 eos

2150 4549 2350 4614 fuisse
2384 4554 2451 4614 in
2481 4555 2588 4615 illo
2623 4572 2870 4629 errore,
2904 4555 3070 4618 infra
3116 4563 3336 4621 tamen
3380 4561 3535 4622 dicit
3579 4578 3687 4639 pe·

2147 4661 2424 4721 riculum
2470 4662 2614 4741 ejus
2648 4663 2874 4739 fuisse,
2935 4682 3089 4726 nam
3137 4669 3197 4727 si
3248 4685 3395 4729 cum
3446 4670 3604 4730 vites
3645 4677 3700 4732 et

2148 4778 2410 4854 abjecti,
2445 4786 2502 4840 et
2566 4784 2683 4856 qui
2712 4782 2959 4843 nultius
3012 4789 3150 4845 sunt
3201 4786 3702 4849 existimationis

2148 4896 2437 4959 homines
2480 4896 2904 4974 baptizarent,
2969 4906 3113 4961 orta
3176 4907 3264 4963 est
3308 4903 3599 4980 haeresis;
3653 4905 3721 4967 si

2151 5029 2272 5087 eqo
2305 5014 2420 5089 qui
2445 5016 2832 5077 annuntiavi
2870 5018 3272 5093 Baptismum
3320 5022 3555 5082 multos
3586 5022 3708 5083 ba·

2143 5132 2514 5205 ptizassem,
2546 5132 2897 5193 verisimile
2951 5140 3105 5194 esset
3134 5135 3437 5208 futurum
3472 5140 3677 5214 fuisse
3702 5201 3717 5229 ‚

2149 5251 2219 5306 ut
2254 5248 2708 5318 convenientes,
2739 5263 2865 5308 non
2908 5249 3119 5309 solum
3174 5252 3239 5311 in
3270 5270 3411 5313 meo
3438 5257 3704 5318 nomine

2149 5367 2554 5435 vocarentur,
2625 5365 2739 5424 sed
2793 5364 2958 5424 mihi
2995 5381 3249 5445 quoque
3310 5369 3703 5445 baptismum

2151 5476 2527 5550 tribuerent,
2562 5483 2687 5539 etc.

2234 5592 2366 5654 tloc
2465 5593 2679 5670 ipsum
2742 5594 3106 5672 periculum
3161 5596 3554 5673 sufficiebat,
3629 5607 3703 5665 ut

3485 5714 3544 5765 19
