4287 6313
1734 407 2175 475 DISTINC'I'IO
2236 409 2337 473 IV.

494 568 985 664 baptizatur,
1047 570 1318 645 omnia
1368 572 1922 646 condonentur
1960 573 2040 645 et

498 688 682 777 post
780 687 1292 782 Baptismum
1384 707 1574 761 mox
1661 687 2036 769 redeant;

497 800 631 873 sed
689 820 852 874 non
901 801 1051 875 hoc
1105 802 1540 875 asserendo
1589 800 1807 881 dicit,
1876 799 2039 871 imo

495 918 702 991 hanc
798 918 1261 1012 opinionem
1350 921 1429 992 et
1525 917 2041 1012 praemissam

497 1036 985 1109 sententiam
1044 1035 1554 1110 conferendo.
1629 1034 1766 1109 Ait
1825 1033 2041 1106 enim

495 1154 671 1228 sic:
722 1182 752 1217 «
810 1152 954 1226 His
1016 1153 1152 1246 qui
1209 1152 1403 1227 ficto
1473 1152 1712 1226 corde
1787 1150 2042 1245 bapti-

494 1277 810 1353 zantur,
900 1272 1040 1343 aut
1137 1273 1474 1362 peccata
1576 1268 2041 1344 nullatenus

492 1387 1043 1468 dimittuntur,
1138 1387 1325 1479 quia
1415 1389 1714 1476 Spiritus
1780 1397 2045 1455 sauctus

493 1508 873 1595 disciplinae
918 1507 1191 1592 effuqiet
1236 1506 1485 1588 fictum,
1551 1506 1693 1576 aut
1738 1502 1819 1575 in
1863 1502 2039 1596 ipso

497 1619 892 1713 temporis
946 1620 1242 1711 puncto
1318 1618 1690 1710 pervim
1758 1621 2044 1692 Sacra-

499 1738 749 1812 menti
834 1735 1192 1817 dimissa,
1266 1734 1565 1809 iterum
1624 1757 1770 1828 per
1838 1737 2045 1811 ficti-

500 1874 733 1927 onem
798 1853 1348 1947 replicantur;
1392 1858 1481 1928 ut
1540 1852 1789 1927 etiam
1851 1854 2041 1927 illud

144 2033 218 2083 Sa
261 2034 330 2083 '¹
413 2033 445 2082 5
496 1990 783 2044 verum
867 1970 972 2042 sit
1019 1994 1034 2038 ε
1085 1973 1409 2058 Quotquot
1467 1975 1541 2040 in
1604 1973 1870 2039 Christo
1928 1973 2044 2038 ba-

148 2072 741 2210 ῦῶιὲἶὶἓὸᾗριίεατί
796 2091 974 2168 estis,
1040 2091 1191 2159 etc·
1244 2088 1322 2159 et
1399 2085 1590 2158 illud
1654 2111 1668 2155 :
1744 2089 2043 2176 Spiritus

145 2221 232 2273 34.
314 2196 326 2209 ’
437 2197 762 2272 ‘sanctus
826 2205 1208 2292 disciplinoe
1270 2207 1545 2291 effuqiet
1608 2207 1876 2288 fletuum
1952 2207 2042 2276 ut

496 2319 771 2393 induat
865 2339 1050 2391 eum
1141 2316 1559 2392 Christum
1647 2318 2039 2392 sanctitas

490 2434 923 2528 Baptismi,
1004 2439 1252 2507 exuat
1345 2454 1529 2506 eum
1620 2432 2039 2508 Christum

493 2552 896 2647 pernicies
929 2550 1309 2624 fictionis.
1366 2552 1575 2623 Nam
1621 2550 1884 2623 redire
1935 2550 2039 2622 di-

493 2669 744 2743 missa
815 2671 1173 2762 peccata,
1241 2667 1371 2740 ubi
1417 2668 1787 2740 fraterna
1859 2665 2041 2739 cha-

500 2787 706 2859 ritas
792 2806 950 2857 non
1030 2789 1179 2865 est,
1263 2789 1544 2877 aperte
1643 2784 2041 2858 Dominus

490 2905 720 2976 docet
776 2902 856 2974 in
889 2902 1029 2974 illo
1074 2921 1342 2982 servo,
1380 2920 1427 2972 a
1470 2920 1625 2992 quo
1666 2900 2039 2972 dominus

490 3019 912 3094 dimissum
958 3017 1312 3091 debitum
1358 3015 1615 3108 petiit,
1663 3017 1850 3109 quia
1904 3016 2038 3088 ille

492 3155 884 3210 conservo
932 3133 1345 3208 dimittere
1392 3132 1681 3207 noluit.
1717 3133 1846 3209 Sic
1879 3153 2039 3206 non

498 3251 937 3346 impeditur
1004 3250 1404 3342 Baptismi
1472 3250 1770 3342 gratia,
1853 3272 2041 3343 quo-

495 3368 760 3441 minus
799 3366 1070 3439 omnia
1115 3371 1449 3458 peccata
1487 3365 2035 3449 dimittantur,

489 3485 736 3558 etiam
800 3485 867 3556 si
924 3484 1383 3573 fraternum
1432 3483 1698 3556 odium
1742 3484 1820 3555 in
1863 3484 2040 3576 ejus

492 3602 622 3675 cui
660 3601 1189 3675 dimittuntur
1222 3599 1495 3671 animo
1533 3605 2036 3693 perseverat.

492 3720 858 3794 Solvitur
923 3716 1139 3791 enim
1205 3717 1640 3790 hesternus
1702 3717 1896 3802 dies,
1959 3720 2038 3791 et

493 3836 867 3928 quidquid
929 3835 1347 3926 superest;
1394 3833 1750 3907 solvitur
1787 3834 2038 3906 etiam

490 3953 668 4045 ipsa
709 3951 915 4024 hora
966 3953 1625 4043 momentumque
1658 3954 1845 4025 ante
1885 3952 2037 4023 Ba-

496 4070 882 4164 ptismum
915 4071 995 4142 et
1039 4068 1117 4139 in
1157 4068 1603 4160 Baptismo.
1639 4070 2036 4162 Deinceps

492 4192 764 4261 autem
807 4185 1195 4259 continuo
1250 4205 1435 4257 reus
1486 4205 1664 4258 esse
1723 4183 2032 4278 incipit,

490 4323 651 4375 non
701 4302 964 4375 solum
1024 4300 1719 4393 consequentium,
1784 4302 1917 4374 sed
1957 4305 2035 4375 et

492 4419 1114 4515 praeteritorum
1197 4417 1536 4500 dierum,
1608 4417 2032 4499 horarum,

494 4538 1125 4617 momentorum,
1192 4532 1708 4606 redeuntibus
1781 4532 2036 4606 omni-

489 4656 664 4736 buS,
712 4674 886 4745 quae
935 4652 1271 4727 dimissa
1318 4653 1505 4724 sunt
1559 4680 1617 4720 ».
1669 4653 1840 4723 Hoc
1901 4671 2031 4722 au-

489 4774 682 4853 tem,
748 4773 833 4844 ut
887 4768 1435 4863 praediximus,
1500 4788 1660 4840 non
1712 4767 1857 4840 sub
1914 4787 2036 4839 as-

494 4887 854 4961 sertione
902 4885 1149 4965 dixit;
1188 4885 1392 4977 quod
1428 4885 1886 4957 ostenditur
1936 4903 2035 4955 ex

292 5093 303 5103 ⁴
354 5096 357 5099 Ι
492 5023 586 5076 eo
639 5002 844 5095 quod
904 5000 1019 5073 ait
1070 5005 1144 5069 in
1202 5001 1427 5067 eodem
1469 5002 1638 5070 libro
1698 4999 1838 5072 sic.
1880 5030 1907 5062 «
1956 4998 2037 5073 Si

213 5096 405 5208 ζ’)’ἳζὲζ
495 5121 588 5191 ad
654 5118 1168 5210 Baptismum
1234 5116 1472 5189 fictus
1533 5116 1866 5198 accedit,
1928 5116 2039 5190 di-

144 5221 466 5333 ἓζῇοἳῗθξζζ
502 5235 751 5307 missa
829 5238 1016 5307 sunt
1074 5232 1147 5306 ei
1216 5235 1574 5325 peccata,
1654 5237 1797 5306 aut
1880 5252 2037 5304 non

144 5345 476 5469 ξυζζῗωέξξζὸ
500 5358 686 5425 sunt
751 5350 1130 5434 dimissa3
1201 5350 1509 5440 eligant
1563 5349 1766 5440 quod
1820 5349 2041 5421 volu-

498 5468 714 5543 erint
758 5496 816 5539 ».
864 5470 1068 5540 Ecce
1117 5470 1401 5560 aperte
1461 5465 1755 5545 cernis,
1802 5465 1870 5538 si
1919 5470 2041 5539 ta-

240 5473 381 5522 nied.

143 5531 475 5647 maazia
499 5604 679 5672 men
718 5584 1094 5666 attendis,
1167 5583 1241 5658 id
1306 5582 1606 5663 dixisse
1664 5581 2043 5676 Augusti-

3581 401 3720 469 377„

2151 589 2344 642 num
2379 589 2541 643 non
2590 569 3055 655 asserend0,
3100 569 3232 641 sed
3267 567 3696 661 quaerendo
3755 591 4024 645 attane

2154 691 2235 759 et
2285 686 2642 759 aliorum
2722 686 3186 780 opinionem
3255 657 4042 771 referend0.n,}ssi¹3{,5·3‚

2158 801 2372 874 Idem
2432 801 2645 874 enim
2696 802 2813 875 ait
2867 828 2881 870 ε
2932 831 2960 865 α
3006 804 3224 875 Tunc
3262 800 3539 873 valere
3588 798 3702 870 in·

2156 919 2356 1011 cipit
2397 919 2492 991 ad
2551 918 2896 992 salutem
2957 918 3453 1009 Baptismus,
3516 933 3701 988 cum

2157 1036 2300 1109 illa
2374 1037 2593 1112 fictio
2666 1035 2942 1108 veraci
3010 1032 3522 1108 confessione
3588 1051 3707 1103 re-

2156 1153 2524 1235 cesserit,
2617 1172 2817 1245 quae,
2916 1153 3154 1225 corde
3233 1151 3313 1223 in
3391 1146 3709 1222 malitia

2157 1271 2760 1363 perseverante,
2823 1268 3351 1359 peccatorum
3413 1261 3705 1335 abluti-

2160 1405 2392 1459 onem
2424 1405 2584 1457 non
2628 1382 2939 1456 sinebat
2990 1381 3168 1454 fieri
3206 1410 3264 1450 ».
3309 1382 3493 1452 Non
3522 1378 3708 1454 ficte

2155 1502 2562 1577 accedenti
2597 1505 2931 1595 peccata
2962 1498 3513 1573 dimittuntur.

2162 1686 2501 1764 Quomodo
2566 1685 2993 1771 intelliqatur
3055 1681 3232 1748 illud
3290 1707 3313 1748 .·
3377 1682 3706 1767 Quotquot

2244 1806 2320 1870 in
2390 1804 2657 1869 Christo
2723 1802 3048 1888 baptizati
3110 1801 3288 1879 estis,
3363 1799 3704 1864 Christum

2244 1921 2588 1988 induistis.

2248 2090 2662 2174 Quaeritur
2727 2106 2952 2178 erg0,
3045 2082 3442 2177 quomodo
3511 2080 3703 2154 illud

2157 2208 2614 2301 accipiatur
2659 2230 2673 2273 ε
2742 2210 3066 2292 Quotquot
3114 2205 3188 2270 in
3260 2204 3526 2270 Christo
3584 2200 3700 2266 ba-
3747 2173 4037 2288 nimian„

2148 2331 2395 2419 ptizati
2425 2329 2602 2406 estis,
2642 2326 2982 2391 Christum
3013 2320 3384 2388 induistis?
3417 2318 3699 2390 Potest
3729 2299 4046 2416 Βξῗὲῖῑξῗᾋ,

2153 2442 2330 2524 dici,
2375 2441 2581 2534 quod
2624 2439 2754 2532 qui
2801 2438 2881 2510 in
2920 2436 3278 2519 Christo,
3327 2435 3399 2508 id
3431 2437 3580 2517 est,
3617 2433 3699 2505 in
3728 2425 4045 2554 EX3&.⁴'11{‘⁹1'

2154 2558 2461 2635 Christi
2494 2554 3097 2634 conformitate,
3150 2552 3695 2645 baptizantur,
3757 2555 3819 2605 de
3873 2555 4024 2618 Bapt-

2153 2680 2241 2748 ut
2303 2674 2614 2748 scilicet
2667 2670 3130 2744 moriantur
3190 2672 3505 2737 vetustati
3551 2692 3700 2759 pec·
3750 2625 4026 2732 ῡὲιῗὲιῑῗέ.

2151 2799 2306 2874 cati,
2381 2791 2590 2863 sicut
2660 2787 3035 2863 Christus
3093 2784 3487 2860 vetustati
3555 2804 3704 2877 poe·
3809 2758 3836 2792 ⁰
3888 2743 3968 2794 Ἃ

2152 2930 2300 2992 nae,
2356 2907 2693 2981 induunt
2753 2905 3196 2986 Christum,
3264 2922 3498 2995 quem
3562 2920 3708 2994 per

2153 3025 2511 3118 gratiam
2565 3020 3151 3095 inhabitantem
3192 3016 3510 3090 habent.
3567 3018 3707 3088 Po-

2153 3145 2314 3219 test
2372 3145 2454 3217 et
2515 3140 2761 3215 aliter
2803 3136 3009 3211 solvi
3055 3123 3447 3210 :Duobus
3489 3132 3704 3207 enim

2155 3258 2410 3332 modis
2455 3258 2784 3331 induere
2826 3254 3247 3330 Christum
3304 3250 3695 3324 dicimur:

2147 3376 2276 3448 vel
2335 3372 2895 3467 assumptione
2966 3367 3501 3448 Sacramenti,
3572 3365 3701 3439 vel

2150 3493 2271 3566 rei
2360 3489 2907 3584 perceptione.
3007 3486 3228 3559 Unde
3317 3482 3697 3577 Augusti·

2147 3631 2299 3682 nus
2344 3637 2358 3680 ε
2411 3636 2440 3672 α
2481 3607 2825 3679 Induunt
2864 3603 3231 3676 homines
3275 3600 3694 3677 Christum

2149 3724 2578 3818 aliquando
2657 3742 2907 3814 usque
2993 3721 3089 3793 ad
3186 3715 3694 3810 sacramenti

2152 3839 2787 3935 perceptionem,
2843 3835 3270 3929 aliquando
3308 3854 3557 3926 usque
3599 3832 3695 3904 ad

2151 3959 2341 4033 vitae
2375 3955 3153 4034 sanctificationem;
3202 3955 3445 4045 atque
3499 3949 3694 4024 illud

2152 4077 2511 4170 primum
2543 4073 2777 4147 bonis
2808 4075 2889 4146 et
2924 4069 3162 4143 malis
3216 4071 3486 4161 potest
3517 4089 3696 4140 esse

2152 4189 2601 4273 commune,
2680 4183 2830 4262 hoc
2920 4191 3195 4262 autem
3267 4184 3697 4279 proprium

2152 4309 2551 4382 bonorum
2600 4309 2724 4378 est
2765 4310 2847 4378 et
2889 4304 3216 4397 piorum
3280 4330 3339 4373 ».
3405 4304 3697 4377 Omnes

2150 4442 2376 4516 ergo,
2416 4423 2551 4515 qui
2592 4422 2675 4494 in
2728 4419 3038 4496 Christi
3078 4418 3403 4491 nomine
3441 4415 3698 4509 bapti-

2149 4545 2467 4622 zantur,
2531 4537 2949 4614 Christum
3012 4536 3347 4609 induunt
3411 4533 3540 4606 vel
3583 4554 3697 4606 se-

2151 4659 2494 4732 cundum
2647 4652 3160 4730 Sacramenti
3305 4649 3699 4744 percepti·

2153 4791 2411 4853 onem,
2474 4770 2601 4844 vel
2669 4769 3103 4843 secundum
3160 4766 3352 4842 vitae
3411 4767 3700 4841 sancti·

2150 4887 2641 4961 ficationem.

3726 3695 3949 3749 Dubium
3985 3697 4040 3751 ⁴.

2150 5061 2247 5126 De
2305 5061 2448 5127 illis
2490 5062 2605 5147 qui
2645 5060 3019 5146 suscipiunt
3066 5080 3207 5125 rem
3259 5068 3321 5125 et
3379 5079 3510 5126 nou
3570 5059 3695 5124 Sa-

2238 5187 2649 5243 cramentum
2715 5197 2830 5242 seu
2896 5175 3073 5264 quod
3143 5176 3369 5262 passio
3431 5176 3696 5262 supplet

2239 5296 2448 5360 vicem
2487 5293 2801 5380 baptismi
2838 5303 2899 5358 et
2945 5293 3114 5377 fides
3169 5303 3229 5358 et
3266 5294 3604 5359 contritio.

2242 5466 2443 5538 Sunt
2480 5466 2561 5537 et
2593 5462 2762 5545 alii,
2817 5465 2903 5536 ut
2947 5482 3197 5556 supra
3245 5462 3692 5556 posuimus,
3853 5510 3918 5563 D,

2156 5580 2289 5674 qui
2358 5578 2813 5673 suscipiunt
2877 5604 3020 5650 rem
3084 5584 3165 5656 et
3230 5599 3391 5653 non
3455 5583 3696 5652 Sacra·
