4287 6313
517 438 636 503 214

1703 424 1847 487 Lm.
1896 422 1997 484 lv.
2030 415 2627 483 SENTENTIARUM

511 603 682 672 erint
712 603 779 668 in
810 599 1113 677 termino,
1150 606 1214 663 et
1250 596 1375 661 hoc
1424 590 1595 672 ideo,
1644 608 1773 676 quo
1806 605 2069 653 omnem
2183 582 2294 661 tia,
2354 603 2501 669 quac
2576 592 2729 646 sunt
2806 598 3020 665 poenae
3068 574 3338 663 peccati,
3376 574 3442 640 in
3485 573 3726 660 quibus

513 735 754 790 statum
825 715 1304 803 experirentur.
1372 707 1532 774 Vide
1595 707 1811 793 ipsum
1880 705 1952 768 in
2001 705 2067 767 Ξ.

522 838 679 903 dist.
708 840 771 901 3.
801 842 1025 920 quoest.
1052 834 1111 895 1.
1148 839 1209 894 et
1242 837 1449 913 potest
1482 822 1651 890 sumi
1686 819 2076 887 fundamen-

521 967 677 1022 tum
720 952 918 1037 hujus
958 969 1038 1014 ex
1079 942 1449 1029 Augustino
1492 938 1849 1027 Iib.—1.jcle
1893 936 2062 1037 Gen.

523 1070 615 1137 ad
667 1070 959 1133 litteram
1007 1086 1151 1150 cap.
1208 1066 1270 1127 4.
1316 1064 1493 1126 Hanc
1538 1078 1698 1144 ergo
1747 1050 2081 1141 dispositi-

527 1207 722 1253 onem
782 1183 991 1273 potuit
1034 1180 1275 1248 habere
1334 1175 1773 1244 mediantibus
1820 1171 2077 1258 adjuto-

535 1308 652 1374 riis
691 1300 922 1391 gratiae
971 1296 1264 1364 actualiS.

183 1476 259 1527 Ex
294 1469 513 1521 linantur
621 1418 933 1500 Quamvis
1023 1426 1239 1482 autem
1342 1417 1563 1512 Patres
1673 1406 2080 1497 frequentius

292 1538 451 1585 atres.
537 1540 724 1608 aliter
772 1534 1139 1620 intelligant
1178 1531 1284 1598 illa
1333 1529 1532 1597 verba
1555 1526 1826 1594 Genesis
1879 1548 1893 1591 ε
1955 1525 2082 1591 Fa-

540 1658 794 1723 ciamus
830 1652 1159 1718 hominem
1189 1647 1279 1713 ad
1330 1645 1691 1731 imayinem
1730 1655 1790 1709 et
1839 1643 2082 1708 simili-

546 1772 844 1840 tudinem
873 1777 1193 1845 nostram,
1239 1773 1363 1829 etc.
1405 1781 1518 1847 per
1568 1760 1930 1845 imayinem
1984 1757 2084 1822 in-

546 1888 914 1974 telligentes
962 1894 1258 1949 naturam
1325 1891 1388 1947 et
1442 1876 1864 1965 capacitatem
1915 1877 2080 1963 ejus„

545 2026 658 2093 per
696 1999 1211 2068 similitudinem
1241 1996 1486 2063 donum
1531 2005 1594 2060 et
1633 1992 1934 2073 virtute8‚
1989 1990 2089 2055 in-

542 2119 751 2206 telligi
826 2127 1100 2203 possunt
1165 2112 1376 2202 quoad
1459 2107 2087 2178 consummationem

507 2234 784 2323 'operiS,
830 2252 978 2319 quae
1028 2242 1182 2297 tunc
1243 2228 1440 2295 finem
1498 2226 1769 2312 accepit,
1830 2225 2091 2312 quando

548 2355 746 2420 homo
788 2346 1031 2435 recepit
1068 2345 1349 2434 gratiam
1379 2357 1444 2411 et
1480 2344 1671 2425 dona,
1732 2363 1861 2408 non
1918 2341 2090 2430 quod

553 2465 749 2536 simul
797 2484 943 2531 cum
985 2474 1216 2529 natura
1254 2461 1472 2527 omnia
1514 2460 1646 2528 sint
1691 2459 1973 2547 perfecta
2027 2460 2094 2524 in

556 2582 961 2661 executione,
998 2578 1111 2646 sed
1163 2590 1413 2645 tantum
1467 2576 1825 2644 secundum
1886 2576 2095 2642 inten-

554 2700 797 2767 tionem
857 2717 1005 2785 quae
1053 2695 1425 2762 successive
1479 2694 1797 2781 completa
1832 2705 1953 2761 est.
2019 2697 2097 2760 Et

556 2815 860 2904 quamvis
909 2812 1317 2899 Augustinus
1386 2810 1708 2898 intelligat
1764 2810 2096 2876 hominem

559 2942 852 2999 creatum
903 2927 1107 2994 fuisse
1145 2928 1209 2992 in
1264 2927 1431 2993 bona
1474 2926 1835 3005 voluntate,
1889 2938 1951 2992 et
1998 2946 2093 2992 re-

557 3059 685 3128 cta,
728 3049 833 3112 14.
859 3044 1304 3130 decivit.cap.
1335 3047 1440 3108 11.
1477 3054 1540 3109 et
1570 3045 1678 3109 27.
1706 3044 1787 3108 de
1809 3052 2092 3127 corrept.

559 3175 618 3231 et
637 3163 865 3251 qratia
950 3182 1097 3249 cap.
1144 3164 1249 3228 10.
1288 3171 1352 3226 et
1394 3158 1799 3248 frequentius
1831 3181 1944 3247 per
1993 3161 2102 3226 bo-

563 3299 710 3346 nam
742 3278 1142 3344 voluntatem
1184 3272 1902 3363 intelligit'charitatem
1952 3298 2102 3344 con-

563 3409 660 3463 tra
701 3394 1106 3480 Pelagianos.

343 3521 423 3595 gs.
654 3505 1138 3592 Respondetur,
1177 3505 1468 3594 inquam,
1505 3506 1946 3595 Augustinum
1991 3529 2105 3596 per

220 3587 297 3638 Ex
327 3586 517 3714 ιιιιὲιῖξῗῗ
569 3626 804 3692 bonam
838 3621 1238 3688 voluntatem
1279 3634 1341 3687 et
1377 3621 1758 3693 charitatem
1800 3625 2103 3712 frequen-

566 3737 696 3803 tius
720 3736 1599 3824 intelligere,quemcumque
1623 3748 1836 3804 actum
1859 3738 2101 3805 bonum

571 3852 836 3919 virtutis
888 3852 1345 3939 procedentem
1394 3874 1430 3918 a
1471 3854 1706 3940 gratia,
1751 3867 1813 3921 et
1844 3856 2108 3944 adjuto-

576 3968 669 4035 rio
702 3967 985 4054 Spiritus
1024 3966 1259 4044 sancti,
1295 3967 1437 4033 sive
1484 3968 1570 4034 sit
1616 3983 1799 4037 actus
1831 3972 2106 4037 charita-

573 4084 682 4164 tis,
727 4095 838 4151 aut
889 4083 1316 4170 poeuitentiae,
1353 4085 1763 4154 autalterius
1813 4088 2102 4168 virtutiS,

576 4201 686 4289 qui
726 4211 908 4268 actus
940 4206 1110 4268 recte
1142 4201 1379 4269 dicitur
1408 4203 1691 4270 charitas
1715 4225 1829 4292 per
1859 4225 2112 4271 accom-

575 4317 1035 4399 modationem,
1090 4330 1410 4406 quatenus
1474 4321 1763 4406 procedit
1810 4322 1890 4387 ab
1929 4323 2110 4410 adju·

311 4438 472 4488 Actus
572 4438 737 4504 torio
804 4436 1084 4524 Spiritus
1143 4438 1375 4517 sancti,
1454 4439 1556 4504 cui
1658 4441 2113 4526 appropriatur

289 4503 498 4675 ἓξὲξ
573 4553 855 4620 charitas
887 4564 950 4618 et
979 4553 1272 4633 bonitas;
1318 4569 1546 4642 estque
1576 4555 1861 4622 medium
1890 4568 1953 4624 et
1984 4558 2113 4623 dis-

260 4643 289 4678 ο
357 4629 504 4675 nias.
579 4669 811 4756 positio
850 4668 929 4734 ad
959 4669 1366 4751 charitatem,
1425 4692 1501 4738 eo
1544 4672 1734 4739 modo
1786 4694 1914 4760 quo
1962 4675 2112 4741 cha-

576 4788 734 4854 ritas
773 4784 1011 4853 dicitur
1065 4787 1398 4873 plenitudo
1440 4787 1604 4876 legis
1645 4809 1681 4855 a
1722 4790 1939 4857 Paulo.
1998 4797 2117 4858 Ac-

575 4903 746 4972 cedit
793 4904 963 4989 quod
1006 4925 1119 4991 per
1149 4906 1385 4970 bonam
1434 4905 1836 4972 voluntatem
1882 4907 2116 4974 intelli·

576 5021 673 5107 git
712 5020 1054 5102 actualem,
1103 5039 1231 5086 non
1270 5020 1667 5087 habitualem
1701 5034 1765 5087 et
1804 5022 2114 5110 adimple-

579 5137 823 5202 tionem
882 5135 1075 5224 legis,
1164 5136 1351 5222 cujus
1401 5149 1723 5224 praecepta
1776 5139 1995 5204 omnia
2035 5139 2114 5205 ad

576 5253 959 5320 charitatem
1006 5252 1385 5338 disponunt.

265 5384 536 5437 Hominem
670 5366 937 5444 Quando
969 5378 1182 5433 autem
1217 5369 1548 5456 Scriptura
1589 5370 1744 5437 dicit
1782 5370 2117 5438 hominem

280 5454 510 5626 ωξὲἓω
582 5485 759 5552 uisse
787 5495 1076 5551 creatum
1110 5496 1381 5564 rectum,
1430 5485 1735 5573 intelligit
1765 5488 1910 5554 sine
1957 5487 2111 5554 obli·

319 5590 376 5626 re
433 5587 534 5624 um.

581 5603 829 5691 quitate
867 5612 977 5669 aut
1025 5602 1298 5683 macula,
1348 5602 1593 5684 fomite,
1637 5615 1749 5671 aut
1781 5603 2121 5692 ignorant-

2184 697 2523 765 constituit
2573 694 2981 782 Augustinus
3011 704 3077 759 et
3107 692 3417 770 Concilia‚
3457 690 3725 779 potissi-

2188 836 2366 881 mum
2428 813 2621 901 primi
2688 811 2975 878 hominis
3027 809 3472 897 integritatem
3515 820 3579 873 et
3631 828 3730 873 re-

2188 920 2595 999 ctitudinem,
2651 919 2890 1007 quibus
2920 918 3268 985 accedente
3297 915 3531 1003 gratia,
3577 914 3723 981 sine

2192 1058 2320 1124 qua
2353 1058 2482 1102 non
2515 1037 2754 1123 (quam
2802 1034 2897 1100 sic
2948 1045 3137 1099 vocat
3196 1030 3609 1118 Augustinus
3654 1029 3731 1095 il·

2189 1152 2342 1230 lam,
2389 1173 2538 1239 quae
2578 1149 2724 1217 data
2771 1160 2869 1216 est
2909 1148 3120 1235 primo
3173 1145 3471 1235 homini)
3521 1156 3586 1212 et
3614 1146 3731 1212 ad-

2184 1268 2473 1357 jutoriiS,
2516 1268 2713 1333 homo
2752 1266 2945 1332 etiam
2999 1265 3064 1331 in
3114 1263 3342 1330 ordine
3381 1263 3460 1329 ad
3509 1283 3736 1350 super-

2195 1385 2513 1453 naturalia
2550 1404 2746 1471 opera
2809 1381 3203 1449 constitutus
3241 1392 3342 1448 est
3388 1390 3629 1460 rectus,
3674 1389 3736 1445 et

2196 1502 2567 1570 inchoative
2649 1501 2726 1567 ad
2785 1499 3062 1587 gratiam
3150 1496 3575 1574 habitualem,
3660 1495 3740 1563 ad

2196 1641 2388 1707 quam
2457 1640 2526 1685 se
2585 1616 2908 1684 mediante
2955 1614 3190 1683 actuali
3250 1613 3560 1701 disponit.
3620 1613 3738 1689 Qui

2197 1759 2356 1826 ergo
2395 1736 2490 1803 sic
2538 1733 2822 1801 voluerit
2869 1745 3167 1799 nostrum
3243 1735 3581 1798 Doctorem
3643 1731 3739 1796 in-

2199 1854 2519 1940 telligere,
2572 1863 2644 1917 ut
2692 1848 2889 1916 fuerit
2943 1848 3006 1914 in
3040 1848 3162 1914 hac
3192 1847 3523 1934 opinione,
3573 1846 3737 1913 nihil

2200 1968 2495 2057 sequitur
2526 1965 2944 2044 incommodi,
2982 1964 3135 2053 quia
3186 1977 3285 2031 est
3333 1964 3742 2052 frequentior

2201 2085 2644 2171 antiquorum.

2318 2203 2639 2266 Caeterum
2711 2218 2837 2263 non
2917 2196 3075 2262 mihi
3155 2195 3439 2262 occurrit
3513 2194 3744 2261 funda·
3887 2201 3968 2253 30·

2889 2312 2900 2325 .
3348 2311 3361 2323 .
3801 2265 4108 2317 Dubium„

2206 2330 2523 2394 mentum,
2589 2311 2759 2380 unde
2840 2312 3051 2378 dicam
3127 2331 3275 2378 eum
3346 2331 3411 2377 tn
3471 2331 3543 2377 ea
3604 2332 3748 2378 esse
3835 2331 4028 2380 Doctor

2205 2431 2547 2509 sententia,
2593 2430 2742 2516 quia
2774 2428 2929 2516 quid
2990 2429 3055 2494 in
3088 2429 3212 2494 hoc
3264 2427 3568 2507 senserit,
3616 2447 3745 2493 non
3777 2391 4106 2505 sssssfft‘essj?

2208 2547 2474 2614 invenio
2546 2546 2627 2611 ab
2693 2565 2769 2611 eo
2827 2545 3257 2614 determinate
3332 2564 3741 2631 expressum.
3806 2529 4058 2643 ,ffffffiffi

2208 2665 2344 2743 Hic,
2449 2674 2518 2729 ut
2585 2661 2830 2740 notavi,
2926 2671 3427 2747 argumentatur
3519 2673 3748 2728 contra
3826 2642 4058 2770 ἓξὲξ,

2209 2780 2605 2846 Richardum
2675 2799 2754 2845 ex
2788 2777 3070 2866 propriis
3139 2778 3282 2864 ejus
3370 2776 3736 2865 principiiS,
3868 2767 3999 2831 ‘5¹¹⁸-

2210 2910 2274 2963 et
2346 2894 2774 2983 supponendo
2867 2895 3059 2974 hanc,
3169 2915 3363 2982 quam
3469 2894 3735 2961 Richar-

2210 3013 2333 3081 dus
2407 3013 2618 3079 tenuit
2682 3033 2829 3078 cum
2889 3010 3241 3098 Magistro;
3313 3010 3380 3076 in
3408 3014 3473 3079 2.
3516 3022 3733 3077 autem

2212 3131 2366 3197 dist.
2412 3131 2518 3196 29.
2572 3127 2859 3215 loquitur
2908 3126 3183 3216 praecise
3222 3126 3302 3194 de
3322 3126 3583 3214 justitia
3612 3128 3749 3194 ori-

2213 3248 2440 3335 ginali,
2522 3258 2591 3312 ut
2660 3259 2795 3313 erat
2856 3245 3115 3333 propria
3156 3244 3330 3312 illius
3400 3257 3633 3327 statuS,
3689 3258 3755 3312 et

2213 3365 2645 3431 constituebat
2666 3383 2925 3430 omnem
2965 3361 3499 3450 tranquillitatem
3536 3363 3600 3428 in
3622 3363 3745 3428 ho-

2217 3481 2393 3548 mine
2431 3490 2741 3568 operante
2770 3479 3127 3546 secundum
3162 3491 3403 3545 rectam
3436 3480 3756 3546 rationem

2217 3599 2360 3666 sine
2407 3599 2663 3676 fomite3
2714 3608 2777 3664 et
2838 3596 3111 3683 proecise
3151 3597 3443 3685 loquitur
3482 3597 3564 3664 de
3635 3598 3756 3665 boc

2218 3714 2409 3794 donn,
2457 3727 2665 3780 uterat
2719 3712 2783 3778 in
2816 3713 3154 3779 voluntate
3186 3724 3249 3779 et
3279 3712 3568 3800 appetitu
3603 3735 3758 3781 sen-

2218 3832 2438 3912 sitivo,
2525 3828 2826 3918 quamvis
2892 3828 2971 3894 ad
3049 3828 3345 3895 eamdem
3412 3831 3750 3916 spectabat

2220 3949 2415 4015 etiam
2464 3947 2731 4027 donum,
2785 3945 2955 4034 quod
3011 3945 3132 4012 fuit
3173 3945 3238 4010 in
3273 3945 3631 4027 intellectu,
3670 3967 3753 4013 ex

2220 4065 2410 4152 cujus
2443 4063 2806 4151 privatione
2837 4063 2900 4127 in
2936 4061 3211 4149 posteris
3244 4083 3357 4149 per
3396 4062 3614 4148 ipsum
3664 4083 3765 4129 se-

2224 4181 2445 4269 quitur
2485 4178 2850 4268 ignorantia
2880 4190 2943 4245 et
2973 4198 3177 4257 error,
3215 4199 3363 4265 quae
3401 4191 3501 4245 est
3530 4178 3765 4244 doctri-

2225 4318 2308 4364 na
2346 4301 2605 4364 Patrum
2648 4306 2709 4361 et
2749 4294 3210 4361 conciliorum.

2313 4418 2384 4480 ln
2433 4418 2496 4479 Ξ.
2553 4412 2709 4479 dist.
2782 4417 2844 4478 5.
2891 4422 3117 4498 quoesl.
3160 4415 3221 4479 1.
3260 4411 3564 4498 quamvis
3606 4432 3761 4498 pro-

2226 4529 2607 4595 blematicus
2638 4527 2723 4594 sit
2751 4527 2920 4594 circa
2954 4525 3136 4605 illud,
3182 4545 3263 4591 an
3324 4526 3619 4612 Angelus
3659 4526 3763 4593 fu-

2227 4644 2351 4710 erit
2406 4656 2659 4711 creatus
2728 4642 2791 4707 in
2854 4662 3019 4727 pura
3096 4653 3326 4708 natura
3358 4641 3666 4727 primum,
3704 4652 3769 4707 et

2230 4781 2358 4826 non
2400 4761 2462 4825 in
2498 4756 2757 4847 gratia?
2822 4757 3083 4823 videtur
3130 4769 3346 4822 tamen
3419 4758 3630 4844 magis
3673 4758 3768 4823 in-

2227 4877 2507 4943 clinatus
2569 4875 2633 4940 in
2682 4895 2822 4941 eam
2865 4872 3282 4954 sententiam,
3327 4893 3454 4961 qua
3528 4872 3770 4941 dicitur

2229 5005 2483 5061 creatus
2561 4993 2624 5058 in
2667 4992 2898 5080 gratia,
2948 4992 3118 5078 §Ad
3167 4993 3641 5079 inquirendum
3691 4995 3773 5060 cle

2231 5113 2397 5191 iscis,
2443 5122 2565 5177 etc.
2597 5111 3058 5197 propositione
3089 5112 3155 5176 6.
3195 5108 3367 5196 quod
3394 5110 3662 5192 perinde
3693 5111 3775 5178 de

2234 5228 2506 5306 Adamo,
2556 5229 2746 5315 cujus
2778 5237 2987 5293 status
3020 5226 3367 5292 uniformis
3396 5240 3774 5317 erat,quan-

2233 5359 2370 5413 tum
2414 5344 2489 5410 ad
2522 5343 2927 5425 electionem,
2972 5342 3317 5411 dicendum
3352 5357 3511 5411 erat.

3813 4469 4104 4542 Resolutio.

3885 4547 3930 4598 ej
3937 4548 3997 4581 us
4008 4573 4020 4584 .

2325 5469 2759 5557 Supponendo
2790 5469 3083 5536 ordinem
3107 5468 3300 5535 etiam
3356 5470 3775 5558 praedestina-
3807 5495 3945 5548 Ordo
3998 5512 4144 5570 ρῳ..

2238 5596 2433 5662 tionis
2468 5617 2584 5686 per
2625 5596 2840 5687 ipsum
2873 5595 3281 5685 assignatum
3325 5595 3391 5664 in
3424 5596 3773 5668 1.dist.40.
3833 5557 4111 5676 affigan-
