<?xml version="1.0" encoding="UTF-8"?>
<!DOCTYPE html PUBLIC "-//W3C//DTD XHTML 1.0 Transitional//EN"
    "http://www.w3.org/TR/xhtml1/DTD/xhtml1-transitional.dtd">
<html xmlns="http://www.w3.org/1999/xhtml" xml:lang="en" lang="en">
 <head>
  <title>
</title>
<meta http-equiv="Content-Type" content="text/html;charset=utf-8" />
  <meta name='ocr-system' content='tesseract 3.04.00' />
  <meta name='ocr-capabilities' content='ocr_page ocr_carea ocr_par ocr_line ocrx_word'/>
</head>
<body>
  <div class='ocr_page' id='page_1' title='image "./joannisdunsscot01waddgoog_0605.png"; bbox 0 0 4287 6313; ppageno 0'>
   <div class='ocr_carea' id='block_1_1' title="bbox 1634 391 2589 468">
    <p class='ocr_par' dir='ltr' id='par_1_1' title="bbox 1634 391 2589 468">
     <span class='ocr_line' id='line_1_1' title="bbox 1634 391 2589 468; baseline 0.001 -16"><span class='ocrx_word' id='word_1_1' title='bbox 1634 392 1969 456; x_wconf 55' lang='lat' dir='ltr'>nts‘rqu</span> <span class='ocrx_word' id='word_1_2' title='bbox 2015 391 2384 468; x_wconf 74' lang='lat' dir='ltr'>ouAEsrio</span> <span class='ocrx_word' id='word_1_3' title='bbox 2431 392 2589 453; x_wconf 74' lang='lat' dir='ltr'>vni.</span> 
     </span>
    </p>
   </div>
   <div class='ocr_carea' id='block_1_2' title="bbox 3614 386 3735 449">
    <p class='ocr_par' dir='ltr' id='par_1_2' title="bbox 3614 386 3735 449">
     <span class='ocr_line' id='line_1_2' title="bbox 3614 386 3735 449; baseline 0 -1"><span class='ocrx_word' id='word_1_4' title='bbox 3614 386 3735 449; x_wconf 81' lang='lat'>589</span> 
     </span>
    </p>
   </div>
   <div class='ocr_carea' id='block_1_3' title="bbox 493 546 3711 643">
    <p class='ocr_par' dir='ltr' id='par_1_3' title="bbox 493 546 3711 643">
     <span class='ocr_line' id='line_1_3' title="bbox 493 546 3711 643; baseline -0.004 -19"><span class='ocrx_word' id='word_1_5' title='bbox 493 551 973 643; x_wconf 79' lang='lat' dir='ltr'>amplianda,</span> <span class='ocrx_word' id='word_1_6' title='bbox 1018 551 1148 623; x_wconf 89' lang='lat' dir='ltr'>sed</span> <span class='ocrx_word' id='word_1_7' title='bbox 1184 549 1774 641; x_wconf 81' lang='lat' dir='ltr'>restringenda,</span> <span class='ocrx_word' id='word_1_8' title='bbox 1803 547 2040 639; x_wconf 83' lang='lat' dir='ltr'>juxta</span> <span class='ocrx_word' id='word_1_9' title='bbox 2155 569 2311 635; x_wconf 86' lang='lat' dir='ltr'>ergo</span> <span class='ocrx_word' id='word_1_10' title='bbox 2389 550 2736 616; x_wconf 81' lang='lat' dir='ltr'>dicendum</span> <span class='ocrx_word' id='word_1_11' title='bbox 2796 561 2897 616; x_wconf 81' lang='lat' dir='ltr'>est</span> <span class='ocrx_word' id='word_1_12' title='bbox 2962 550 3090 626; x_wconf 79' lang='lat' dir='ltr'>hic,</span> <span class='ocrx_word' id='word_1_13' title='bbox 3163 561 3226 615; x_wconf 82' lang='lat' dir='ltr'>et</span> <span class='ocrx_word' id='word_1_14' title='bbox 3295 548 3361 614; x_wconf 89' lang='lat' dir='ltr'>in</span> <span class='ocrx_word' id='word_1_15' title='bbox 3420 546 3711 634; x_wconf 81' lang='lat' dir='ltr'>qualibet</span> 
     </span>
    </p>
   </div>
   <div class='ocr_carea' id='block_1_4' title="bbox 497 669 2049 1693">
    <p class='ocr_par' dir='ltr' id='par_1_4' title="bbox 499 669 1490 762">
     <span class='ocr_line' id='line_1_4' title="bbox 499 669 1490 762; baseline -0.003 -20"><span class='ocrx_word' id='word_1_16' title='bbox 499 670 1212 760; x_wconf 59' lang='lat' dir='ltr'>illam‘maximam</span> <span class='ocrx_word' id='word_1_17' title='bbox 1248 669 1490 762; x_wconf 86' lang='lat' dir='ltr'>juris.</span> 
     </span>
    </p>

    <p class='ocr_par' dir='ltr' id='par_1_5' title="bbox 497 781 2049 1693">
     <span class='ocr_line' id='line_1_5' title="bbox 588 781 2046 874; baseline -0.003 -17"><span class='ocrx_word' id='word_1_18' title='bbox 588 789 996 867; x_wconf 83' lang='lat' dir='ltr'>Quantum</span> <span class='ocrx_word' id='word_1_19' title='bbox 1084 784 1178 856; x_wconf 83' lang='lat' dir='ltr'>ad</span> <span class='ocrx_word' id='word_1_20' title='bbox 1266 784 1647 857; x_wconf 83' lang='lat' dir='ltr'>ultimum</span> <span class='ocrx_word' id='word_1_21' title='bbox 1751 781 2046 874; x_wconf 86' lang='lat' dir='ltr'>princi-</span> 
     </span>
     <span class='ocr_line' id='line_1_6' title="bbox 501 896 2041 994; baseline -0.005 -21"><span class='ocrx_word' id='word_1_22' title='bbox 501 901 680 994; x_wconf 87' lang='lat' dir='ltr'>pale</span> <span class='ocrx_word' id='word_1_23' title='bbox 745 901 836 973; x_wconf 92' lang='lat' dir='ltr'>de</span> <span class='ocrx_word' id='word_1_24' title='bbox 907 900 1386 974; x_wconf 79' lang='lat' dir='ltr'>charactere</span> <span class='ocrx_word' id='word_1_25' title='bbox 1473 918 1746 991; x_wconf 84' lang='lat' dir='ltr'>quaero</span> <span class='ocrx_word' id='word_1_26' title='bbox 1853 896 2041 971; x_wconf 82' lang='lat' dir='ltr'>tria.</span> 
     </span>
     <span class='ocr_line' id='line_1_7' title="bbox 500 1012 2048 1109; baseline -0.004 -19"><span class='ocrx_word' id='word_1_27' title='bbox 500 1017 835 1090; x_wconf 83' lang='lat' dir='ltr'>Primo:</span> <span class='ocrx_word' id='word_1_28' title='bbox 884 1022 1163 1091; x_wconf 83' lang='lat' dir='ltr'>utrum</span> <span class='ocrx_word' id='word_1_29' title='bbox 1243 1016 1323 1089; x_wconf 91' lang='lat' dir='ltr'>in</span> <span class='ocrx_word' id='word_1_30' title='bbox 1403 1015 1827 1109; x_wconf 82' lang='lat' dir='ltr'>Baptismo</span> <span class='ocrx_word' id='word_1_31' title='bbox 1898 1012 2048 1085; x_wconf 89' lang='lat' dir='ltr'>im-</span> 
     </span>
     <span class='ocr_line' id='line_1_8' title="bbox 500 1130 2044 1227; baseline -0.003 -21"><span class='ocrx_word' id='word_1_32' title='bbox 500 1136 916 1227; x_wconf 81' lang='lat' dir='ltr'>primatur</span> <span class='ocrx_word' id='word_1_33' title='bbox 1027 1134 1465 1207; x_wconf 83' lang='lat' dir='ltr'>character</span> <span class='ocrx_word' id='word_1_34' title='bbox 1507 1139 1542 1203; x_wconf 65' lang='grc' dir='ltr'>’ὲ</span> <span class='ocrx_word' id='word_1_35' title='bbox 1658 1130 2044 1211; x_wconf 88' lang='lat' dir='ltr'>Secundo,</span> 
     </span>
     <span class='ocr_line' id='line_1_9' title="bbox 501 1241 2048 1344; baseline -0.004 -21"><span class='ocrx_word' id='word_1_36' title='bbox 501 1252 684 1344; x_wconf 89' lang='lat' dir='ltr'>quid</span> <span class='ocrx_word' id='word_1_37' title='bbox 741 1253 872 1332; x_wconf 86' lang='lat' dir='ltr'>sit,</span> <span class='ocrx_word' id='word_1_38' title='bbox 920 1257 1200 1326; x_wconf 83' lang='lat' dir='ltr'>utrum</span> <span class='ocrx_word' id='word_1_39' title='bbox 1268 1241 1374 1323; x_wconf 80' lang='lat' dir='ltr'>sit</span> <span class='ocrx_word' id='word_1_40' title='bbox 1447 1251 1721 1342; x_wconf 84' lang='lat' dir='ltr'>aliqua</span> <span class='ocrx_word' id='word_1_41' title='bbox 1777 1249 2048 1321; x_wconf 85' lang='lat' dir='ltr'>forma</span> 
     </span>
     <span class='ocr_line' id='line_1_10' title="bbox 499 1363 2049 1458; baseline -0.005 -18"><span class='ocrx_word' id='word_1_42' title='bbox 499 1367 930 1443; x_wconf 75' lang='lat' dir='ltr'>absoluta?</span> <span class='ocrx_word' id='word_1_43' title='bbox 998 1368 1301 1448; x_wconf 86' lang='lat' dir='ltr'>Tertio,</span> <span class='ocrx_word' id='word_1_44' title='bbox 1365 1367 1442 1439; x_wconf 89' lang='lat' dir='ltr'>in</span> <span class='ocrx_word' id='word_1_45' title='bbox 1513 1387 1669 1458; x_wconf 91' lang='lat' dir='ltr'>quo</span> <span class='ocrx_word' id='word_1_46' title='bbox 1748 1363 1880 1446; x_wconf 82' lang='lat' dir='ltr'>sit,</span> <span class='ocrx_word' id='word_1_47' title='bbox 1946 1381 2049 1433; x_wconf 82' lang='lat' dir='ltr'>an</span> 
     </span>
     <span class='ocr_line' id='line_1_11' title="bbox 500 1482 2042 1573; baseline 0.003 -18"><span class='ocrx_word' id='word_1_48' title='bbox 500 1483 607 1557; x_wconf 84' lang='lat' dir='ltr'>sit</span> <span class='ocrx_word' id='word_1_49' title='bbox 659 1486 739 1556; x_wconf 90' lang='lat' dir='ltr'>in</span> <span class='ocrx_word' id='word_1_50' title='bbox 788 1508 921 1553; x_wconf 81' lang='lat' dir='ltr'>esse</span> <span class='ocrx_word' id='word_1_51' title='bbox 966 1484 1282 1566; x_wconf 85' lang='lat' dir='ltr'>animae,</span> <span class='ocrx_word' id='word_1_52' title='bbox 1326 1483 1454 1556; x_wconf 85' lang='lat' dir='ltr'>vel</span> <span class='ocrx_word' id='word_1_53' title='bbox 1521 1482 1601 1554; x_wconf 89' lang='lat' dir='ltr'>in</span> <span class='ocrx_word' id='word_1_54' title='bbox 1651 1482 2042 1573; x_wconf 78' lang='lat' dir='ltr'>potentia,</span> 
     </span>
     <span class='ocr_line' id='line_1_12' title="bbox 497 1599 1370 1693; baseline -0.002 -22"><span class='ocrx_word' id='word_1_55' title='bbox 497 1605 575 1672; x_wconf 80' lang='lat' dir='ltr'>et</span> <span class='ocrx_word' id='word_1_56' title='bbox 622 1600 703 1673; x_wconf 92' lang='lat' dir='ltr'>in</span> <span class='ocrx_word' id='word_1_57' title='bbox 745 1621 901 1693; x_wconf 85' lang='lat' dir='ltr'>qua</span> <span class='ocrx_word' id='word_1_58' title='bbox 946 1599 1370 1692; x_wconf 81' lang='lat' dir='ltr'>potentia?</span> 
     </span>
    </p>
   </div>
   <div class='ocr_carea' id='block_1_5' title="bbox 941 1822 1597 1888">
    <p class='ocr_par' dir='ltr' id='par_1_6' title="bbox 941 1822 1597 1888">
     <span class='ocr_line' id='line_1_13' title="bbox 941 1822 1597 1888; baseline -0.005 0"><span class='ocrx_word' id='word_1_59' title='bbox 941 1822 1597 1888; x_wconf 84' lang='lat' dir='ltr'><strong>COMMENTARIUS.</strong></span> 
     </span>
    </p>
   </div>
   <div class='ocr_carea' id='block_1_6' title="bbox 498 2056 2061 3776">
    <p class='ocr_par' dir='ltr' id='par_1_7' title="bbox 498 2056 2061 3776">
     <span class='ocr_line' id='line_1_14' title="bbox 588 2056 2049 2145; baseline -0.003 -23"><span class='ocrx_word' id='word_1_60' title='bbox 588 2056 674 2145; x_wconf 87' lang='lat' dir='ltr'>(a)</span> <span class='ocrx_word' id='word_1_61' title='bbox 723 2058 929 2122; x_wconf 77' lang='lat' dir='ltr'>Juoela</span> <span class='ocrx_word' id='word_1_62' title='bbox 987 2058 1108 2122; x_wconf 79' lang='lat' dir='ltr'>hoc</span> <span class='ocrx_word' id='word_1_63' title='bbox 1153 2077 1418 2142; x_wconf 61' lang='lat' dir='ltr'>r(lucere,</span> <span class='ocrx_word' id='word_1_64' title='bbox 1491 2077 1636 2143; x_wconf 76' lang='lat' dir='ltr'>quae</span> <span class='ocrx_word' id='word_1_65' title='bbox 1695 2057 1783 2121; x_wconf 80' lang='lat' dir='ltr'>sic</span> <span class='ocrx_word' id='word_1_66' title='bbox 1848 2075 2049 2140; x_wconf 81' lang='lat' dir='ltr'>pcena</span> 
     </span>
     <span class='ocr_line' id='line_1_15' title="bbox 500 2171 2053 2259; baseline -0.001 -21"><span class='ocrx_word' id='word_1_67' title='bbox 500 2174 912 2252; x_wconf 75' lang='lat' dir='ltr'><em>iterantium,</em></span> <span class='ocrx_word' id='word_1_68' title='bbox 951 2185 1074 2238; x_wconf 91' lang='lat' dir='ltr'>etc.</span> <span class='ocrx_word' id='word_1_69' title='bbox 1114 2177 1265 2238; x_wconf 85' lang='lat' dir='ltr'>Haec</span> <span class='ocrx_word' id='word_1_70' title='bbox 1288 2172 1567 2259; x_wconf 83' lang='lat' dir='ltr'>quaestio</span> <span class='ocrx_word' id='word_1_71' title='bbox 1598 2193 1680 2238; x_wconf 86' lang='lat' dir='ltr'>ex</span> <span class='ocrx_word' id='word_1_72' title='bbox 1711 2171 2053 2237; x_wconf 80' lang='lat' dir='ltr'>occasione</span> 
     </span>
     <span class='ocr_line' id='line_1_16' title="bbox 502 2287 2056 2376; baseline -0.002 -21"><span class='ocrx_word' id='word_1_73' title='bbox 502 2310 715 2376; x_wconf 71' lang='lat' dir='ltr'>poenae</span> <span class='ocrx_word' id='word_1_74' title='bbox 747 2290 1315 2376; x_wconf 79' lang='lat' dir='ltr'>rebaptizantium,</span> <span class='ocrx_word' id='word_1_75' title='bbox 1356 2309 1480 2376; x_wconf 89' lang='lat' dir='ltr'>qua</span> <span class='ocrx_word' id='word_1_76' title='bbox 1516 2287 1681 2354; x_wconf 86' lang='lat' dir='ltr'>fiunt</span> <span class='ocrx_word' id='word_1_77' title='bbox 1713 2289 1865 2354; x_wconf 88' lang='lat' dir='ltr'>hinc</span> <span class='ocrx_word' id='word_1_78' title='bbox 1907 2287 2056 2353; x_wconf 91' lang='lat' dir='ltr'>inde</span> 
     </span>
     <span class='ocr_line' id='line_1_17' title="bbox 502 2405 2057 2496; baseline -0.001 -25"><span class='ocrx_word' id='word_1_79' title='bbox 502 2406 923 2496; x_wconf 76' lang='lat' dir='ltr'>irregulares,</span> <span class='ocrx_word' id='word_1_80' title='bbox 978 2421 1109 2474; x_wconf 87' lang='lat' dir='ltr'>tam</span> <span class='ocrx_word' id='word_1_81' title='bbox 1152 2409 1486 2494; x_wconf 79' lang='lat' dir='ltr'>baptizans</span> <span class='ocrx_word' id='word_1_82' title='bbox 1530 2427 1725 2493; x_wconf 89' lang='lat' dir='ltr'>quam</span> <span class='ocrx_word' id='word_1_83' title='bbox 1768 2405 2057 2491; x_wconf 89' lang='lat' dir='ltr'>baptiza-</span> 
     </span>
     <span class='ocr_line' id='line_1_18' title="bbox 499 2523 2052 2606; baseline -0.002 -16"><span class='ocrx_word' id='word_1_84' title='bbox 499 2538 628 2604; x_wconf 71' lang='grc' dir='ltr'>ωε,</span> <span class='ocrx_word' id='word_1_85' title='bbox 710 2527 763 2591; x_wconf 88' lang='lat' dir='ltr'>si</span> <span class='ocrx_word' id='word_1_86' title='bbox 812 2524 1097 2591; x_wconf 78' lang='lat' dir='ltr'>scienter</span> <span class='ocrx_word' id='word_1_87' title='bbox 1143 2523 1207 2592; x_wconf 89' lang='lat' dir='ltr'>id</span> <span class='ocrx_word' id='word_1_88' title='bbox 1252 2526 1519 2606; x_wconf 85' lang='lat' dir='ltr'>saciant,</span> <span class='ocrx_word' id='word_1_89' title='bbox 1592 2535 1814 2590; x_wconf 86' lang='lat' dir='ltr'>movet</span> <span class='ocrx_word' id='word_1_90' title='bbox 1863 2523 2052 2587; x_wconf 86' lang='lat' dir='ltr'>aliam</span> 
     </span>
     <span class='ocr_line' id='line_1_19' title="bbox 498 2636 2048 2728; baseline -0.004 -20"><span class='ocrx_word' id='word_1_91' title='bbox 498 2641 932 2728; x_wconf 80' lang='lat' dir='ltr'>quaestionem</span> <span class='ocrx_word' id='word_1_92' title='bbox 1004 2641 1163 2707; x_wconf 90' lang='lat' dir='ltr'>satis</span> <span class='ocrx_word' id='word_1_93' title='bbox 1216 2641 1556 2728; x_wconf 80' lang='lat' dir='ltr'>prolixam,</span> <span class='ocrx_word' id='word_1_94' title='bbox 1609 2659 1843 2725; x_wconf 86' lang='lat' dir='ltr'>nempe</span> <span class='ocrx_word' id='word_1_95' title='bbox 1894 2636 2048 2723; x_wconf 89' lang='lat' dir='ltr'>quid</span> 
     </span>
     <span class='ocr_line' id='line_1_20' title="bbox 501 2755 2058 2846; baseline -0.003 -22"><span class='ocrx_word' id='word_1_96' title='bbox 501 2758 614 2824; x_wconf 85' lang='lat' dir='ltr'>fiat</span> <span class='ocrx_word' id='word_1_97' title='bbox 680 2760 943 2846; x_wconf 91' lang='lat' dir='ltr'>quando</span> <span class='ocrx_word' id='word_1_98' title='bbox 1009 2757 1384 2845; x_wconf 86' lang='lat' dir='ltr'>ignorantia</span> <span class='ocrx_word' id='word_1_99' title='bbox 1454 2757 1519 2822; x_wconf 90' lang='lat' dir='ltr'>in</span> <span class='ocrx_word' id='word_1_100' title='bbox 1559 2755 1750 2842; x_wconf 87' lang='lat' dir='ltr'>culpa</span> <span class='ocrx_word' id='word_1_101' title='bbox 1791 2755 1934 2823; x_wconf 74' lang='lat' dir='ltr'>sit?</span> <span class='ocrx_word' id='word_1_102' title='bbox 1994 2766 2058 2821; x_wconf 90' lang='lat' dir='ltr'>et</span> 
     </span>
     <span class='ocr_line' id='line_1_21' title="bbox 502 2874 2054 2961; baseline -0.003 -20"><span class='ocrx_word' id='word_1_103' title='bbox 502 2895 650 2961; x_wconf 86' lang='lat' dir='ltr'>quae</span> <span class='ocrx_word' id='word_1_104' title='bbox 699 2874 1066 2960; x_wconf 83' lang='lat' dir='ltr'>ignorantia</span> <span class='ocrx_word' id='word_1_105' title='bbox 1107 2887 1374 2940; x_wconf 86' lang='lat' dir='ltr'>excuset</span> <span class='ocrx_word' id='word_1_106' title='bbox 1403 2894 1437 2939; x_wconf 90' lang='lat' dir='ltr'>a</span> <span class='ocrx_word' id='word_1_107' title='bbox 1482 2885 1742 2960; x_wconf 86' lang='lat' dir='ltr'>peccato</span> <span class='ocrx_word' id='word_1_108' title='bbox 1793 2885 1856 2938; x_wconf 92' lang='lat' dir='ltr'>et</span> <span class='ocrx_word' id='word_1_109' title='bbox 1914 2891 2054 2957; x_wconf 87' lang='lat' dir='ltr'>poe-</span> 
     </span>
     <span class='ocr_line' id='line_1_22' title="bbox 507 2989 2054 3078; baseline -0.001 -22"><span class='ocrx_word' id='word_1_110' title='bbox 507 2990 638 3056; x_wconf 82' lang='lat' dir='ltr'>na‘?</span> <span class='ocrx_word' id='word_1_111' title='bbox 678 2993 973 3078; x_wconf 85' lang='lat' dir='ltr'>Applicat</span> <span class='ocrx_word' id='word_1_112' title='bbox 1020 3005 1233 3058; x_wconf 87' lang='lat' dir='ltr'>autem</span> <span class='ocrx_word' id='word_1_113' title='bbox 1272 2995 1504 3057; x_wconf 90' lang='lat' dir='ltr'>Doctor</span> <span class='ocrx_word' id='word_1_114' title='bbox 1540 2990 1716 3056; x_wconf 91' lang='lat' dir='ltr'>illam</span> <span class='ocrx_word' id='word_1_115' title='bbox 1759 2989 2054 3076; x_wconf 87' lang='lat' dir='ltr'>regulam</span> 
     </span>
     <span class='ocr_line' id='line_1_23' title="bbox 506 3106 2059 3196; baseline -0.002 -22"><span class='ocrx_word' id='word_1_116' title='bbox 506 3129 944 3188; x_wconf 87' lang='lat' dir='ltr'>communem,</span> <span class='ocrx_word' id='word_1_117' title='bbox 982 3129 1177 3196; x_wconf 90' lang='lat' dir='ltr'>quam</span> <span class='ocrx_word' id='word_1_118' title='bbox 1210 3106 1650 3174; x_wconf 84' lang='lat' dir='ltr'>communiter</span> <span class='ocrx_word' id='word_1_119' title='bbox 1690 3118 2059 3194; x_wconf 87' lang='lat' dir='ltr'>sequuntur</span> 
     </span>
     <span class='ocr_line' id='line_1_24' title="bbox 510 3223 2059 3309; baseline -0.003 -19"><span class='ocrx_word' id='word_1_120' title='bbox 510 3224 883 3291; x_wconf 86' lang='lat' dir='ltr'>Canonistae</span> <span class='ocrx_word' id='word_1_121' title='bbox 948 3237 1012 3290; x_wconf 89' lang='lat' dir='ltr'>et</span> <span class='ocrx_word' id='word_1_122' title='bbox 1074 3223 1470 3309; x_wconf 86' lang='lat' dir='ltr'>Jurisperiti,</span> <span class='ocrx_word' id='word_1_123' title='bbox 1553 3243 1786 3309; x_wconf 88' lang='lat' dir='ltr'>nempe</span> <span class='ocrx_word' id='word_1_124' title='bbox 1825 3276 1838 3302; x_wconf 88' lang='lat'>,</span> <span class='ocrx_word' id='word_1_125' title='bbox 1876 3224 2059 3309; x_wconf 75' lang='lat' dir='ltr'>iqno-</span> 
     </span>
     <span class='ocr_line' id='line_1_25' title="bbox 508 3338 2060 3427; baseline -0.002 -20"><span class='ocrx_word' id='word_1_126' title='bbox 508 3343 808 3407; x_wconf 80' lang='lat' dir='ltr'>rantiam</span> <span class='ocrx_word' id='word_1_127' title='bbox 845 3342 1039 3427; x_wconf 78' lang='lat' dir='ltr'>facti,</span> <span class='ocrx_word' id='word_1_128' title='bbox 1076 3361 1212 3406; x_wconf 83' lang='lat' dir='ltr'>non</span> <span class='ocrx_word' id='word_1_129' title='bbox 1242 3340 1449 3415; x_wconf 77' lang='lat' dir='ltr'>Juris,</span> <span class='ocrx_word' id='word_1_130' title='bbox 1488 3361 1830 3405; x_wconf 71' lang='lat' dir='ltr'>excusare.</span> <span class='ocrx_word' id='word_1_131' title='bbox 1877 3338 2060 3404; x_wconf 88' lang='lat' dir='ltr'>Unde</span> 
     </span>
     <span class='ocr_line' id='line_1_26' title="bbox 509 3456 2060 3541; baseline -0.002 -18"><span class='ocrx_word' id='word_1_132' title='bbox 509 3458 562 3523; x_wconf 93' lang='lat' dir='ltr'>si</span> <span class='ocrx_word' id='word_1_133' title='bbox 601 3457 934 3525; x_wconf 88' lang='lat' dir='ltr'>dubitetur</span> <span class='ocrx_word' id='word_1_134' title='bbox 972 3476 1121 3522; x_wconf 90' lang='lat' dir='ltr'>cum</span> <span class='ocrx_word' id='word_1_135' title='bbox 1181 3456 1628 3535; x_wconf 80' lang='lat' dir='ltr'>fundamentO,</span> <span class='ocrx_word' id='word_1_136' title='bbox 1665 3476 1748 3521; x_wconf 89' lang='lat' dir='ltr'>an</span> <span class='ocrx_word' id='word_1_137' title='bbox 1783 3474 2060 3541; x_wconf 91' lang='lat' dir='ltr'>persona</span> 
     </span>
     <span class='ocr_line' id='line_1_27' title="bbox 512 3571 2060 3660; baseline -0.003 -21"><span class='ocrx_word' id='word_1_138' title='bbox 512 3573 599 3640; x_wconf 86' lang='lat' dir='ltr'>sit</span> <span class='ocrx_word' id='word_1_139' title='bbox 638 3574 982 3660; x_wconf 83' lang='lat' dir='ltr'>baptizata,</span> <span class='ocrx_word' id='word_1_140' title='bbox 1047 3572 1152 3639; x_wconf 91' lang='lat' dir='ltr'>vel</span> <span class='ocrx_word' id='word_1_141' title='bbox 1205 3571 1592 3660; x_wconf 86' lang='lat' dir='ltr'>simpliciter</span> <span class='ocrx_word' id='word_1_142' title='bbox 1668 3571 2060 3658; x_wconf 81' lang='lat' dir='ltr'>supponitur</span> 
     </span>
     <span class='ocr_line' id='line_1_28' title="bbox 518 3686 2061 3776; baseline -0.002 -22"><span class='ocrx_word' id='word_1_143' title='bbox 518 3710 647 3754; x_wconf 90' lang='lat' dir='ltr'>non</span> <span class='ocrx_word' id='word_1_144' title='bbox 689 3690 1031 3776; x_wconf 89' lang='lat' dir='ltr'>baptizata,</span> <span class='ocrx_word' id='word_1_145' title='bbox 1094 3700 1165 3755; x_wconf 90' lang='lat' dir='ltr'>ut</span> <span class='ocrx_word' id='word_1_146' title='bbox 1218 3690 1273 3757; x_wconf 91' lang='lat' dir='ltr'>si</span> <span class='ocrx_word' id='word_1_147' title='bbox 1325 3688 1562 3766; x_wconf 79' lang='lat' dir='ltr'>infans,</span> <span class='ocrx_word' id='word_1_148' title='bbox 1620 3687 1730 3774; x_wconf 86' lang='lat' dir='ltr'>qui</span> <span class='ocrx_word' id='word_1_149' title='bbox 1771 3686 2061 3752; x_wconf 83' lang='lat' dir='ltr'>defertur</span> 
     </span>
    </p>
   </div>
   <div class='ocr_carea' id='block_1_7' title="bbox 193 3804 2052 3890">
    <p class='ocr_par' dir='ltr' id='par_1_8' title="bbox 193 3804 2052 3890">
     <span class='ocr_line' id='line_1_29' title="bbox 193 3804 2052 3890; baseline -0.003 -16"><span class='ocrx_word' id='word_1_150' title='bbox 193 3825 489 3890; x_wconf 77' lang='lat' dir='ltr'>1gnorantia</span> <span class='ocrx_word' id='word_1_151' title='bbox 513 3807 590 3873; x_wconf 85' lang='lat' dir='ltr'>ad</span> <span class='ocrx_word' id='word_1_152' title='bbox 623 3807 1005 3888; x_wconf 85' lang='lat' dir='ltr'>Ecclesiam,</span> <span class='ocrx_word' id='word_1_153' title='bbox 1043 3807 1237 3873; x_wconf 79' lang='lat' dir='ltr'>fuerit</span> <span class='ocrx_word' id='word_1_154' title='bbox 1263 3806 1423 3872; x_wconf 89' lang='lat' dir='ltr'>alias</span> <span class='ocrx_word' id='word_1_155' title='bbox 1463 3804 1638 3872; x_wconf 89' lang='lat' dir='ltr'>domi</span> <span class='ocrx_word' id='word_1_156' title='bbox 1674 3804 2052 3890; x_wconf 82' lang='lat' dir='ltr'>baptizatuS,</span> 
     </span>
    </p>
   </div>
   <div class='ocr_carea' id='block_1_8' title="bbox 212 3887 2055 4008">
    <p class='ocr_par' dir='ltr' id='par_1_9' title="bbox 212 3887 2055 4008">
     <span class='ocr_line' id='line_1_30' title="bbox 212 3887 2055 4008; baseline -0.004 -15"><span class='ocrx_word' id='word_1_157' title='bbox 212 3887 439 4001; x_wconf 42' lang='lat' dir='ltr'>extimat.</span> <span class='ocrx_word' id='word_1_158' title='bbox 516 3935 579 3990; x_wconf 88' lang='lat' dir='ltr'>et</span> <span class='ocrx_word' id='word_1_159' title='bbox 609 3922 732 3989; x_wconf 88' lang='lat' dir='ltr'>hoc</span> <span class='ocrx_word' id='word_1_160' title='bbox 771 3924 878 3990; x_wconf 87' lang='lat' dir='ltr'>vel</span> <span class='ocrx_word' id='word_1_161' title='bbox 918 3944 996 3990; x_wconf 82' lang='lat' dir='ltr'>ex</span> <span class='ocrx_word' id='word_1_162' title='bbox 1050 3923 1318 4003; x_wconf 83' lang='lat' dir='ltr'>malitia,</span> <span class='ocrx_word' id='word_1_163' title='bbox 1372 3921 1474 3989; x_wconf 91' lang='lat' dir='ltr'>vel</span> <span class='ocrx_word' id='word_1_164' title='bbox 1510 3943 1591 3988; x_wconf 89' lang='lat' dir='ltr'>ex</span> <span class='ocrx_word' id='word_1_165' title='bbox 1627 3920 2055 4008; x_wconf 85' lang='lat' dir='ltr'>negligentia,</span> 
     </span>
    </p>
   </div>
   <div class='ocr_carea' id='block_1_9' title="bbox 508 4038 2066 5635">
    <p class='ocr_par' dir='ltr' id='par_1_10' title="bbox 508 4038 2066 5635">
     <span class='ocr_line' id='line_1_31' title="bbox 516 4038 2061 4124; baseline -0.003 -18"><span class='ocrx_word' id='word_1_166' title='bbox 516 4061 645 4107; x_wconf 92' lang='lat' dir='ltr'>non</span> <span class='ocrx_word' id='word_1_167' title='bbox 678 4040 999 4107; x_wconf 89' lang='lat' dir='ltr'>indicetur</span> <span class='ocrx_word' id='word_1_168' title='bbox 1032 4040 1344 4117; x_wconf 88' lang='lat' dir='ltr'>Parocho;</span> <span class='ocrx_word' id='word_1_169' title='bbox 1381 4039 1487 4105; x_wconf 89' lang='lat' dir='ltr'>hic</span> <span class='ocrx_word' id='word_1_170' title='bbox 1530 4039 1722 4105; x_wconf 86' lang='lat' dir='ltr'>habet</span> <span class='ocrx_word' id='word_1_171' title='bbox 1753 4038 2061 4124; x_wconf 88' lang='lat' dir='ltr'>ignoran-</span> 
     </span>
     <span class='ocr_line' id='line_1_32' title="bbox 513 4152 2056 4243; baseline -0.001 -22"><span class='ocrx_word' id='word_1_172' title='bbox 513 4156 668 4222; x_wconf 84' lang='lat' dir='ltr'>tiam</span> <span class='ocrx_word' id='word_1_173' title='bbox 718 4155 893 4235; x_wconf 81' lang='lat' dir='ltr'>facti,</span> <span class='ocrx_word' id='word_1_174' title='bbox 940 4156 1092 4243; x_wconf 89' lang='lat' dir='ltr'>quia</span> <span class='ocrx_word' id='word_1_175' title='bbox 1147 4176 1274 4221; x_wconf 89' lang='lat' dir='ltr'>non</span> <span class='ocrx_word' id='word_1_176' title='bbox 1331 4166 1587 4222; x_wconf 89' lang='lat' dir='ltr'>tenetur</span> <span class='ocrx_word' id='word_1_177' title='bbox 1636 4154 1830 4234; x_wconf 90' lang='lat' dir='ltr'>scire,</span> <span class='ocrx_word' id='word_1_178' title='bbox 1896 4152 2056 4241; x_wconf 87' lang='lat' dir='ltr'>quid</span> 
     </span>
     <span class='ocr_line' id='line_1_33' title="bbox 508 4270 2061 4356; baseline 0 -19"><span class='ocrx_word' id='word_1_179' title='bbox 508 4272 682 4338; x_wconf 92' lang='lat' dir='ltr'>domi</span> <span class='ocrx_word' id='word_1_180' title='bbox 717 4272 958 4339; x_wconf 80' lang='lat' dir='ltr'>factum</span> <span class='ocrx_word' id='word_1_181' title='bbox 992 4273 1079 4338; x_wconf 88' lang='lat' dir='ltr'>sit</span> <span class='ocrx_word' id='word_1_182' title='bbox 1107 4272 1278 4337; x_wconf 90' lang='lat' dir='ltr'>circa</span> <span class='ocrx_word' id='word_1_183' title='bbox 1311 4272 1649 4350; x_wconf 78' lang='lat' dir='ltr'>infantem,</span> <span class='ocrx_word' id='word_1_184' title='bbox 1688 4270 1799 4338; x_wconf 90' lang='lat' dir='ltr'>sed</span> <span class='ocrx_word' id='word_1_185' title='bbox 1842 4270 2061 4356; x_wconf 86' lang='lat' dir='ltr'>potius</span> 
     </span>
     <span class='ocr_line' id='line_1_34' title="bbox 508 4387 2060 4476; baseline -0.001 -21"><span class='ocrx_word' id='word_1_186' title='bbox 508 4409 877 4476; x_wconf 86' lang='lat' dir='ltr'>supponere</span> <span class='ocrx_word' id='word_1_187' title='bbox 908 4389 1247 4457; x_wconf 87' lang='lat' dir='ltr'>scientiam</span> <span class='ocrx_word' id='word_1_188' title='bbox 1275 4388 1439 4475; x_wconf 88' lang='lat' dir='ltr'>legis</span> <span class='ocrx_word' id='word_1_189' title='bbox 1472 4402 1535 4454; x_wconf 91' lang='lat' dir='ltr'>et</span> <span class='ocrx_word' id='word_1_190' title='bbox 1564 4387 2060 4454; x_wconf 84' lang='lat' dir='ltr'>consuetudinis</span> 
     </span>
     <span class='ocr_line' id='line_1_35' title="bbox 512 4503 2053 4590; baseline -0.001 -22"><span class='ocrx_word' id='word_1_191' title='bbox 512 4504 578 4568; x_wconf 89' lang='lat' dir='ltr'>in</span> <span class='ocrx_word' id='word_1_192' title='bbox 632 4504 1036 4590; x_wconf 81' lang='lat' dir='ltr'>parentibuS‚</span> <span class='ocrx_word' id='word_1_193' title='bbox 1109 4524 1468 4590; x_wconf 88' lang='lat' dir='ltr'>earumque</span> <span class='ocrx_word' id='word_1_194' title='bbox 1537 4503 2053 4581; x_wconf 79' lang='lat' dir='ltr'>observantiam,</span> 
     </span>
     <span class='ocr_line' id='line_1_36' title="bbox 508 4620 2057 4709; baseline -0.002 -22"><span class='ocrx_word' id='word_1_195' title='bbox 508 4642 582 4687; x_wconf 87' lang='lat' dir='ltr'>ac</span> <span class='ocrx_word' id='word_1_196' title='bbox 641 4622 914 4709; x_wconf 88' lang='lat' dir='ltr'>proinde</span> <span class='ocrx_word' id='word_1_197' title='bbox 964 4622 1276 4687; x_wconf 78' lang='lat' dir='ltr'>infantem</span> <span class='ocrx_word' id='word_1_198' title='bbox 1338 4621 1417 4687; x_wconf 91' lang='lat' dir='ltr'>ad</span> <span class='ocrx_word' id='word_1_199' title='bbox 1471 4642 1542 4688; x_wconf 91' lang='lat' dir='ltr'>se</span> <span class='ocrx_word' id='word_1_200' title='bbox 1600 4620 1887 4687; x_wconf 91' lang='lat' dir='ltr'>delatum</span> <span class='ocrx_word' id='word_1_201' title='bbox 1932 4641 2057 4685; x_wconf 93' lang='lat' dir='ltr'>non</span> 
     </span>
     <span class='ocr_line' id='line_1_37' title="bbox 510 4735 2060 4823; baseline -0.001 -21"><span class='ocrx_word' id='word_1_202' title='bbox 510 4757 653 4803; x_wconf 91' lang='lat' dir='ltr'>esse</span> <span class='ocrx_word' id='word_1_203' title='bbox 699 4738 1117 4823; x_wconf 86' lang='lat' dir='ltr'>baptizatum.</span> <span class='ocrx_word' id='word_1_204' title='bbox 1174 4737 1239 4802; x_wconf 89' lang='lat' dir='ltr'>Si</span> <span class='ocrx_word' id='word_1_205' title='bbox 1275 4736 1514 4803; x_wconf 90' lang='lat' dir='ltr'>dubius</span> <span class='ocrx_word' id='word_1_206' title='bbox 1556 4735 1750 4802; x_wconf 91' lang='lat' dir='ltr'>etiam</span> <span class='ocrx_word' id='word_1_207' title='bbox 1801 4748 1900 4802; x_wconf 89' lang='lat' dir='ltr'>est</span> <span class='ocrx_word' id='word_1_208' title='bbox 1939 4738 2060 4801; x_wconf 91' lang='lat' dir='ltr'>Ba-</span> 
     </span>
     <span class='ocr_line' id='line_1_38' title="bbox 511 4851 2061 4939; baseline -0.003 -20"><span class='ocrx_word' id='word_1_209' title='bbox 511 4854 817 4939; x_wconf 82' lang='lat' dir='ltr'>ptismuS,</span> <span class='ocrx_word' id='word_1_210' title='bbox 864 4851 950 4917; x_wconf 89' lang='lat' dir='ltr'>ita</span> <span class='ocrx_word' id='word_1_211' title='bbox 1017 4862 1085 4919; x_wconf 85' lang='lat' dir='ltr'>ut</span> <span class='ocrx_word' id='word_1_212' title='bbox 1124 4851 1396 4917; x_wconf 87' lang='lat' dir='ltr'>dubium</span> <span class='ocrx_word' id='word_1_213' title='bbox 1458 4852 1545 4919; x_wconf 88' lang='lat' dir='ltr'>sit</span> <span class='ocrx_word' id='word_1_214' title='bbox 1592 4851 1860 4917; x_wconf 90' lang='lat' dir='ltr'>omnino</span> <span class='ocrx_word' id='word_1_215' title='bbox 1909 4852 2061 4918; x_wconf 79' lang='lat' dir='ltr'>fun-</span> 
     </span>
     <span class='ocr_line' id='line_1_39' title="bbox 515 4966 2061 5054; baseline 0 -22"><span class='ocrx_word' id='word_1_216' title='bbox 515 4967 763 5049; x_wconf 88' lang='lat' dir='ltr'>datum,</span> <span class='ocrx_word' id='word_1_217' title='bbox 800 4973 955 5035; x_wconf 84' lang='lat' dir='ltr'>tunc</span> <span class='ocrx_word' id='word_1_218' title='bbox 999 4966 1330 5053; x_wconf 90' lang='lat' dir='ltr'>baptizans</span> <span class='ocrx_word' id='word_1_219' title='bbox 1363 4989 1511 5033; x_wconf 90' lang='lat' dir='ltr'>cum</span> <span class='ocrx_word' id='word_1_220' title='bbox 1546 4968 1754 5034; x_wconf 86' lang='lat' dir='ltr'>forma</span> <span class='ocrx_word' id='word_1_221' title='bbox 1794 4967 2061 5054; x_wconf 89' lang='lat' dir='ltr'>capituli</span> 
     </span>
     <span class='ocr_line' id='line_1_40' title="bbox 515 5082 2061 5171; baseline 0.001 -24"><span class='ocrx_word' id='word_1_222' title='bbox 515 5084 608 5149; x_wconf 86' lang='lat' dir='ltr'>De</span> <span class='ocrx_word' id='word_1_223' title='bbox 646 5085 900 5171; x_wconf 73' lang='lat' dir='ltr'>quibuS,</span> <span class='ocrx_word' id='word_1_224' title='bbox 971 5082 1298 5170; x_wconf 85' lang='lat' dir='ltr'>baptizare</span> <span class='ocrx_word' id='word_1_225' title='bbox 1339 5096 1572 5170; x_wconf 86' lang='lat' dir='ltr'>potest,</span> <span class='ocrx_word' id='word_1_226' title='bbox 1614 5105 1849 5170; x_wconf 86' lang='lat' dir='ltr'>nempe</span> <span class='ocrx_word' id='word_1_227' title='bbox 1879 5083 2061 5171; x_wconf 90' lang='lat' dir='ltr'>adje-</span> 
     </span>
     <span class='ocr_line' id='line_1_41' title="bbox 517 5201 2056 5286; baseline -0.001 -19"><span class='ocrx_word' id='word_1_228' title='bbox 517 5212 618 5267; x_wconf 87' lang='lat' dir='ltr'>cta</span> <span class='ocrx_word' id='word_1_229' title='bbox 647 5201 1043 5281; x_wconf 89' lang='lat' dir='ltr'>conditione,</span> <span class='ocrx_word' id='word_1_230' title='bbox 1090 5203 1153 5266; x_wconf 84' lang='lat' dir='ltr'>si</span> <span class='ocrx_word' id='word_1_231' title='bbox 1200 5222 1332 5266; x_wconf 79' lang='lat' dir='ltr'>non</span> <span class='ocrx_word' id='word_1_232' title='bbox 1383 5223 1448 5267; x_wconf 74' lang='lat' dir='ltr'>es</span> <span class='ocrx_word' id='word_1_233' title='bbox 1496 5202 1892 5286; x_wconf 55' lang='lat' dir='ltr'>baptizatae,</span> <span class='ocrx_word' id='word_1_234' title='bbox 1933 5212 2056 5266; x_wconf 86' lang='lat' dir='ltr'>etc.</span> 
     </span>
     <span class='ocr_line' id='line_1_42' title="bbox 515 5317 2065 5405; baseline -0.003 -20"><span class='ocrx_word' id='word_1_235' title='bbox 515 5331 585 5385; x_wconf 93' lang='lat' dir='ltr'>ut</span> <span class='ocrx_word' id='word_1_236' title='bbox 618 5318 983 5405; x_wconf 59' lang='lat' dir='ltr'>praescribit</span> <span class='ocrx_word' id='word_1_237' title='bbox 1014 5317 1380 5384; x_wconf 83' lang='lat' dir='ltr'>Alexander</span> <span class='ocrx_word' id='word_1_238' title='bbox 1410 5320 1518 5382; x_wconf 92' lang='lat' dir='ltr'>Ill.</span> <span class='ocrx_word' id='word_1_239' title='bbox 1564 5317 1741 5382; x_wconf 81' lang='lat' dir='ltr'>dicto</span> <span class='ocrx_word' id='word_1_240' title='bbox 1772 5318 2065 5403; x_wconf 79' lang='lat' dir='ltr'>capitulo</span> 
     </span>
     <span class='ocr_line' id='line_1_43' title="bbox 516 5432 2064 5521; baseline -0.001 -21"><span class='ocrx_word' id='word_1_241' title='bbox 516 5434 597 5500; x_wconf 84' lang='lat' dir='ltr'>de</span> <span class='ocrx_word' id='word_1_242' title='bbox 634 5436 997 5521; x_wconf 81' lang='lat' dir='ltr'>Baptisnw,</span> <span class='ocrx_word' id='word_1_243' title='bbox 1055 5446 1114 5500; x_wconf 82' lang='lat' dir='ltr'>et</span> <span class='ocrx_word' id='word_1_244' title='bbox 1153 5438 1295 5521; x_wconf 74' lang='lat' dir='ltr'>eJus</span> <span class='ocrx_word' id='word_1_245' title='bbox 1345 5434 1606 5518; x_wconf 77' lang='lat' dir='ltr'>effectu,</span> <span class='ocrx_word' id='word_1_246' title='bbox 1656 5432 1826 5520; x_wconf 91' lang='lat' dir='ltr'>quod</span> <span class='ocrx_word' id='word_1_247' title='bbox 1869 5453 2064 5519; x_wconf 88' lang='lat' dir='ltr'>supra</span> 
     </span>
     <span class='ocr_line' id='line_1_44' title="bbox 520 5548 2066 5635; baseline -0.001 -19"><span class='ocrx_word' id='word_1_248' title='bbox 520 5572 599 5617; x_wconf 83' lang='lat' dir='ltr'>ex</span> <span class='ocrx_word' id='word_1_249' title='bbox 631 5551 833 5617; x_wconf 89' lang='lat' dir='ltr'>variis</span> <span class='ocrx_word' id='word_1_250' title='bbox 866 5550 1238 5618; x_wconf 82' lang='lat' dir='ltr'>canonibus</span> <span class='ocrx_word' id='word_1_251' title='bbox 1287 5548 1733 5635; x_wconf 78' lang='lat' dir='ltr'>probavimus,</span> <span class='ocrx_word' id='word_1_252' title='bbox 1790 5548 2066 5615; x_wconf 86' lang='lat' dir='ltr'>Perinde</span> 
     </span>
    </p>
   </div>
   <div class='ocr_carea' id='block_1_10' title="bbox 2155 661 3707 753">
    <p class='ocr_par' dir='ltr' id='par_1_11' title="bbox 2155 661 3707 753">
     <span class='ocr_line' id='line_1_45' title="bbox 2155 661 3707 753; baseline -0.003 -23"><span class='ocrx_word' id='word_1_253' title='bbox 2155 668 2470 745; x_wconf 90' lang='lat' dir='ltr'>Censura,</span> <span class='ocrx_word' id='word_1_254' title='bbox 2534 687 2683 752; x_wconf 82' lang='lat' dir='ltr'>quae</span> <span class='ocrx_word' id='word_1_255' title='bbox 2724 679 2986 753; x_wconf 88' lang='lat' dir='ltr'>propter</span> <span class='ocrx_word' id='word_1_256' title='bbox 3047 678 3379 752; x_wconf 88' lang='lat' dir='ltr'>peccatum</span> <span class='ocrx_word' id='word_1_257' title='bbox 3434 661 3707 728; x_wconf 88' lang='lat' dir='ltr'>incurri-</span> 
     </span>
    </p>
   </div>
   <div class='ocr_carea' id='block_1_11' title="bbox 2159 781 3726 5278">
    <p class='ocr_par' dir='ltr' id='par_1_12' title="bbox 2159 781 3713 1312">
     <span class='ocr_line' id='line_1_46' title="bbox 2159 781 3706 870; baseline -0.008 -15"><span class='ocrx_word' id='word_1_258' title='bbox 2159 801 2286 860; x_wconf 87' lang='lat' dir='ltr'>tur,</span> <span class='ocrx_word' id='word_1_259' title='bbox 2356 781 2629 868; x_wconf 90' lang='lat' dir='ltr'>quando·</span> <span class='ocrx_word' id='word_1_260' title='bbox 2701 782 2849 870; x_wconf 91' lang='lat' dir='ltr'>quis</span> <span class='ocrx_word' id='word_1_261' title='bbox 2917 792 3266 848; x_wconf 85' lang='lat' dir='ltr'>excusatur</span> <span class='ocrx_word' id='word_1_262' title='bbox 3336 800 3369 844; x_wconf 91' lang='lat' dir='ltr'>a</span> <span class='ocrx_word' id='word_1_263' title='bbox 3420 789 3706 866; x_wconf 87' lang='lat' dir='ltr'>peccato,</span> 
     </span>
     <span class='ocr_line' id='line_1_47' title="bbox 2159 894 3713 984; baseline -0.001 -24"><span class='ocrx_word' id='word_1_264' title='bbox 2159 896 2354 961; x_wconf 88' lang='lat' dir='ltr'>etiam</span> <span class='ocrx_word' id='word_1_265' title='bbox 2405 897 2704 964; x_wconf 82' lang='lat' dir='ltr'>excusari</span> <span class='ocrx_word' id='word_1_266' title='bbox 2745 919 2778 964; x_wconf 90' lang='lat' dir='ltr'>a</span> <span class='ocrx_word' id='word_1_267' title='bbox 2829 918 3020 984; x_wconf 83' lang='lat' dir='ltr'>poena</span> <span class='ocrx_word' id='word_1_268' title='bbox 3060 918 3141 963; x_wconf 87' lang='lat' dir='ltr'>ex</span> <span class='ocrx_word' id='word_1_269' title='bbox 3188 906 3447 983; x_wconf 86' lang='lat' dir='ltr'>peccato</span> <span class='ocrx_word' id='word_1_270' title='bbox 3496 894 3713 961; x_wconf 88' lang='lat' dir='ltr'>incur-</span> 
     </span>
     <span class='ocr_line' id='line_1_48' title="bbox 2160 1013 3713 1099; baseline 0.001 -24"><span class='ocrx_word' id='word_1_271' title='bbox 2160 1031 2254 1076; x_wconf 86' lang='lat' dir='ltr'>sa.</span> <span class='ocrx_word' id='word_1_272' title='bbox 2331 1013 2480 1077; x_wconf 76' lang='lat' dir='ltr'>Haec</span> <span class='ocrx_word' id='word_1_273' title='bbox 2531 1024 2748 1079; x_wconf 89' lang='lat' dir='ltr'>autem</span> <span class='ocrx_word' id='word_1_274' title='bbox 2803 1013 3248 1099; x_wconf 85' lang='lat' dir='ltr'>irregularitas</span> <span class='ocrx_word' id='word_1_275' title='bbox 3314 1024 3550 1079; x_wconf 87' lang='lat' dir='ltr'>statuta</span> <span class='ocrx_word' id='word_1_276' title='bbox 3612 1022 3713 1077; x_wconf 90' lang='lat' dir='ltr'>est</span> 
     </span>
     <span class='ocr_line' id='line_1_49' title="bbox 2161 1130 3710 1217; baseline -0.001 -23"><span class='ocrx_word' id='word_1_277' title='bbox 2161 1141 2260 1194; x_wconf 90' lang='lat' dir='ltr'>est</span> <span class='ocrx_word' id='word_1_278' title='bbox 2300 1141 2563 1215; x_wconf 89' lang='lat' dir='ltr'>propter</span> <span class='ocrx_word' id='word_1_279' title='bbox 2621 1142 2954 1217; x_wconf 50' lang='lat' dir='ltr'>peccatum</span> <span class='ocrx_word' id='word_1_280' title='bbox 3014 1130 3292 1197; x_wconf 86' lang='lat' dir='ltr'>iterandi</span> <span class='ocrx_word' id='word_1_281' title='bbox 3335 1132 3710 1195; x_wconf 85' lang='lat' dir='ltr'>Sacramen-</span> 
     </span>
     <span class='ocr_line' id='line_1_50' title="bbox 2162 1257 2326 1312; baseline 0.018 -3"><span class='ocrx_word' id='word_1_282' title='bbox 2162 1257 2326 1312; x_wconf 88' lang='lat' dir='ltr'>tum.</span> 
     </span>
    </p>

    <p class='ocr_par' dir='ltr' id='par_1_13' title="bbox 2160 1362 3726 5278">
     <span class='ocr_line' id='line_1_51' title="bbox 2250 1362 3713 1449; baseline -0.001 -21"><span class='ocrx_word' id='word_1_283' title='bbox 2250 1362 2432 1428; x_wconf 88' lang='lat' dir='ltr'>Circa</span> <span class='ocrx_word' id='word_1_284' title='bbox 2485 1362 2919 1449; x_wconf 86' lang='lat' dir='ltr'>ignorantiam</span> <span class='ocrx_word' id='word_1_285' title='bbox 2975 1364 3174 1442; x_wconf 76' lang='lat' dir='ltr'>Juris,</span> <span class='ocrx_word' id='word_1_286' title='bbox 3240 1364 3427 1429; x_wconf 85' lang='lat' dir='ltr'>docet</span> <span class='ocrx_word' id='word_1_287' title='bbox 3480 1367 3713 1428; x_wconf 88' lang='lat' dir='ltr'>Doctor</span> 
     </span>
     <span class='ocr_line' id='line_1_52' title="bbox 2164 1479 3712 1567; baseline 0.001 -25"><span class='ocrx_word' id='word_1_288' title='bbox 2164 1498 2292 1543; x_wconf 92' lang='lat' dir='ltr'>non</span> <span class='ocrx_word' id='word_1_289' title='bbox 2332 1480 2631 1545; x_wconf 82' lang='lat' dir='ltr'>excusari</span> <span class='ocrx_word' id='word_1_290' title='bbox 2665 1501 2700 1545; x_wconf 90' lang='lat' dir='ltr'>a</span> <span class='ocrx_word' id='word_1_291' title='bbox 2747 1479 2937 1566; x_wconf 90' lang='lat' dir='ltr'>culpa</span> <span class='ocrx_word' id='word_1_292' title='bbox 2976 1492 3082 1545; x_wconf 86' lang='lat' dir='ltr'>aut</span> <span class='ocrx_word' id='word_1_293' title='bbox 3118 1500 3337 1566; x_wconf 84' lang='lat' dir='ltr'>poena,</span> <span class='ocrx_word' id='word_1_294' title='bbox 3377 1479 3529 1567; x_wconf 90' lang='lat' dir='ltr'>quia</span> <span class='ocrx_word' id='word_1_295' title='bbox 3583 1500 3712 1544; x_wconf 89' lang='lat' dir='ltr'>non</span> 
     </span>
     <span class='ocr_line' id='line_1_53' title="bbox 2160 1594 3713 1682; baseline 0 -22"><span class='ocrx_word' id='word_1_296' title='bbox 2160 1609 2383 1661; x_wconf 88' lang='lat' dir='ltr'>censet</span> <span class='ocrx_word' id='word_1_297' title='bbox 2413 1594 2550 1661; x_wconf 91' lang='lat' dir='ltr'>dari</span> <span class='ocrx_word' id='word_1_298' title='bbox 2593 1596 3030 1682; x_wconf 87' lang='lat' dir='ltr'>ignorantiam</span> <span class='ocrx_word' id='word_1_299' title='bbox 3081 1596 3148 1662; x_wconf 91' lang='lat' dir='ltr'>in</span> <span class='ocrx_word' id='word_1_300' title='bbox 3191 1597 3314 1662; x_wconf 85' lang='lat' dir='ltr'>hoc</span> <span class='ocrx_word' id='word_1_301' title='bbox 3343 1616 3528 1675; x_wconf 85' lang='lat' dir='ltr'>casu,</span> <span class='ocrx_word' id='word_1_302' title='bbox 3565 1616 3713 1682; x_wconf 81' lang='lat' dir='ltr'>quae</span> 
     </span>
     <span class='ocr_line' id='line_1_54' title="bbox 2163 1711 3713 1799; baseline 0.001 -23"><span class='ocrx_word' id='word_1_303' title='bbox 2163 1711 2250 1776; x_wconf 83' lang='lat' dir='ltr'>sit</span> <span class='ocrx_word' id='word_1_304' title='bbox 2288 1712 2641 1797; x_wconf 88' lang='lat' dir='ltr'>probabilis</span> <span class='ocrx_word' id='word_1_305' title='bbox 2691 1725 2754 1778; x_wconf 88' lang='lat' dir='ltr'>et</span> <span class='ocrx_word' id='word_1_306' title='bbox 2791 1711 3082 1791; x_wconf 79' lang='lat' dir='ltr'>fundata,</span> <span class='ocrx_word' id='word_1_307' title='bbox 3141 1712 3293 1798; x_wconf 91' lang='lat' dir='ltr'>quia</span> <span class='ocrx_word' id='word_1_308' title='bbox 3344 1732 3579 1799; x_wconf 92' lang='lat' dir='ltr'>nempe</span> <span class='ocrx_word' id='word_1_309' title='bbox 3621 1711 3713 1777; x_wconf 92' lang='lat' dir='ltr'>in-</span> 
     </span>
     <span class='ocr_line' id='line_1_55' title="bbox 2164 1827 3711 1914; baseline 0.001 -23"><span class='ocrx_word' id='word_1_310' title='bbox 2164 1838 2261 1892; x_wconf 90' lang='lat' dir='ltr'>ter</span> <span class='ocrx_word' id='word_1_311' title='bbox 2306 1828 2672 1894; x_wconf 87' lang='lat' dir='ltr'>rudimenta</span> <span class='ocrx_word' id='word_1_312' title='bbox 2729 1827 3043 1895; x_wconf 83' lang='lat' dir='ltr'>doctrinae</span> <span class='ocrx_word' id='word_1_313' title='bbox 3118 1828 3509 1894; x_wconf 76' lang='lat' dir='ltr'>Christianae</span> <span class='ocrx_word' id='word_1_314' title='bbox 3573 1849 3711 1914; x_wconf 89' lang='lat' dir='ltr'>per-</span> 
     </span>
     <span class='ocr_line' id='line_1_56' title="bbox 2167 1943 3708 2032; baseline 0.003 -26"><span class='ocrx_word' id='word_1_315' title='bbox 2167 1943 2346 2008; x_wconf 91' lang='lat' dir='ltr'>vium</span> <span class='ocrx_word' id='word_1_316' title='bbox 2389 1958 2511 2024; x_wconf 83' lang='lat' dir='ltr'>est,</span> <span class='ocrx_word' id='word_1_317' title='bbox 2567 1965 2694 2010; x_wconf 92' lang='lat' dir='ltr'>non</span> <span class='ocrx_word' id='word_1_318' title='bbox 2755 1966 2946 2031; x_wconf 91' lang='lat' dir='ltr'>posse</span> <span class='ocrx_word' id='word_1_319' title='bbox 3010 1945 3224 2011; x_wconf 85' lang='lat' dir='ltr'>iterari</span> <span class='ocrx_word' id='word_1_320' title='bbox 3278 1945 3708 2032; x_wconf 86' lang='lat' dir='ltr'>Baptismum.</span> 
     </span>
     <span class='ocr_line' id='line_1_57' title="bbox 2162 2060 3717 2160; baseline 0.002 -35"><span class='ocrx_word' id='word_1_321' title='bbox 2162 2062 2240 2125; x_wconf 88' lang='lat' dir='ltr'>Et</span> <span class='ocrx_word' id='word_1_322' title='bbox 2282 2060 2599 2160; x_wconf 76' lang='lat' dir='ltr'>quidquid</span> <span class='ocrx_word' id='word_1_323' title='bbox 2641 2060 2726 2127; x_wconf 92' lang='lat' dir='ltr'>sit</span> <span class='ocrx_word' id='word_1_324' title='bbox 2758 2061 2838 2126; x_wconf 89' lang='lat' dir='ltr'>de</span> <span class='ocrx_word' id='word_1_325' title='bbox 2872 2061 3239 2148; x_wconf 89' lang='lat' dir='ltr'>ignorantia</span> <span class='ocrx_word' id='word_1_326' title='bbox 3282 2061 3554 2128; x_wconf 90' lang='lat' dir='ltr'>canonis</span> <span class='ocrx_word' id='word_1_327' title='bbox 3595 2065 3717 2128; x_wconf 86' lang='lat' dir='ltr'>Ec-</span> 
     </span>
     <span class='ocr_line' id='line_1_58' title="bbox 2162 2174 3712 2266; baseline 0.002 -26"><span class='ocrx_word' id='word_1_328' title='bbox 2162 2174 2536 2255; x_wconf 87' lang='lat' dir='ltr'>clesiastici,</span> <span class='ocrx_word' id='word_1_329' title='bbox 2605 2176 2834 2242; x_wconf 89' lang='lat' dir='ltr'>saltem</span> <span class='ocrx_word' id='word_1_330' title='bbox 2904 2178 3321 2264; x_wconf 88' lang='lat' dir='ltr'>cognoscitur</span> <span class='ocrx_word' id='word_1_331' title='bbox 3370 2180 3483 2266; x_wconf 90' lang='lat' dir='ltr'>jus</span> <span class='ocrx_word' id='word_1_332' title='bbox 3540 2177 3712 2245; x_wconf 86' lang='lat' dir='ltr'>divi-</span> 
     </span>
     <span class='ocr_line' id='line_1_59' title="bbox 2167 2290 3713 2381; baseline 0.001 -26"><span class='ocrx_word' id='word_1_333' title='bbox 2167 2310 2351 2371; x_wconf 87' lang='lat' dir='ltr'>num,</span> <span class='ocrx_word' id='word_1_334' title='bbox 2433 2290 2536 2358; x_wconf 90' lang='lat' dir='ltr'>vel</span> <span class='ocrx_word' id='word_1_335' title='bbox 2596 2305 2697 2358; x_wconf 91' lang='lat' dir='ltr'>est</span> <span class='ocrx_word' id='word_1_336' title='bbox 2776 2293 3066 2367; x_wconf 89' lang='lat' dir='ltr'>debitum</span> <span class='ocrx_word' id='word_1_337' title='bbox 3141 2295 3578 2381; x_wconf 87' lang='lat' dir='ltr'>cognoscendi</span> <span class='ocrx_word' id='word_1_338' title='bbox 3649 2294 3713 2359; x_wconf 90' lang='lat' dir='ltr'>in</span> 
     </span>
     <span class='ocr_line' id='line_1_60' title="bbox 2168 2407 3716 2499; baseline 0.005 -28"><span class='ocrx_word' id='word_1_339' title='bbox 2168 2407 2458 2493; x_wconf 85' lang='lat' dir='ltr'>quolibet</span> <span class='ocrx_word' id='word_1_340' title='bbox 2519 2409 2890 2475; x_wconf 88' lang='lat' dir='ltr'>Christiano</span> <span class='ocrx_word' id='word_1_341' title='bbox 2958 2411 3199 2491; x_wconf 89' lang='lat' dir='ltr'>adulto,</span> <span class='ocrx_word' id='word_1_342' title='bbox 3282 2413 3391 2499; x_wconf 90' lang='lat' dir='ltr'>qui</span> <span class='ocrx_word' id='word_1_343' title='bbox 3463 2425 3716 2478; x_wconf 80' lang='lat' dir='ltr'>tenetur</span> 
     </span>
     <span class='ocr_line' id='line_1_61' title="bbox 2166 2521 3714 2614; baseline 0.005 -28"><span class='ocrx_word' id='word_1_344' title='bbox 2166 2521 2243 2586; x_wconf 92' lang='lat' dir='ltr'>ad</span> <span class='ocrx_word' id='word_1_345' title='bbox 2294 2522 2655 2587; x_wconf 83' lang='lat' dir='ltr'>doctrinam</span> <span class='ocrx_word' id='word_1_346' title='bbox 2725 2526 2803 2590; x_wconf 91' lang='lat' dir='ltr'>de</span> <span class='ocrx_word' id='word_1_347' title='bbox 2870 2525 3239 2611; x_wconf 83' lang='lat' dir='ltr'>Baptismo;</span> <span class='ocrx_word' id='word_1_348' title='bbox 3304 2538 3367 2592; x_wconf 91' lang='lat' dir='ltr'>et</span> <span class='ocrx_word' id='word_1_349' title='bbox 3406 2526 3714 2614; x_wconf 86' lang='lat' dir='ltr'>quoniam</span> 
     </span>
     <span class='ocr_line' id='line_1_62' title="bbox 2168 2638 3713 2729; baseline 0.005 -27"><span class='ocrx_word' id='word_1_350' title='bbox 2168 2638 2511 2722; x_wconf 89' lang='lat' dir='ltr'>supposita</span> <span class='ocrx_word' id='word_1_351' title='bbox 2551 2639 2823 2705; x_wconf 88' lang='lat' dir='ltr'>scientia</span> <span class='ocrx_word' id='word_1_352' title='bbox 2848 2641 3043 2726; x_wconf 89' lang='lat' dir='ltr'>hujus</span> <span class='ocrx_word' id='word_1_353' title='bbox 3067 2642 3265 2728; x_wconf 85' lang='lat' dir='ltr'>juris,</span> <span class='ocrx_word' id='word_1_354' title='bbox 3300 2643 3409 2708; x_wconf 88' lang='lat' dir='ltr'>dat</span> <span class='ocrx_word' id='word_1_355' title='bbox 3446 2664 3713 2729; x_wconf 89' lang='lat' dir='ltr'>operam</span> 
     </span>
     <span class='ocr_line' id='line_1_63' title="bbox 2171 2755 3712 2846; baseline 0.006 -27"><span class='ocrx_word' id='word_1_356' title='bbox 2171 2755 2261 2820; x_wconf 89' lang='lat' dir='ltr'>rei</span> <span class='ocrx_word' id='word_1_357' title='bbox 2309 2755 2574 2835; x_wconf 83' lang='lat' dir='ltr'>illicitae,</span> <span class='ocrx_word' id='word_1_358' title='bbox 2616 2757 2808 2823; x_wconf 91' lang='lat' dir='ltr'>etiam</span> <span class='ocrx_word' id='word_1_359' title='bbox 2852 2759 3093 2846; x_wconf 88' lang='lat' dir='ltr'>ligatur</span> <span class='ocrx_word' id='word_1_360' title='bbox 3135 2781 3324 2845; x_wconf 85' lang='lat' dir='ltr'>poena</span> <span class='ocrx_word' id='word_1_361' title='bbox 3379 2762 3712 2842; x_wconf 89' lang='lat' dir='ltr'>canonica,</span> 
     </span>
     <span class='ocr_line' id='line_1_64' title="bbox 2169 2873 3722 2965; baseline 0.005 -29"><span class='ocrx_word' id='word_1_362' title='bbox 2169 2892 2318 2958; x_wconf 84' lang='lat' dir='ltr'>quae</span> <span class='ocrx_word' id='word_1_363' title='bbox 2361 2873 3005 2959; x_wconf 87' lang='lat' dir='ltr'>transgredientibus</span> <span class='ocrx_word' id='word_1_364' title='bbox 3040 2876 3150 2962; x_wconf 91' lang='lat' dir='ltr'>jus</span> <span class='ocrx_word' id='word_1_365' title='bbox 3184 2876 3485 2942; x_wconf 83' lang='lat' dir='ltr'>divinum</span> <span class='ocrx_word' id='word_1_366' title='bbox 3520 2879 3722 2965; x_wconf 89' lang='lat' dir='ltr'>impo-</span> 
     </span>
     <span class='ocr_line' id='line_1_65' title="bbox 2173 2985 3719 3079; baseline 0.005 -27"><span class='ocrx_word' id='word_1_367' title='bbox 2173 2985 2375 3070; x_wconf 86' lang='lat' dir='ltr'>nitur,</span> <span class='ocrx_word' id='word_1_368' title='bbox 2411 2989 2581 3075; x_wconf 91' lang='lat' dir='ltr'>quod</span> <span class='ocrx_word' id='word_1_369' title='bbox 2629 3003 2729 3055; x_wconf 90' lang='lat' dir='ltr'>est</span> <span class='ocrx_word' id='word_1_370' title='bbox 2777 2990 3172 3077; x_wconf 88' lang='lat' dir='ltr'>principium</span> <span class='ocrx_word' id='word_1_371' title='bbox 3207 2990 3480 3079; x_wconf 87' lang='lat' dir='ltr'>vulgare</span> <span class='ocrx_word' id='word_1_372' title='bbox 3517 2997 3719 3059; x_wconf 89' lang='lat' dir='ltr'>Cano-</span> 
     </span>
     <span class='ocr_line' id='line_1_66' title="bbox 2174 3104 3713 3189; baseline 0.005 -20"><span class='ocrx_word' id='word_1_373' title='bbox 2174 3104 2526 3172; x_wconf 81' lang='lat' dir='ltr'>nistarum.</span> <span class='ocrx_word' id='word_1_374' title='bbox 2574 3107 2644 3171; x_wconf 92' lang='lat' dir='ltr'>ln</span> <span class='ocrx_word' id='word_1_375' title='bbox 2678 3106 2797 3171; x_wconf 86' lang='lat' dir='ltr'>hac</span> <span class='ocrx_word' id='word_1_376' title='bbox 2838 3127 2906 3172; x_wconf 86' lang='lat' dir='ltr'>re</span> <span class='ocrx_word' id='word_1_377' title='bbox 2937 3108 3139 3175; x_wconf 81' lang='lat' dir='ltr'>variae</span> <span class='ocrx_word' id='word_1_378' title='bbox 3162 3120 3313 3175; x_wconf 83' lang='lat' dir='ltr'>sunt</span> <span class='ocrx_word' id='word_1_379' title='bbox 3344 3109 3713 3189; x_wconf 80' lang='lat' dir='ltr'>sententiae,</span> 
     </span>
     <span class='ocr_line' id='line_1_67' title="bbox 2170 3221 3716 3309; baseline 0.003 -22"><span class='ocrx_word' id='word_1_380' title='bbox 2170 3221 2410 3309; x_wconf 89' lang='lat' dir='ltr'>quibus</span> <span class='ocrx_word' id='word_1_381' title='bbox 2451 3242 2578 3287; x_wconf 88' lang='lat' dir='ltr'>non</span> <span class='ocrx_word' id='word_1_382' title='bbox 2620 3221 2954 3304; x_wconf 90' lang='lat' dir='ltr'>immoror,</span> <span class='ocrx_word' id='word_1_383' title='bbox 2997 3225 3382 3291; x_wconf 85' lang='lat' dir='ltr'>remittendo</span> <span class='ocrx_word' id='word_1_384' title='bbox 3413 3226 3716 3293; x_wconf 88' lang='lat' dir='ltr'>lectorem</span> 
     </span>
     <span class='ocr_line' id='line_1_68' title="bbox 2172 3338 3716 3427; baseline 0.005 -24"><span class='ocrx_word' id='word_1_385' title='bbox 2172 3338 2250 3404; x_wconf 86' lang='lat' dir='ltr'>ad</span> <span class='ocrx_word' id='word_1_386' title='bbox 2312 3338 2660 3418; x_wconf 88' lang='lat' dir='ltr'>scholium,</span> <span class='ocrx_word' id='word_1_387' title='bbox 2723 3340 2896 3426; x_wconf 89' lang='lat' dir='ltr'>quod</span> <span class='ocrx_word' id='word_1_388' title='bbox 2963 3341 3308 3427; x_wconf 71' lang='lat' dir='ltr'>praedictas</span> <span class='ocrx_word' id='word_1_389' title='bbox 3358 3344 3716 3411; x_wconf 88' lang='lat' dir='ltr'>sententias</span> 
     </span>
     <span class='ocr_line' id='line_1_69' title="bbox 2173 3456 3715 3542; baseline 0.003 -22"><span class='ocrx_word' id='word_1_390' title='bbox 2173 3456 2457 3520; x_wconf 87' lang='lat' dir='ltr'>breviter</span> <span class='ocrx_word' id='word_1_391' title='bbox 2485 3468 2548 3521; x_wconf 89' lang='lat' dir='ltr'>et</span> <span class='ocrx_word' id='word_1_392' title='bbox 2587 3456 2757 3535; x_wconf 85' lang='lat' dir='ltr'>clare</span> <span class='ocrx_word' id='word_1_393' title='bbox 2787 3458 3306 3542; x_wconf 86' lang='lat' dir='ltr'>comprehendit.</span> <span class='ocrx_word' id='word_1_394' title='bbox 3353 3458 3422 3524; x_wconf 92' lang='lat' dir='ltr'>ld</span> <span class='ocrx_word' id='word_1_395' title='bbox 3464 3473 3715 3526; x_wconf 90' lang='lat' dir='ltr'>certum</span> 
     </span>
     <span class='ocr_line' id='line_1_70' title="bbox 2173 3570 3713 3659; baseline 0.003 -22"><span class='ocrx_word' id='word_1_396' title='bbox 2173 3570 2489 3659; x_wconf 86' lang='lat' dir='ltr'>quidquid</span> <span class='ocrx_word' id='word_1_397' title='bbox 2523 3573 2608 3637; x_wconf 83' lang='lat' dir='ltr'>sit</span> <span class='ocrx_word' id='word_1_398' title='bbox 2669 3572 2733 3637; x_wconf 89' lang='lat' dir='ltr'>in</span> <span class='ocrx_word' id='word_1_399' title='bbox 2792 3572 2930 3639; x_wconf 81' lang='lat' dir='ltr'>foro</span> <span class='ocrx_word' id='word_1_400' title='bbox 3002 3574 3278 3652; x_wconf 84' lang='lat' dir='ltr'>interno,</span> <span class='ocrx_word' id='word_1_401' title='bbox 3326 3574 3393 3639; x_wconf 92' lang='lat' dir='ltr'>in</span> <span class='ocrx_word' id='word_1_402' title='bbox 3443 3588 3713 3642; x_wconf 86' lang='lat' dir='ltr'>externo</span> 
     </span>
     <span class='ocr_line' id='line_1_71' title="bbox 2175 3685 3711 3775; baseline 0.003 -26"><span class='ocrx_word' id='word_1_403' title='bbox 2175 3705 2302 3750; x_wconf 90' lang='lat' dir='ltr'>non</span> <span class='ocrx_word' id='word_1_404' title='bbox 2343 3685 2594 3751; x_wconf 88' lang='lat' dir='ltr'>admitti</span> <span class='ocrx_word' id='word_1_405' title='bbox 2622 3685 3057 3773; x_wconf 86' lang='lat' dir='ltr'>ignorantiam</span> <span class='ocrx_word' id='word_1_406' title='bbox 3087 3686 3285 3767; x_wconf 78' lang='lat' dir='ltr'>Juris,</span> <span class='ocrx_word' id='word_1_407' title='bbox 3318 3688 3443 3754; x_wconf 90' lang='lat' dir='ltr'>nisi</span> <span class='ocrx_word' id='word_1_408' title='bbox 3477 3689 3711 3775; x_wconf 87' lang='lat' dir='ltr'>probe·</span> 
     </span>
     <span class='ocr_line' id='line_1_72' title="bbox 2173 3803 3720 3892; baseline 0.003 -25"><span class='ocrx_word' id='word_1_409' title='bbox 2173 3819 2300 3884; x_wconf 87' lang='lat' dir='ltr'>tur,</span> <span class='ocrx_word' id='word_1_410' title='bbox 2337 3803 2487 3890; x_wconf 88' lang='lat' dir='ltr'>quia</span> <span class='ocrx_word' id='word_1_411' title='bbox 2527 3803 2956 3889; x_wconf 82' lang='lat' dir='ltr'>praesumptio</span> <span class='ocrx_word' id='word_1_412' title='bbox 3005 3804 3203 3890; x_wconf 87' lang='lat' dir='ltr'>hujus</span> <span class='ocrx_word' id='word_1_413' title='bbox 3246 3805 3392 3884; x_wconf 80' lang='lat' dir='ltr'>fori,</span> <span class='ocrx_word' id='word_1_414' title='bbox 3431 3817 3558 3871; x_wconf 86' lang='lat' dir='ltr'>stat</span> <span class='ocrx_word' id='word_1_415' title='bbox 3605 3827 3720 3892; x_wconf 89' lang='lat' dir='ltr'>pro</span> 
     </span>
     <span class='ocr_line' id='line_1_73' title="bbox 2175 3919 3719 4008; baseline 0.002 -24"><span class='ocrx_word' id='word_1_416' title='bbox 2175 3919 2317 4005; x_wconf 85' lang='lat' dir='ltr'>lege</span> <span class='ocrx_word' id='word_1_417' title='bbox 2384 3919 2643 4005; x_wconf 86' lang='lat' dir='ltr'>publica</span> <span class='ocrx_word' id='word_1_418' title='bbox 2705 3919 2939 4007; x_wconf 83' lang='lat' dir='ltr'>magiS,</span> <span class='ocrx_word' id='word_1_419' title='bbox 3016 3940 3210 4007; x_wconf 89' lang='lat' dir='ltr'>quam</span> <span class='ocrx_word' id='word_1_420' title='bbox 3283 3941 3400 4006; x_wconf 94' lang='lat' dir='ltr'>pro</span> <span class='ocrx_word' id='word_1_421' title='bbox 3462 3922 3719 4008; x_wconf 88' lang='lat' dir='ltr'>privata</span> 
     </span>
     <span class='ocr_line' id='line_1_74' title="bbox 2172 4035 3721 4124; baseline 0.001 -24"><span class='ocrx_word' id='word_1_422' title='bbox 2172 4036 2600 4122; x_wconf 84' lang='lat' dir='ltr'>dispositione</span> <span class='ocrx_word' id='word_1_423' title='bbox 2638 4037 2835 4124; x_wconf 87' lang='lat' dir='ltr'>hujus</span> <span class='ocrx_word' id='word_1_424' title='bbox 2883 4049 2995 4102; x_wconf 90' lang='lat' dir='ltr'>aut</span> <span class='ocrx_word' id='word_1_425' title='bbox 3026 4035 3224 4103; x_wconf 86' lang='lat' dir='ltr'>illius.</span> <span class='ocrx_word' id='word_1_426' title='bbox 3264 4041 3416 4103; x_wconf 86' lang='lat' dir='ltr'>Haec</span> <span class='ocrx_word' id='word_1_427' title='bbox 3445 4038 3721 4124; x_wconf 87' lang='lat' dir='ltr'>quaestio</span> 
     </span>
     <span class='ocr_line' id='line_1_75' title="bbox 2173 4151 3718 4240; baseline 0.003 -25"><span class='ocrx_word' id='word_1_428' title='bbox 2173 4151 2467 4233; x_wconf 79' lang='lat' dir='ltr'>forsitan,</span> <span class='ocrx_word' id='word_1_429' title='bbox 2504 4153 2558 4219; x_wconf 91' lang='lat' dir='ltr'>si</span> <span class='ocrx_word' id='word_1_430' title='bbox 2602 4163 2913 4219; x_wconf 88' lang='lat' dir='ltr'>tractatus</span> <span class='ocrx_word' id='word_1_431' title='bbox 2958 4164 3023 4219; x_wconf 90' lang='lat' dir='ltr'>et</span> <span class='ocrx_word' id='word_1_432' title='bbox 3071 4166 3330 4239; x_wconf 88' lang='lat' dir='ltr'>tempus</span> <span class='ocrx_word' id='word_1_433' title='bbox 3364 4153 3718 4240; x_wconf 88' lang='lat' dir='ltr'>permittat,</span> 
     </span>
     <span class='ocr_line' id='line_1_76' title="bbox 2173 4266 3726 4355; baseline 0.001 -23"><span class='ocrx_word' id='word_1_434' title='bbox 2173 4268 2341 4332; x_wconf 79' lang='lat' dir='ltr'>infra</span> <span class='ocrx_word' id='word_1_435' title='bbox 2372 4266 2732 4335; x_wconf 90' lang='lat' dir='ltr'>disseretur</span> <span class='ocrx_word' id='word_1_436' title='bbox 2762 4268 2829 4333; x_wconf 91' lang='lat' dir='ltr'>in</span> <span class='ocrx_word' id='word_1_437' title='bbox 2867 4270 3006 4335; x_wconf 91' lang='lat' dir='ltr'>suis</span> <span class='ocrx_word' id='word_1_438' title='bbox 3036 4268 3403 4355; x_wconf 89' lang='lat' dir='ltr'>principiis,</span> <span class='ocrx_word' id='word_1_439' title='bbox 3441 4290 3590 4355; x_wconf 87' lang='lat' dir='ltr'>quae</span> <span class='ocrx_word' id='word_1_440' title='bbox 3619 4269 3726 4334; x_wconf 83' lang='lat' dir='ltr'>hic</span> 
     </span>
     <span class='ocr_line' id='line_1_77' title="bbox 2173 4384 3724 4473; baseline 0.002 -24"><span class='ocrx_word' id='word_1_441' title='bbox 2173 4384 2534 4451; x_wconf 85' lang='lat' dir='ltr'>incidenter</span> <span class='ocrx_word' id='word_1_442' title='bbox 2577 4385 2873 4465; x_wconf 89' lang='lat' dir='ltr'>veniunt,</span> <span class='ocrx_word' id='word_1_443' title='bbox 2941 4398 3147 4452; x_wconf 90' lang='lat' dir='ltr'>totum</span> <span class='ocrx_word' id='word_1_444' title='bbox 3190 4386 3526 4473; x_wconf 89' lang='lat' dir='ltr'>negotium</span> <span class='ocrx_word' id='word_1_445' title='bbox 3567 4406 3724 4452; x_wconf 93' lang='lat' dir='ltr'>con-</span> 
     </span>
     <span class='ocr_line' id='line_1_78' title="bbox 2171 4500 3722 4591; baseline 0.003 -25"><span class='ocrx_word' id='word_1_446' title='bbox 2171 4500 2343 4567; x_wconf 89' lang='lat' dir='ltr'>sistit</span> <span class='ocrx_word' id='word_1_447' title='bbox 2410 4502 2473 4567; x_wconf 92' lang='lat' dir='ltr'>in</span> <span class='ocrx_word' id='word_1_448' title='bbox 2532 4523 2631 4581; x_wconf 91' lang='lat' dir='ltr'>eo,</span> <span class='ocrx_word' id='word_1_449' title='bbox 2682 4514 2748 4568; x_wconf 91' lang='lat' dir='ltr'>ut</span> <span class='ocrx_word' id='word_1_450' title='bbox 2806 4505 3116 4589; x_wconf 87' lang='lat' dir='ltr'>probetur</span> <span class='ocrx_word' id='word_1_451' title='bbox 3155 4502 3297 4572; x_wconf 88' lang='lat' dir='ltr'>dari</span> <span class='ocrx_word' id='word_1_452' title='bbox 3353 4504 3722 4591; x_wconf 89' lang='lat' dir='ltr'>ignorantia</span> 
     </span>
     <span class='ocr_line' id='line_1_79' title="bbox 2173 4616 3717 4705; baseline 0.002 -24"><span class='ocrx_word' id='word_1_453' title='bbox 2173 4616 2524 4702; x_wconf 90' lang='lat' dir='ltr'>probabilis</span> <span class='ocrx_word' id='word_1_454' title='bbox 2561 4617 2758 4698; x_wconf 89' lang='lat' dir='ltr'>Juris,</span> <span class='ocrx_word' id='word_1_455' title='bbox 2823 4639 2972 4704; x_wconf 81' lang='lat' dir='ltr'>quae</span> <span class='ocrx_word' id='word_1_456' title='bbox 3039 4629 3310 4685; x_wconf 86' lang='lat' dir='ltr'>excuset</span> <span class='ocrx_word' id='word_1_457' title='bbox 3353 4639 3389 4685; x_wconf 88' lang='lat' dir='ltr'>a</span> <span class='ocrx_word' id='word_1_458' title='bbox 3427 4632 3717 4705; x_wconf 82' lang='lat' dir='ltr'>peccatO,</span> 
     </span>
     <span class='ocr_line' id='line_1_80' title="bbox 2171 4733 3721 4822; baseline 0.001 -24"><span class='ocrx_word' id='word_1_459' title='bbox 2171 4745 2232 4798; x_wconf 85' lang='lat' dir='ltr'>et</span> <span class='ocrx_word' id='word_1_460' title='bbox 2264 4745 2740 4820; x_wconf 88' lang='lat' dir='ltr'>consequenter</span> <span class='ocrx_word' id='word_1_461' title='bbox 2789 4754 2824 4799; x_wconf 90' lang='lat' dir='ltr'>a</span> <span class='ocrx_word' id='word_1_462' title='bbox 2865 4755 3080 4821; x_wconf 89' lang='lat' dir='ltr'>poena,</span> <span class='ocrx_word' id='word_1_463' title='bbox 3118 4755 3267 4822; x_wconf 85' lang='lat' dir='ltr'>quae</span> <span class='ocrx_word' id='word_1_464' title='bbox 3305 4735 3414 4800; x_wconf 86' lang='lat' dir='ltr'>vix</span> <span class='ocrx_word' id='word_1_465' title='bbox 3465 4733 3530 4799; x_wconf 90' lang='lat' dir='ltr'>in</span> <span class='ocrx_word' id='word_1_466' title='bbox 3574 4755 3721 4820; x_wconf 86' lang='lat' dir='ltr'>pro·</span> 
     </span>
     <span class='ocr_line' id='line_1_81' title="bbox 2175 4844 3719 4938; baseline 0.001 -23"><span class='ocrx_word' id='word_1_467' title='bbox 2175 4844 2386 4935; x_wconf 92' lang='lat' dir='ltr'>posito</span> <span class='ocrx_word' id='word_1_468' title='bbox 2455 4850 2666 4937; x_wconf 89' lang='lat' dir='ltr'>quoad</span> <span class='ocrx_word' id='word_1_469' title='bbox 2748 4852 3172 4937; x_wconf 88' lang='lat' dir='ltr'>principalem</span> <span class='ocrx_word' id='word_1_470' title='bbox 3259 4872 3483 4918; x_wconf 89' lang='lat' dir='ltr'>casum</span> <span class='ocrx_word' id='word_1_471' title='bbox 3554 4850 3719 4938; x_wconf 86' lang='lat' dir='ltr'>fingi</span> 
     </span>
     <span class='ocr_line' id='line_1_82' title="bbox 2177 4966 3717 5050; baseline 0 -19"><span class='ocrx_word' id='word_1_472' title='bbox 2177 4976 2411 5050; x_wconf 87' lang='lat' dir='ltr'>potest.</span> <span class='ocrx_word' id='word_1_473' title='bbox 2474 4966 2741 5032; x_wconf 86' lang='lat' dir='ltr'>Interim</span> <span class='ocrx_word' id='word_1_474' title='bbox 2775 4966 3123 5033; x_wconf 88' lang='lat' dir='ltr'>videantur</span> <span class='ocrx_word' id='word_1_475' title='bbox 3160 4979 3462 5034; x_wconf 84' lang='lat' dir='ltr'>auctores</span> <span class='ocrx_word' id='word_1_476' title='bbox 3512 4966 3717 5047; x_wconf 86' lang='lat' dir='ltr'>citati,</span> 
     </span>
     <span class='ocr_line' id='line_1_83' title="bbox 2174 5084 3721 5172; baseline 0.001 -24"><span class='ocrx_word' id='word_1_477' title='bbox 2174 5096 2236 5149; x_wconf 91' lang='lat' dir='ltr'>et</span> <span class='ocrx_word' id='word_1_478' title='bbox 2274 5084 2652 5150; x_wconf 83' lang='lat' dir='ltr'>Summistae</span> <span class='ocrx_word' id='word_1_479' title='bbox 2693 5084 2892 5151; x_wconf 86' lang='lat' dir='ltr'>verbo</span> <span class='ocrx_word' id='word_1_480' title='bbox 2942 5086 3356 5172; x_wconf 75' lang='lat' dir='ltr'>Iynoranlia,</span> <span class='ocrx_word' id='word_1_481' title='bbox 3407 5086 3541 5165; x_wconf 70' lang='lat' dir='ltr'>lem,</span> <span class='ocrx_word' id='word_1_482' title='bbox 3587 5106 3721 5171; x_wconf 85' lang='lat' dir='ltr'>poe·</span> 
     </span>
     <span class='ocr_line' id='line_1_84' title="bbox 2173 5199 3724 5278; baseline 0.002 -16"><span class='ocrx_word' id='word_1_483' title='bbox 2173 5220 2286 5278; x_wconf 76' lang='lat' dir='ltr'>na,</span> <span class='ocrx_word' id='word_1_484' title='bbox 2333 5215 2455 5264; x_wconf 85' lang='lat' dir='ltr'>etc.</span> <span class='ocrx_word' id='word_1_485' title='bbox 2503 5199 2792 5274; x_wconf 74' lang='lat' dir='ltr'>Quaestio</span> <span class='ocrx_word' id='word_1_486' title='bbox 2824 5199 3017 5266; x_wconf 89' lang='lat' dir='ltr'>etiam</span> <span class='ocrx_word' id='word_1_487' title='bbox 3052 5200 3263 5267; x_wconf 77' lang='lat' dir='ltr'>fusius</span> <span class='ocrx_word' id='word_1_488' title='bbox 3312 5212 3627 5266; x_wconf 88' lang='lat' dir='ltr'>tractatur</span> <span class='ocrx_word' id='word_1_489' title='bbox 3659 5200 3724 5265; x_wconf 89' lang='lat' dir='ltr'>in</span> 
     </span>
    </p>
   </div>
   <div class='ocr_carea' id='block_1_12' title="bbox 2131 5314 3721 5403">
    <p class='ocr_par' dir='ltr' id='par_1_14' title="bbox 2131 5314 3721 5403">
     <span class='ocr_line' id='line_1_85' title="bbox 2131 5314 3721 5403; baseline 0.001 -23"><span class='ocrx_word' id='word_1_490' title='bbox 2131 5318 2136 5323; x_wconf 84' lang='grc'><strong>’</strong></span> <span class='ocrx_word' id='word_1_491' title='bbox 2183 5316 2451 5381; x_wconf 86' lang='lat' dir='ltr'>materia</span> <span class='ocrx_word' id='word_1_492' title='bbox 2492 5314 2571 5381; x_wconf 89' lang='lat' dir='ltr'>de</span> <span class='ocrx_word' id='word_1_493' title='bbox 2627 5314 2880 5382; x_wconf 89' lang='lat' dir='ltr'>actibus</span> <span class='ocrx_word' id='word_1_494' title='bbox 2951 5317 3258 5383; x_wconf 90' lang='lat' dir='ltr'>humanis</span> <span class='ocrx_word' id='word_1_495' title='bbox 3317 5328 3380 5382; x_wconf 88' lang='lat' dir='ltr'>et</span> <span class='ocrx_word' id='word_1_496' title='bbox 3411 5316 3721 5403; x_wconf 87' lang='lat' dir='ltr'>peccatis.</span> 
     </span>
    </p>
   </div>
   <div class='ocr_carea' id='block_1_13' title="bbox 2174 5431 3724 5636">
    <p class='ocr_par' dir='ltr' id='par_1_15' title="bbox 2174 5431 3724 5636">
     <span class='ocr_line' id='line_1_86' title="bbox 2177 5431 3724 5519; baseline 0.001 -22"><span class='ocrx_word' id='word_1_497' title='bbox 2177 5431 2360 5506; x_wconf 87' lang='lat' dir='ltr'>Quod</span> <span class='ocrx_word' id='word_1_498' title='bbox 2410 5443 2626 5497; x_wconf 89' lang='lat' dir='ltr'>autem</span> <span class='ocrx_word' id='word_1_499' title='bbox 2686 5433 2921 5499; x_wconf 88' lang='lat' dir='ltr'>asserit</span> <span class='ocrx_word' id='word_1_500' title='bbox 2984 5437 3217 5500; x_wconf 90' lang='lat' dir='ltr'>Doctor</span> <span class='ocrx_word' id='word_1_501' title='bbox 3279 5432 3724 5519; x_wconf 88' lang='lat' dir='ltr'>irregularita-</span> 
     </span>
     <span class='ocr_line' id='line_1_87' title="bbox 2174 5549 3717 5636; baseline 0.001 -23"><span class='ocrx_word' id='word_1_502' title='bbox 2174 5559 2303 5614; x_wconf 87' lang='lat' dir='ltr'>tem</span> <span class='ocrx_word' id='word_1_503' title='bbox 2344 5550 2666 5615; x_wconf 89' lang='lat' dir='ltr'>occultam</span> <span class='ocrx_word' id='word_1_504' title='bbox 2737 5550 3122 5636; x_wconf 89' lang='lat' dir='ltr'>dispensari</span> <span class='ocrx_word' id='word_1_505' title='bbox 3174 5551 3339 5617; x_wconf 82' lang='lat' dir='ltr'>forte</span> <span class='ocrx_word' id='word_1_506' title='bbox 3380 5571 3577 5636; x_wconf 89' lang='lat' dir='ltr'>posse</span> <span class='ocrx_word' id='word_1_507' title='bbox 3637 5549 3717 5616; x_wconf 89' lang='lat' dir='ltr'>ab</span> 
     </span>
    </p>
   </div>
  </div>
 </body>
</html>
