4287 6313
531 395 649 458 628

206 558 453 673 ‘ufffiffii
523 561 674 638 quia
724 563 934 622 unitas
992 560 1057 621 et
1114 561 1447 637 pluralitas
1499 566 1652 621 sunt
1708 560 1772 619 in
1833 559 2074 620 eodem

333 655 345 671 ι
460 659 472 683 ⁴!

205 691 253 735 et
296 683 474 734 relatio
522 676 851 756 subjecto,
907 678 973 738 in
1043 693 1173 755 quo
1235 681 1337 738 est
1394 675 1618 737 relatio
1682 673 2077 736 diversitatis

209 751 467 858 iii⁸e¹¹0¹212m
529 796 591 853 el
619 793 999 866 identitatis,
1036 798 1149 855 aui
1198 792 1666 855 similitudinis.
1724 789 2079 852 Difficultas

218 873 471 933 subjecto.
1305 911 1316 922 .
1752 910 1762 921 .
1875 910 1886 921 .

192 933 481 984 patei-nitas
529 926 677 971 esse
727 915 945 986 potest
1002 908 1085 970 de
1133 909 1453 970 relatione
1516 913 1948 986 paternitatlS‚
1996 921 2078 967 an

183 995 424 1109 fundtgffii·
451 997 503 1046 ³⁰
527 1029 819 1102 potentia
874 1029 1257 1105 generativa
1314 1026 1395 1087 sit
1452 1027 1518 1086 in
1597 1029 1754 1096 tote,
1822 1026 1886 1084 in
1949 1041 2078 1102 quo

528 1147 593 1203 et
647 1142 786 1219 ipsa
859 1144 1113 1214 relatiO,
1189 1143 1292 1204 vel
1358 1142 1423 1203 in
1497 1143 1617 1203 illis
1662 1143 1952 1220 organiS,
2014 1142 2079 1202 in

527 1258 763 1336 quibus
819 1258 1019 1321 habet
1077 1260 1548 1339 operationem.
1618 1255 2080 1336 Respondetur

525 1390 673 1435 esse
720 1374 785 1434 in
836 1382 995 1446 toto,
1048 1377 1198 1454 quia
1247 1376 1590 1453 phantasia
1641 1381 1706 1436 et
1749 1374 2080 1452 appetitus

525 1497 924 1554 concurrunt
1008 1492 1200 1554 etiam
1275 1491 1359 1554 ad
1423 1497 1946 1573 generationem,
2014 1495 2083 1552 et

523 1609 848 1680 nutritiva,
886 1624 1036 1687 quae
1070 1609 1390 1670 ministrat
1434 1613 1501 1669 et
1541 1607 1826 1685 disponit
1867 1611 2071 1668 mate-

524 1727 710 1787 riam.
758 1724 1137 1787 Secundum
1189 1727 1423 1803 probat
1478 1724 1654 1785 idem
1715 1741 1796 1784 ex
1837 1721 2074 1785 funda-

526 1844 748 1902 mento
782 1841 1156 1915 universali,
1195 1843 1345 1919 quia
1381 1858 1514 1903 non
1551 1857 1670 1902 ens
1700 1856 1834 1902 non
1863 1843 2080 1919 potest

532 1949 676 2021 esse
748 1959 1280 2032 fundamentum,
1344 1964 1456 2021 aut
1524 1960 1685 2020 ratio
1758 1956 2078 2020 fundandi

530 2075 919 2136 relationem
959 2077 1226 2148 realem,
1282 2077 1431 2156 quia
1491 2078 1614 2137 hoc
1690 2075 2081 2136 discernitur

531 2191 756 2253 relatio
830 2193 1023 2253 realis
1078 2208 1114 2252 a
1158 2194 1476 2254 relatione
1536 2192 1822 2260 rationis,
1899 2189 2077 2270 quod

210 2289 483 2403 Ρέξὲξξέῗζξ
532 2308 668 2370 haec
711 2306 966 2371 fundari
1021 2312 1228 2386 possit
1274 2311 1339 2370 in
1386 2326 1516 2370 non
1579 2313 1755 2378 ente,
1819 2308 1920 2367 vel
1980 2313 2080 2368 est

183 2415 496 2530 etsseaffisffis·
532 2427 613 2488 ad
659 2443 784 2488 non
836 2442 976 2486 enS.
1036 2428 1166 2486 Hoc
1221 2424 1720 2486 fundamentum
1769 2423 2077 2484 discrimi-

531 2545 628 2604 nis
675 2559 804 2604 non
837 2550 936 2604 est
965 2541 1131 2602 forte
1162 2542 1555 2613 universale,
1591 2549 1899 2619 tanquam
1944 2540 2078 2602 liaec

528 2663 610 2723 sit
671 2664 879 2739 prima
955 2660 1345 2734 differentia,
1401 2663 1550 2738 quia
1608 2660 1806 2721 etiam
1850 2660 2073 2720 relatio

529 2779 793 2840 rationis
852 2782 1023 2841 inter
1078 2780 1216 2854 ipsa
1279 2778 1451 2839 entia
1514 2777 1770 2838 fundari
1825 2782 2072 2854 posset,

524 2895 646 2959 sed
704 2895 943 2956 sufficit
1001 2896 1064 2955 in
1137 2894 1366 2957 ordine
1424 2896 1508 2956 ad
1567 2911 1873 2972 pmesens,
1925 2896 2072 2973 quia

525 3013 669 3074 loco
708 3013 900 3074 citato
951 3028 1033 3072 ex
1064 3013 1384 3084 secunde,
1433 3011 1566 3072 haec
1612 3013 1809 3072 etiam
1842 3011 2071 3072 condi-

530 3129 612 3191 tio
668 3144 791 3206 per
859 3145 930 3189 se
993 3128 1346 3207 requiritur
1406 3126 1489 3189 ad
1546 3128 1793 3189 realem
1856 3127 2072 3190 relati-

527 3262 748 3317 onem,
809 3246 985 3324 quod
1043 3248 1124 3308 sit
1183 3248 1351 3308 inter
1411 3246 1661 3307 diversa
1754 3250 1819 3306 et
1876 3246 2075 3307 realia

530 3367 845 3435 extrema,
881 3379 1022 3439 quie
1052 3363 1117 3422 in
1163 3378 1312 3424 esse
1359 3364 1530 3424 entis
1572 3378 1646 3423 se
1690 3364 2070 3439 respiciunt.

238 3484 439 3594 suffigi
608 3480 814 3539 Tenet
858 3495 1043 3555 erge,
1093 3482 1157 3538 et
1200 3482 1420 3538 actum
1475 3478 1868 3554 praeteritum
1927 3493 2075 3538 esse

198 3607 472 3669 patei-nita·
528 3592 911 3669 simpliciter
949 3606 1080 3651 non
1126 3606 1265 3663 ens,
1302 3595 1369 3650 et
1399 3591 1639 3652 nullam
1686 3590 2071 3654 relationem

210 3676 499 3795 upss‘ssmmm
529 3707 776 3767 realem
847 3703 1109 3765 fundari
1179 3706 1244 3765 in
1317 3718 1446 3762 non
1506 3709 1687 3775 ente;
1750 3705 2069 3780 secunde,

206 3796 490 3858 praeterito.
527 3824 704 3884 idem
735 3823 972 3898 probat
1020 3838 1102 3882 ex
1149 3836 1226 3881 eo
1272 3821 1451 3898 quod
1496 3827 1790 3882 extrema
1844 3824 2069 3884 immu-

528 3939 743 4001 tabilia
788 3954 918 3999 non
965 3943 1242 4015 possunt
1290 3938 1511 3999 dicere
1555 3938 1942 3998 relationem
1986 3938 2070 3999 ad

520 4059 822 4130 invicem,
879 4059 1000 4120 nisi
1043 4061 1309 4120 omnino
1357 4060 1879 4133 immutabilem3
1936 4066 2064 4122 ter-

518 4179 733 4239 minus
762 4178 826 4238 in
857 4178 1190 4255 proposito
1225 4179 1422 4257 hujus
1453 4180 1786 4240 relationis
1838 4179 2068 4241 chara-

521 4298 714 4356 cteris
760 4301 860 4357 est
900 4296 1098 4364 Deus,
1143 4298 1209 4355 et
1238 4301 1423 4356 actus
1455 4297 1777 4357 transiens
1808 4297 1872 4355 in
1902 4312 2066 4372 prae-

521 4411 805 4481 teritum,
869 4427 996 4487 qua
1054 4412 1415 4487 praeteritus
1476 4415 1596 4483 est,
1656 4417 1718 4472 et
1776 4410 2070 4472 similiter

518 4526 961 4602 immutabiliS‚
997 4544 1155 4607 ergo
1187 4529 1414 4589 relatio
1450 4530 1570 4588 erit
1602 4527 1795 4589 etiam
1828 4529 2069 4590 immu-

523 4645 752 4706 tabilis.
848 4644 1031 4705 Patet
1121 4645 1351 4723 major,
1428 4646 1576 4722 quia
1649 4647 1698 4705 si
1773 4652 2066 4707 creatura

518 4764 734 4840 aliqua
809 4767 988 4824 esset
1057 4762 1508 4835 immutabiliS,
1567 4761 1760 4823 etiam
1837 4761 2065 4823 relatio

515 4880 721 4956 ipsius
771 4878 854 4939 ad
909 4877 1116 4939 Deum
1169 4882 1347 4939 esset
1392 4877 1555 4939 talis.
1594 4879 2068 4940 inconveniens

519 5012 677 5075 ergo
733 5000 857 5067 est,
905 4993 1083 5073 quod
1140 4994 1354 5070 aliqua
1401 4994 1631 5055 relatio
1688 4992 1991 5053 distincta
2031 5008 2066 5053 a

514 5111 946 5173 fundamento
987 5112 1070 5171 sit
1119 5110 1285 5182 talis,
1339 5114 1411 5170 ut
1457 5126 1587 5170 non
1631 5108 1840 5188 possit
1889 5111 2067 5171 Deus

515 5244 686 5299 eam,
719 5231 793 5287 ut
838 5225 1265 5303 posteriorem
1290 5222 1513 5285 delere
1546 5241 1581 5284 a
1604 5222 2064 5297 fundamentO,

516 5345 694 5407 unde
748 5343 995 5422 colligit
1046 5342 1502 5419 paternitatem
1560 5356 1691 5402 non
1743 5358 1890 5404 esse
1922 5338 2065 5402 fun-

521 5464 741 5525 datam
786 5476 988 5537 super
1014 5459 1327 5535 qenaisse.

296 5534 371 5585 13‘
598 5579 695 5641 Aa
761 5574 1258 5653 intelligentiam
1318 5574 1516 5651 liujus
1572 5575 1864 5637 rationis.
1930 5574 2065 5636 ot>-

169 5597 492 5662 Objectiones

1741 397 1884 459 [ΑΒ.
1916 397 2018 459 Ν.
2042 394 2660 461 'SENTENTlARUM

2185 564 2379 642 jicies
2465 564 2695 639 prime,
2787 564 3175 624 relationem
3266 568 3576 624 creaturae
3656 559 3739 621 ad
3849 591 4031 655 contra

2192 680 2402 741 Deum
2449 684 2759 740 manente
2807 685 3104 740 creatura
3172 693 3319 739 esse
3367 676 3741 739 immutabi-
3795 647 4075 762 „fflffissg'm

2193 795 2324 855 lem
2366 796 2490 855 hoc
2525 795 2742 866 modo,
2790 811 2919 873 quo
2962 793 3344 872 intelligitur
3374 793 3477 854 hic
3509 793 3740 852 immu-

2196 911 2474 972 tabililas
2502 910 2924 972 manentibus
2957 912 3286 971 extremis.
3346 911 3476 970 Hoc
3524 909 3742 986 ipsum

2196 1030 2386 1088 etiam
2437 1032 2618 1105 patet
2666 1025 2750 1087 de
2806 1027 3127 1088 relatione
3191 1025 3746 1105 praedicamentali

2195 1161 2276 1204 ex
2305 1145 2760 1222 suppositione
2806 1149 3253 1206 extremorum
3293 1146 3355 1206 in
3402 1160 3555 1214 esse,
3591 1143 3745 1221 quia

2195 1267 2546 1340 repugnat,
2597 1265 2753 1340 quin
2803 1262 2956 1325 insit
3003 1267 3068 1322 et
3107 1265 3372 1322 maneat
3414 1261 3745 1337 insepara-

2194 1380 2430 1450 biliter,
2472 1379 2787 1457 quamdiu
2827 1386 3115 1441 extrema
3162 1382 3454 1439 manent.
3498 1377 3741 1451 Tertio,

2193 1513 2325 1557 non
2355 1496 2651 1575 sequitur
2690 1497 2793 1556 illa
2842 1496 3314 1574 consequentia
3374 1496 3439 1555 in
3499 1510 3736 1572 propo-

2192 1616 2341 1684 sito,
2402 1613 2552 1691 quia
2619 1613 2771 1675 licet
2832 1612 3336 1675 fundamentum
3405 1612 3741 1675 relationis

2195 1732 2602 1790 extrinsecus
2648 1730 3057 1792 advenientis
3087 1734 3264 1791 esset
3306 1729 3735 1800 immutabile,

2192 1844 2360 1904 sicut
2391 1850 2457 1906 et
2493 1848 2810 1908 terminus
2859 1846 3282 1908 immutabilis
3332 1862 3463 1907 non
3513 1845 3734 1923 sequi-

2198 1967 2298 2022 tur
2345 1978 2425 2022 ex
2472 1966 2698 2023 natura
2752 1968 3217 2036 extremorum,
3249 1963 3372 2025 sed
3402 1980 3485 2025 ex
3516 1964 3742 2024 volun·

2197 2081 2326 2137 tate
2375 2082 2441 2138 et
2483 2069 2739 2140 actione
2791 2080 2992 2141 libel-a
3042 2082 3182 2152 Dei,
3228 2096 3262 2139 a
3305 2096 3435 2157 qua
3472 2084 3545 2140 ut
3579 2094 3734 2155 sup·

2196 2195 2377 2268 ponit
2465 2209 2688 2271 supra,
2775 2192 3154 2272 producitur
3201 2214 3215 2266 ;
3303 2194 3447 2254 haec
3520 2200 3739 2256 autem

2193 2309 2510 2387 suspendi
2601 2315 2818 2387 potest
2906 2311 3326 2372 manentibus
3403 2310 3737 2383 extremiS,

2194 2441 2354 2505 ergo
2413 2429 2482 2485 et
2537 2428 2763 2487 relalio
2822 2425 3049 2488 deleri.
3115 2427 3358 2501 Quarto
3421 2426 3734 2504 denique,

2194 2544 2450 2605 videtur
2503 2543 2568 2600 in
2624 2542 3044 2604 conclusione
3115 2558 3493 2620 supponere
3566 2542 3735 2603 rela-

2195 2660 2439 2721 tionem
2485 2675 2995 2737 quamcumque,
3048 2674 3191 2736 quae
3219 2658 3482 2719 realiter
3513 2662 3732 2735 poste-

2190 2779 2322 2838 rior
2370 2785 2468 2840 est
2506 2793 2624 2839 suo
2666 2776 3120 2851 fundamentO,
3156 2783 3220 2838 et
3251 2779 3330 2840 ab
3367 2793 3445 2838 eo
3479 2779 3738 2839 realiter

2194 2893 2473 2968 diversa,
2506 2911 2703 2972 posse
2735 2895 2818 2957 de
2861 2896 3149 2972 potentia
3201 2896 3498 2958 absoluta
3546 2914 3731 2974 sepa·

2190 3013 2342 3084 rari,
2418 3012 2606 3072 etiam
2692 3018 3005 3072 manente
3078 3016 3379 3075 termino,
3469 3014 3732 3088 Quint0,

2191 3132 2416 3186 contra
2505 3130 2828 3186 assertum
2916 3141 3049 3187 non
3118 3134 3445 3205 repugnat
3514 3135 3732 3191 actum

2192 3244 2594 3319 praeteritum
2656 3258 2803 3302 esse
2860 3240 3390 3319 fundamentum,
3452 3251 3523 3306 ut
3580 3265 3730 3323 quo,

2188 3373 2308 3419 seu
2365 3357 2648 3420 conditio
2698 3358 3017 3421 fundandi
3057 3361 3266 3438 ipsam
3314 3364 3738 3445 relationem;

2189 3474 2365 3535 idem
2421 3482 2644 3537 autem
2702 3479 3173 3542 inconveniens
3218 3480 3478 3542 videtur
3521 3482 3735 3561 sequi,

2189 3607 2428 3668 nempe
2500 3593 2887 3654 relationem
2950 3596 3195 3657 realem
3257 3594 3640 3675 dependere
3696 3613 3733 3658 a

2188 3721 2319 3766 non
2373 3712 2552 3782 ente,
2597 3712 2671 3769 ut
2722 3709 3122 3781 conditione,
3176 3712 3344 3772 sicut
3387 3712 3732 3790 etdepen-

2189 3821 2346 3883 dere
2392 3824 2472 3884 ab
2524 3840 2602 3885 eo
2647 3832 2718 3887 ut
2762 3841 2981 3897 causa,
3026 3826 3173 3903 quia
3216 3828 3426 3889 omnis
3472 3827 3725 3908 depen-

2187 3939 2406 4002 dentia
2477 3940 2644 4000 entis
2713 3943 2849 4003 sive
2923 3940 3244 4003 referatur
3298 3942 3381 4004 ad
3439 3961 3729 4016 causam,

2182 4057 2319 4118 sive
2365 4057 2448 4118 ad
2496 4058 2962 4130 conditionem,
3003 4060 3388 4121 terminatur
3449 4060 3532 4120 ad
3584 4077 3725 4123 ens,

2263 4169 2721 4248 Respondetur
2769 4172 3046 4252 intelligi
3106 4173 3722 4247 immutabilitatem,
3883 4178 3963 4228 14-

2184 4306 2311 4367 qua
2365 4291 2571 4367 posita
2620 4289 2807 4350 aliter
2846 4289 2987 4352 fieri
3029 4293 3258 4371 nequit
3306 4309 3341 4352 a
3389 4294 3552 4368 Dee,
3585 4296 3721 4357 sive
3751 4241 4087 4368 ξέῗυιῆῃὲᾏῗ

2184 4403 2495 4477 mediate,
2574 4403 2711 4465 sive
2783 4405 3162 4468 immediate
3228 4424 3303 4467 ex
3358 4409 3454 4468 rei
3524 4410 3728 4486 ipsius
3758 4386 4086 4496 pragiffitum

2180 4521 2659 4598 repugnantia,
2747 4526 2970 4581 actum
3069 4525 3500 4599 praeteritum,
3597 4543 3727 4604 qua

2182 4637 2576 4714 praeteritum
2651 4644 2976 4717 repugnat
3062 4655 3192 4700 non
3259 4638 3499 4715 fuisse,
3573 4644 3728 4721 quia

2182 4750 2306 4813 hoc
2363 4751 2502 4813 solo
2565 4752 2855 4830 privatur
2925 4755 3126 4832 Deus,
3198 4762 3272 4817 ut
3335 4773 3466 4819 non
3525 4760 3732 4836 possit

2182 4865 2425 4941 facere,
2461 4871 2619 4946 quin
2649 4871 3042 4947 praeteritum
3073 4870 3267 4934 fuerit
3310 4875 3727 4950 praeteritum,

2183 5002 2312 5063 qua
2355 4986 2750 5064 praeteritum
2798 4988 3316 5067 reduplicalive3
3370 4992 3518 5054 hinc
3570 5010 3728 5073 ergo

2181 5108 2480 5181 sequitur
2567 5107 2977 5178 relationem,
3064 5125 3212 5188 quae
3283 5109 3599 5174 fundatur
3666 5115 3731 5175 in

2180 5223 2527 5299 praeterito,
2564 5228 2631 5285 et
2662 5228 3045 5288 terminatur
3091 5227 3173 5289 ad
3223 5230 3453 5305 Deum,
3498 5230 3732 5293 immu-

2182 5336 2442 5399 tabilem
2475 5351 2621 5396 esse
2668 5343 2986 5415 quantum
3018 5344 3119 5400 est
3161 5358 3240 5401 ex
3285 5349 3468 5417 parte
3511 5351 3732 5407 extre-

2182 5474 2464 5529 morum,
2509 5459 2687 5536 quod
2737 5460 2946 5521 solum
2984 5460 3261 5524 intendit
3314 5464 3576 5525 Doctor.
3629 5466 3728 5528 Ad

2181 5573 2341 5634 illud
2388 5589 2546 5653 ergo
2582 5573 2762 5653 quod
2792 5576 3117 5655 objicitur,
3153 5577 3377 5640 relatio
3414 5584 3728 5643 creatura}
