4287 6313
1649 413 1847 506 ms'r.
1893 443 1995 504 w.
2044 413 2405 519 Qua-:sno
2435 446 2537 507 w.

195 601 415 715 Ῑηιῖῑηῑο
578 603 692 675 Ad
768 592 1307 696 propositum,
1369 603 1545 675 dico
1608 603 1807 695 quod
1862 601 2036 672 sola

164 726 432 778 habitualis
491 716 835 793 intentio
904 719 1342 793 habitualis
1393 739 1553 792 non
1610 716 1909 828 sufficit
1953 718 2035 789 in

160 806 432 904 ,ustitia
489 834 1001 927 baptismate,
1078 836 1265 928 quia
1360 840 1701 929 propter
1787 834 2031 907 istam

165 917 456 1051 &cz-3:110?-
486 973 647 1025 non
721 952 1020 1046 dicitur
1083 952 1582 1045 actu's‘ejus,
1655 952 1844 1025 licet
1924 950 2031 1025 sit

139 1056 455 1154 ⁰⁹⁰1-1{3‚‘3¹¹¹‘
485 1069 934 1143 conformis
1003 1070 1122 1143 illi
1201 1069 1515 1143 habitui
1584 1074 1817 1143 actus
1886 1068 2031 1140 hu-

175 1167 407 1218 ⁸⁰‘⁰³¹¹⁸·
482 1206 794 1259 manus.
896 1188 1107 1286 Nam
1193 1185 1261 1258 si
1350 1186 1644 1280 aliquis
1737 1184 2030 1259 habeat

479 1301 846 1376 habitum
934 1302 1457 1376 inclinantem
1546 1303 1642 1376 ad
1727 1303 2028 1375 deside-

484 1418 698 1491 rium
758 1419 1165 1501 sanitatiS,
1232 1419 1321 1491 “si
1393 1421 1733 1491 curatur
1801 1417 2024 1488 nullo

481 1536 716 1607 modo
768 1536 1188 1610 intendens
1237 1533 1703 1616 sanitatem,
1751 1534 1881 1606 sed
1933 1534 2028 1605 ad

478 1655 776 1736 ludum,
839 1675 1000 1728 non
1041 1653 1341 1753 dicitu-r
1381 1652 1768 1744 consequi
1821 1649 2025 1723 sani-

478 1775 734 1845 tatem
796 1792 940 1864 per
998 1771 1353 1862 aliquem
1413 1773 1685 1843 actum
1755 1767 2029 1840 huma·

481 1907 700 1970 num,
758 1888 890 1959 sed
970 1885 1414 1960 casualiter
1469 1885 1597 1956 vel
1656 1884 2025 1965 fortuite,

480 2022 639 2074 non
668 2007 675 2011 ’
706 2003 967 2093 magis
1012 2023 1253 2096 quam
1299 1999 1364 2074 si
1406 2021 1568 2074 non
1609 2000 2028 2073 habuisset

481 2121 1013 2195 intentionem
1091 2121 1184 2193 ad
1275 2119 1752 2200 sanitatem;
1828 2138 2026 2209 ergo

483 2237 658 2311 sola
725 2237 1073 2311 intentio
1127 2236 1570 2309 habitualis
1614 2256 1775 2308 non
1816 2235 2029 2307 suffi-

481 2354 590 2427 cit
654 2358 1029 2445 respectu
1098 2351 1283 2424 finis
1353 2356 1587 2425 actus
1665 2351 2025 2432 humani,

487 2473 570 2542 ut
604 2469 1004 2540 humanus
1046 2473 1193 2542 est.
1240 2471 1404 2541 Nec
1449 2466 1906 2559 requiritur
1949 2467 2027 2539 in

484 2587 945 2681 baptizante
1009 2606 1329 2678 semper
1401 2584 1740 2658 intentio
1813 2587 2033 2658 actu-

480 2708 660 2789 alis,
770 2705 956 2797 quia
1045 2726 1204 2777 non
1313 2705 1704 2797 obligavit
1815 2706 2030 2777 Deus

481 2823 892 2897 hominem
969 2822 1065 2894 ad
1146 2821 1674 2915 impossibile,
1728 2822 1853 2894 vel
1913 2820 2065 2892 nis

483 2941 634 3019 mis
711 2937 1059 3023 difficile,
1136 2938 1594 3032 cujusmodi
1672 2942 1796 3014 est
1871 2958 2032 3010 non

478 3054 855 3143 distrahi,
894 3056 1081 3148 quia
1141 3057 1576 3129 secundum
1642 3053 2030 3146 Augusti-

481 3196 701 3258 num,
740 3175 993 3249 tertio
1033 3175 1125 3247 de
1168 3174 1299 3246 lib.
1346 3172 1589 3247 arbit.
1633 3176 1783 3241 Non
1830 3187 1923 3241 est
1961 3177 2031 3241 in

474 3306 798 3382 potestate
860 3306 1090 3360 nostra
1153 3288 1316 3380 quin
1394 3293 1554 3358 visis
1629 3303 2030 3379 tarwanam,-

481 3416 629 3482 nec
706 3408 959 3482 etiam
1043 3406 1223 3499 plus
1326 3403 1720 3496 obligavit
1800 3404 2033 3477 mini-

484 3531 748 3599 strum
803 3524 883 3596 in
953 3523 1094 3595 illo
1155 3526 1369 3607 actu,
1430 3542 1668 3614 quam
1723 3520 1803 3593 in
1857 3542 2033 3594 exe-

484 3642 793 3734 quendo
854 3645 1087 3714 actus
1146 3639 1502 3711 aliorum
1562 3643 2035 3711 Sacramen-

483 3761 785 3846 torum.
928 3759 1017 3829 In
1150 3755 1639 3830 conficiendo
1764 3759 2036 3828 autem

488 3874 1123 3957 Eucharistiam,
1199 3895 1373 3966 quae
1453 3874 1575 3944 est
1654 3871 2037 3945 excellen-

490 3991 898 4065 tissimum
978 3994 1623 4070 Sacramentum,
1669 4009 1832 4060 non
1913 3987 2038 4059 ob·

166 4133 423 4206 sacerdos
489 4108 777 4202 ligavit
839 4106 1249 4180 hominem
1311 4108 1406 4179 ad
1465 4126 1624 4178 non
1694 4104 2039 4179 distrahi

153 4196 447 4318 ἓὲῗξζέἔξὲἷ,
501 4228 691 4320 quin
742 4224 1003 4319 ,prius
1092 4224 1510 4297 intendens
1600 4223 2038 4306 celebrare,

499 4346 689 4419 licet
758 4345 840 4416 in
910 4341 1391 4436 proferendo
1459 4342 1708 4415 verba
1777 4360 2043 4415 sacra·

500 4462 888 4548 mentalia
1029 4461 1474 4553 distractus
1591 4458 1721 4542 sit,
1853 4479 2043 4530 vere

494 4582 769 4676 tamen
813 4576 1165 4649 conficit.

267 4751 353 4802 Ad
587 4695 706 4766 Ex
741 4691 866 4764 his
900 4692 1313 4772 concludo,
1362 4690 1571 4782 quod
1620 4687 1920 4761 sufficit
1965 4687 2044 4759 in

101 4815 460 4930 Sagfflffta
494 4808 960 4904 baptizante
1011 4807 1357 4881 intentio
1418 4803 1829 4886 virtualis,
1893 4803 2044 4876 hoc

166 3297 370 3362 August
381 3335 392 3346 .

185 4940 410 5015 intentio
492 4931 640 5011 est,

148 5005 428 5061 mmm&
494 5044 941 5118 tentionem
1029 5041 1462 5123 actualem,
1536 5060 1635 5110 ex
1705 5058 1863 5130 qua
1927 5042 2043 5110 de·

494 5161 799 5234 scendit
834 5178 1043 5232 nunc
1067 5178 1258 5229 vere
1292 5160 1524 5250 actus
1557 5154 2042 5247 baptizandi,

491 5280 661 5352 sive
730 5277 809 5350 in
883 5278 1040 5351 isto
1113 5280 1297 5349 actu
1377 5273 1665 5346 habeat
1720 5273 2045 5346 intenti—

494 5415 727 5469 onem
797 5393 1227 5477 actualem,
1303 5391 1430 5464 vel
1513 5389 1868 5481 aliquam
1944 5410 2044 5462 ex

444 5550 450 5557 ·
490 5534 598 5611 ea,
642 5511 1276 5590 descendentem,
1345 5508 1516 5580 sive
1556 5527 1741 5579 non.
1810 5506 2044 5579 Intel-

490 5626 658 5721 ligo
738 5629 1039 5714 autem,
1139 5625 1344 5717 quod
1414 5622 1823 5697 descendit
1890 5622 2043 5697 iste

717 4925 923 5019 quod
1001 4923 1432 5016 aliquando
1502 4922 1881 4995 habuerit
1939 4921 2048 4992 in-

3587 444 3706 505 579

2151 604 2384 675 actus
2443 603 2739 696 absque
2793 603 3010 678 omni
3055 607 3276 676 motu
3330 602 3698 675 volunta-

2145 718 2253 791 tis
2314 719 2740 792 contrario
2783 720 3396 793 interveniente.
3469 719 3692 793 Sicut

2143 836 2210 908 si
2245 835 2576 909 induens
2613 859 2697 908 se
2729 838 2824 909 ad
2868 838 3233 921 Missam,
3272 838 3690 912 intendens

2145 953 2563 1027 celebrare
2609 955 3046 1028 secundum
3092 977 3325 1028 usum
3397 957 3691 1027 Roma-

2140 1090 2266 1141 nae
2335 1071 2744 1156 Ecclesiae,
2799 1076 2880 1145 et
2925 1092 3025 1143 ex
3074 1072 3232 1144 isto
3305 1071 3693 1164 procedat

2141 1188 2524 1262 continue
2583 1186 2797 1261 forte
2842 1190 3275 1261 secundum
3337 1189 3690 1280 aliquem

2140 1301 2507 1378 habitum
2557 1303 3037 1378 derelictum
3110 1305 3189 1376 in
3253 1304 3688 1398 phantasia

2141 1439 2323 1491 cum
2432 1440 2727 1512 magna
2841 1417 3401 1504 distractione,
3507 1442 3694 1494 vere

2141 1533 2337 1608 facit
2400 1556 2495 1609 ea
2558 1558 2732 1628 quae
2801 1539 3268 1611 necessaria
3341 1543 3527 1613 sunt
3596 1541 3688 1612 ad

2142 1652 2390 1726 istum
2451 1657 2723 1726 actum
2781 1656 3491 1740 sacramentalem,
3559 1656 3692 1746 qui

2143 1773 2269 1862 est
2310 1770 2735 1843 conficere.

2234 1886 2313 1959 Si
2395 1891 2836 1980 quaeratur,
2931 1888 3332 1979 quomodo
3420 1889 3687 1980 potest
3848 1895 3877 1942 ⁴

2143 2002 2440 2094 aliquis
2533 2002 2894 2083 effectus,
2976 2004 3109 2094 qui
3207 2006 3438 2078 modo
3536 2009 3686 2088 est,
3752 1955 4013 2082 ssssczffrgl

2143 2121 2416 2195 reduci
2487 2123 2565 2195 in
2638 2123 2864 2195 illam
2934 2122 3463 2194 intentionem
3524 2123 3689 2214 pri·
3767 2080 3994 2194 “gssi‘f‘a‘

2143 2257 2384 2320 mam,
2462 2235 2674 2312 sicut
2741 2240 2823 2311 in
2900 2258 3254 2321 causam,
3342 2239 3408 2311 si
3478 2259 3688 2313 nunc
3755 2221 4011 2333 8533&

2142 2372 2300 2425 non
2343 2359 2466 2427 est
2501 2355 2659 2428 ista
2701 2354 3073 2436 intentio,
3119 2375 3374 2446 neque
3415 2355 3687 2448 aliqua
3781 2333 3994 2445 {fifffi‘ffi

2143 2471 2307 2543 alia
2429 2472 2846 2565 imperans
2994 2473 3241 2545 istum
3356 2478 3685 2547 actum?
3724 2457 4044 2584 νζξῇξζζῦξζι,

2139 2583 2489 2667 Dicitur,
2559 2586 2762 2678 quod
2842 2589 2966 2659 est
3045 2605 3190 2678 per
3257 2587 3684 2677 quamdam
3737 2585 4022 2696 acffiffdgui

2139 2701 2534 2774 virtutem
2568 2701 3045 2794 impressam
3097 2702 3387 2776 virtuti
3450 2703 3687 2777 moti-
3769 2711 4021 2759 nonest?

2140 2839 2287 2903 vae,
2396 2839 2541 2911 per
2634 2819 3141 2894 voluntatem
3250 2799 3707 2895 actualiter*

2141 2933 2713 3018 intendentem,
2784 2941 2866 3010 et
2945 2935 3315 3028 quamdiu
3418 2941 3689 3010 manet

2143 3052 2285 3125 illa
2361 3054 2630 3128 virtus
2711 3054 3137 3146 impressa,
3209 3053 3349 3125 illa
3423 3053 3690 3126 virtus

2143 3173 2454 3246 motiva
2497 3175 2793 3256 movet,
2842 3178 2928 3247 ut
2973 3174 3039 3245 si
3082 3170 3379 3264 aliquis
3431 3173 3694 3246 inten-

2143 3288 2366 3361 deret
2430 3289 2578 3382 ire]
2624 3290 2720 3361 ad
2799 3289 3154 3380 aliquem
3228 3289 3525 3370 locum,
3615 3291 3693 3360 et

2147 3406 2329 3496 post
2410 3404 2490 3477 in
2556 3405 2690 3478 via
2786 3404 3095 3495 cogitet
3164 3405 3254 3477 de
3325 3404 3533 3488 aliis,
3609 3405 3691 3474 in

2145 3519 2285 3592 illa
2319 3521 2622 3595 actuali
2651 3521 3043 3594 volitione
3073 3521 3313 3594 fiebat
3347 3520 3695 3594 actualis

2147 3639 2583 3732 impressio
2627 3638 2710 3710 in
2760 3639 3210 3731 potentiam
3274 3638 3695 3724 motivam,

2147 3760 2229 3829 et
2271 3756 2643 3847 quamdiu
2708 3755 2853 3827 illa
2894 3754 3328 3848 impressio
3394 3758 3691 3837 manet,

2154 3875 2425 3945 movet
2502 3872 2598 3944 ad
2673 3872 3113 3945 terminum
3174 3871 3549 3956 volitum,
3618 3875 3698 3945 et

2153 3989 2519 4081 procedit
2589 3987 2857 4061 homo.
2938 3988 3343 4061 Paulatim
3427 3991 3698 4060 autem

2156 4104 2556 4178 minuitur
2617 4105 2757 4177 illa
2838 4104 3297 4198 impressiO,
3372 4109 3452 4179 et
3530 4109 3700 4178 tan-

2155 4222 2329 4294 dem
2417 4221 2707 4304 deficit,
2810 4227 2889 4295 et
2968 4227 3238 4295 cessat
3333 4221 3576 4294 homo
3657 4241 3703 4292 a

2160 4342 2410 4421 motU,
2446 4343 2528 4412 et
2568 4341 2758 4411 tunc
2791 4337 3091 4412 dicitur
3123 4338 3221 4411 ab
3253 4338 3462 4420 istis,
3502 4339 3704 4431 quod

2156 4452 2398 4526 homo
2459 4475 2619 4527 non
2672 4454 2910 4528 habet
2953 4454 3484 4528 intentionem
3539 4455 3708 4527 vir-

2161 4571 2489 4651 tualem,
2542 4570 2700 4643 nisi
2774 4571 2959 4643 dum
3031 4570 3271 4645 habet
3329 4572 3707 4646 effectum

2163 4686 2654 4779 impressum
2743 4707 2789 4760 a
2866 4689 3289 4762 voluntate
3350 4693 3532 4763 actu
3598 4689 3708 4761 in-

2161 4805 2534 4878 tendente
2631 4804 2711 4876 in
2798 4805 3253 4896 potentiam
3349 4805 3706 4897 aliquam

2160 4920 2666 4993 inferiorem.
2770 4920 2917 4994 Sed
2992 4921 3293 4992 mirum
3362 4921 3708 5003 videtur,

2163 5042 2568 5133 quomodo
2682 5041 3063 5115 voluntas
3171 5043 3431 5135 possit
3535 5064 3713 5115 esse

2159 5157 2429 5231 virtus
2491 5152 2796 5229 factiva
2848 5176 3196 5230 causans
3247 5159 3497 5232 talem
3551 5158 3710 5231 for-

2162 5295 2377 5348 mam
2443 5275 2524 5346 in
2593 5275 2754 5348 ista
2832 5277 3200 5369 potentia
3276 5278 3710 5369 organica3

2165 5392 2468 5465 mirum
2538 5395 2664 5465 est
2732 5391 3007 5473 etiam,
3066 5392 3276 5484 quod
3329 5393 3397 5465 si
3440 5414 3717 5466 causa-

2160 5512 2396 5580 retur
2439 5505 2572 5591 ibi,
2612 5509 2813 5580 unde
2875 5508 3270 5601 paulatim
3313 5509 3715 5583 deficeret.

2257 5625 2551 5696 Potest
2590 5643 2790 5715 ergo
2840 5624 3020 5707 dici,
3096 5624 3301 5717 quod
3345 5625 3425 5696 in
3486 5646 3721 5720 appe-
