4287 6313
1658 369 1855 433 DIST.
1889 369 1934 431 1.
1984 363 2346 446 QUAESTlo
2392 368 2466 432 V.

513 530 748 611 realiS,‘
779 552 927 620 quae
986 532 1098 599 sit·
1131 531 1523 619 principium
1582 532 1845 619 agendi,
1891 532 2061 598 sicut

515 665 637 713 nec
675 648 1043 736 subjectum
1087 648 1258 714 reale
1287 649 1463 735 ejus.

177 770 492 885 'rorgii-atio
606 763 683 851 (f)
724 765 880 830 Item
919 786 1165 852 quaere,
1203 770 1326 832 etc.
1374 767 1526 830 Haec
1564 776 1664 831 est
1733 764 1923 830 tertia
1955 784 2061 830 ra-

172 896 485 961 principalis.
519 875 609 944 tio
649 880 942 948 Doctoris
993 880 1162 961 talis,
1194 881 1297 947 vel
1344 880 1450 948 illa
1490 880 1704 947 virtus
1756 891 2065 946 causatur

520 994 589 1058 in
637 992 828 1082 signo
858 996 1155 1063 sensibili
1212 1011 1360 1063 ante
1392 1018 1585 1064 usum
1669 1008 1731 1062 et
1778 996 2064 1083 applica-

516 1112 761 1179 tionem
800 1114 969 1200 ejuS,
1016 1114 1118 1180 vel
1160 1114 1228 1180 in
1269 1115 1409 1202 ipsa
1473 1113 1902 1201 applicatione
1937 1138 1952 1194 ;
2008 1117 2062 1184 si

518 1228 828 1315 primum,
873 1250 1032 1317 ergo
1090 1230 1382 1298 causatio
1424 1232 1570 1318 ejus
1622 1245 1721 1299 est
1750 1254 1913 1318 pure
1945 1232 2062 1297 mi-

518 1345 835 1412 raculosa.
874 1349 1056 1413 Patet
1088 1349 1580 1434 consequentia,
1629 1349 1782 1436 quia
1849 1349 1921 1415 fit
1952 1370 2066 1436 per

517 1472 734 1529 actum
784 1463 1110 1544 divinum,
1159 1464 1301 1531 sine
1333 1466 1578 1551 praevia
1628 1466 2063 1551 dispositione

519 1589 831 1665 perpetua
895 1592 1007 1646 aut
1068 1580 1283 1646 stabili
1367 1602 1515 1647 cum
1603 1582 1912 1662 Ecclesia,
1986 1581 2061 1647 ad

519 1715 715 1783 quam
756 1696 1137 1763 naturaliter
1166 1709 1575 1784 sequeretur,
1621 1698 1789 1764 sicut
1818 1697 2066 1764 anima-

517 1811 610 1878 tio
649 1812 726 1878 ad
759 1834 1020 1901 corpus,
1068 1814 1133 1879 Si
1177 1814 1243 1880 in
1283 1815 1425 1901 ipsa
1473 1813 1930 1901 applicatione,
1968 1814 2065 1880 vi-

519 1928 710 1996 detur
741 1929 1215 1998 inconveniens
1247 1953 1262 2009 ;
1300 1931 1554 1998 nullum
1595 1931 1770 1997 enim
1815 1931 2064 1996 instru-

516 2059 811 2112 mentum
864 2045 1007 2113 ideo
1048 2058 1149 2113 est
1195 2058 1417 2133 aptum
1461 2046 1822 2113 formaliter
1861 2046 1939 2113 ad
1975 2046 2069 2113 ef-

516 2162 782 2241 fectum,
823 2163 974 2249 quia
1007 2163 1158 2250 quis
1190 2184 1266 2229 eo
1314 2163 1546 2246 utitur,
1583 2162 1732 2251 quia
1775 2163 2068 2249 aptitudo

514 2279 933 2345 instrumenti
975 2279 1283 2366 praecedit
1317 2301 1508 2347 usum
1544 2281 1688 2367 ejus
1747 2279 2064 2347 naturali-

515 2405 657 2473 ter;
695 2415 823 2461 non
865 2396 1041 2461 enim
1073 2395 1224 2482 quia
1258 2396 1581 2483 immergo
1624 2418 1927 2483 puerum,
1975 2396 2067 2461 si-

517 2532 603 2576 ve
633 2510 783 2598 quia
826 2522 973 2576 utor
1008 2511 1225 2598 aliquo
1256 2511 1547 2578 sensibili
1590 2510 1670 2578 ad
1710 2524 1922 2578 actum
1958 2516 2069 2579 Sa-

520 2629 866 2708 cramenti,
924 2627 1066 2695 ideo
1115 2629 1346 2717 recipit
1404 2630 1740 2711 virtutem,
1799 2650 1927 2695 non
1970 2642 2071 2696 est

522 2765 685 2831 ergo
723 2744 877 2811 dare
909 2746 1167 2832 quando
1207 2745 1499 2833 recipiat,
1536 2760 1659 2814 etc.

613 2860 886 2926 Videtur
924 2860 1067 2926 haec
1108 2860 1270 2928 ratio
1305 2881 1432 2926 non
1464 2861 1878 2942 concludere,
1917 2862 2068 2948 quia

526 2977 723 3044 etiam
766 2977 907 3062 ipse
946 2980 1180 3043 Doctor
1230 2976 1515 3042 admittit
1575 2978 2070 3044 Sacramentum

524 3114 673 3161 esse
732 3092 1246 3161 instrumentum
1301 3093 1649 3160 causandae
1699 3093 1954 3181 gratiae,
2010 3107 2073 3161 et

521 3232 670 3278 esse
700 3209 1196 3298 dispositionem
1249 3211 1589 3298 praeviam,
1636 3209 1739 3276 vel
1804 3231 2069 3277 causam

522 3327 836 3394 moralem
878 3328 1131 3415 gratiae,
1180 3339 1242 3394 et
1282 3329 1377 3395 sic
1407 3328 1570 3394 ratio
1610 3326 1910 3407 adducta,
1969 3327 2072 3393 vel

523 3462 657 3508 non
717 3452 906 3529 urget
971 3440 1406 3520 adversariOS,
1487 3441 1592 3507 vel
1661 3440 1932 3527 perinde
1990 3441 2069 3506 ad

526 3557 824 3625 eamdem
896 3557 1288 3644 respondere
1354 3557 1636 3645 cogitur.
1738 3557 2075 3624 Diceretur

524 3695 687 3761 ergo
726 3673 897 3761 quod
948 3674 1116 3740 sicut
1160 3695 1262 3740 res
1302 3673 1409 3740 illa
1449 3674 1784 3740 sensibilis
1825 3694 1906 3739 ex
1957 3694 2075 3738 na-

524 3805 674 3857 tura
706 3792 914 3870 rei,et
944 3790 1303 3868 secundum
1366 3790 1653 3877 propria,
1706 3809 1834 3855 non
1876 3789 2077 3855 habet

524 3926 800 3973 causare
829 3905 1130 3972 effectum
1181 3906 1786 3993 supernaturalem,
1849 3904 1962 3971 sed
1996 3925 2077 3970 ex

525 4023 774 4088 virtute
830 4020 1238 4087 extrinsecus
1268 4021 1681 4100 adveniente,
1748 4020 1891 4087 sive
1943 4040 2077 4085 mo-

530 4139 686 4206 ralis
708 4138 817 4219 sit,
854 4139 998 4205 sive
1030 4138 1249 4220 realiS,
1289 4137 1558 4224 perinde
1624 4137 1849 4204 inesse
1884 4157 2078 4203 unam

529 4269 593 4323 et
624 4257 916 4338 alteram,
980 4256 1120 4322 sive
1179 4268 1330 4322 ante
1364 4276 1580 4333 usum,
1636 4255 1778 4321 sive
1819 4255 1885 4320 in
1938 4255 2080 4341 ipso

533 4396 660 4441 usu
716 4398 731 4454 3
776 4385 839 4440 et
879 4373 1048 4459 quod
1098 4373 1335 4439 dicitur
1396 4372 1475 4439 de
1505 4393 1659 4453 una,
1702 4372 1955 4439 dicetur
2003 4371 2082 4437 de

533 4488 762 4566 altera,
797 4498 1067 4572 excepta
1104 4488 1420 4554 realitate.

294 4633 383 4680 35,
627 4600 1081 4688 Respondetur
1129 4614 1344 4668 tamen
1395 4603 1710 4670 rationem
1780 4626 1923 4672 esse
1978 4627 2085 4672 ur·

179 4692 497 4759 Responsio.
533 4732 826 4808 gentem,
900 4719 1189 4806 procedit
1253 4720 1428 4786 enim
1490 4720 1567 4787 de
1647 4721 2084 4789 instrumento

539 4837 839 4923 physicO,
875 4848 940 4903 et
971 4836 1239 4923 physice
1278 4849 1589 4902 causante
1638 4839 1943 4924 gratiam,
1981 4839 2085 4905 vel

538 4953 843 5020 effectum
938 4953 1503 5039 supernaturalem
1584 4975 1699 5041 per
1774 4956 2085 5022 virtutem

535 5069 1053 5156 superadditam.
1136 5069 1321 5135 Unde
1421 5082 1882 5157 argumentum
1960 5093 2086 5137 non

540 5203 642 5254 est
700 5185 949 5252 directe
979 5197 1205 5252 contra
1264 5207 1399 5266 eos,
1436 5189 1547 5274 qui
1616 5204 1858 5275 negant
1899 5189 2088 5255 talem

532 5305 854 5370 virtutem
887 5285 1260 5388 superaddi,
1289 5303 1391 5369 vel
1416 5323 1554 5368 eam
1591 5325 1738 5371 esse
1769 5305 2085 5384 innatam,

533 5439 736 5509 quam
792 5427 1034 5484 vocant
1114 5417 1464 5503 potentiam
1533 5419 2087 5504 obedientialem;

528 5548 792 5627 oportet
823 5556 987 5624 ergo
1015 5535 1547 5617 instrumentum,
1595 5536 1768 5624 quod
1800 5535 1871 5603 lit
1920 5538 2081 5604 acti-

206 2876 455 2943 offiano.

3613 373 3726 434 163

2172 554 2327 599 vum
2377 555 2491 620 per
2521 534 2830 602 virtutem
2881 535 3392 623 superadditam,
3458 536 3714 622 recipe-
3754 564 4039 630 Argumen-

2168 669 2239 714 re
2296 650 2528 736 ipsam,
2599 665 2950 739 antequam
3030 652 3310 739 attingat
3377 651 3710 730 effectum,
3775 631 4055 739 esttg'o'ssm

2173 763 2334 830 alias
2368 787 2495 832 non
2538 780 2711 834 esset
2743 768 3250 835 instrumentum
3298 770 3422 835 hoc
3480 767 3671 834 modo
3707 791 3721 847 ;
3797 752 4031 862 :S‘gssffijt

2178 882 2231 947 si
2276 903 2435 969 ergo
2466 893 2816 971 antequam
2847 884 3211 971 applicetur
3250 896 3314 950 et
3352 896 3727 952 assumatur
3781 876 4055 1002 sffgffifffii

2177 998 2255 1064 ad
2289 1020 2506 1081 usum,
2542 1000 2769 1087 recipit
2804 1001 2976 1067 illam
3009 1003 3318 1069 virtutem
3352 1001 3719 1088 physicam,
3751 998 4062 1111 insti-&men-

2177 1128 2484 1182 causatur
2559 1115 2969 1196 miraculose,
3028 1117 3183 1205 quia
3221 1118 3301 1184 ad
3344 1118 3519 1185 illam
3556 1118 3721 1184 nihil

2178 1228 2465 1315 disponit
2514 1230 2579 1295 in
2614 1243 2866 1297 natura.
2913 1235 3047 1298 Hoc
3079 1232 3253 1297 enim
3288 1244 3385 1298 est
3450 1252 3721 1299 causare
3797 1228 4026 1342 gffiassg

2178 1344 2423 1431 aliquid
2502 1347 2913 1425 miraculose,
2960 1358 3032 1414 ut
3100 1360 3275 1433 patet
3325 1370 3405 1414 ex
3449 1352 3719 1415 Doctore
3744 1354 4075 1405 miraculose?

2175 1461 2251 1525 in
2280 1464 2344 1525 3.
2381 1460 2449 1529 d.
2486 1464 2593 1526 24.
2633 1463 2741 1527 ubi
2796 1462 2996 1528 simili
3056 1464 3308 1529 ratione
3375 1464 3722 1551 impugnat

2176 1574 2551 1660 opinionem
2586 1578 2867 1657 Henrici,
2907 1578 3018 1664 qui
3043 1578 3268 1643 statuit
3307 1578 3722 1645 lumeninfu‹

2178 1711 2323 1755 sum
2359 1691 2645 1758 medium
2688 1692 2857 1758 inter
2887 1693 3108 1759 lumen
3141 1692 3373 1781 gloriae
3404 1703 3467 1759 et
3500 1692 3722 1774 fidem,

2178 1806 2257 1871 ad
2311 1808 2839 1893 cognoscendum
2907 1808 3268 1888 credibilia,
3349 1808 3428 1875 de
3485 1810 3729 1896 quibus

2180 1923 2455 1990 habetur
2488 1924 2671 2009 fides,
2710 1925 2818 1991 ubi
2860 1925 2987 1992 ait:
3028 1925 3084 1992 si
3126 1929 3296 1992 Deus
3347 1924 3725 1992 infunderet

2180 2037 2336 2104 illud
2395 2060 2525 2105 non
2583 2038 2649 2104 in
2708 2040 3061 2126 Baptismo,
3101 2041 3215 2108 sed
3277 2041 3536 2128 quando
3577 2040 3725 2129 quis

2182 2155 2536 2243 applicaret
2571 2166 2855 2222 mentem
2896 2157 2972 2222 ad
3009 2156 3301 2224 studium
3343 2158 3729 2244 Scripturae,

2187 2270 2358 2356 quod
2423 2270 2664 2336 infusio
2731 2272 2876 2357 ejus
2928 2292 3055 2336 non
3133 2287 3231 2338 est
3280 2273 3725 2342 miraculosa:

2186 2385 2467 2461 Quando
2496 2388 2673 2451 enim
2714 2388 2885 2452 Deus
2921 2388 3198 2467 assistit,
3238 2388 3471 2476 inquit,
3524 2401 3594 2456 ut
3612 2412 3727 2477 qe·
3799 2404 3929 2466 Quid
3957 2408 4024 2456 sit

2178 2503 2433 2567 neralis
2453 2523 2650 2568 causa
2679 2503 2769 2567 ad
2798 2504 3085 2589 aliquem
3117 2505 3418 2589 effectum
3445 2528 3730 2573 causan·
3783 2467 4048 2582 uffiffiffiss-

2181 2618 2360 2697 dum,
2432 2620 2492 2683 si
2547 2629 2795 2684 natura
2868 2618 3187 2705 disponit,
3265 2641 3397 2687 non
3472 2622 3725 2690 dicitur
3860 2595 3978 2645 ⁵⁰⁸³

2180 2735 2575 2800 miraculose
2610 2736 2896 2813 causari,
2970 2755 3087 2800 nec
3144 2736 3319 2801 illud
3387 2749 3730 2805 causatum

2181 2850 2433 2916 dicitur
2485 2853 3021 2936 supernaturale,
3117 2853 3233 2918 sed
3300 2856 3539 2941 mayis,
3615 2878 3735 2922 na·

2183 2967 2421 3046 emole,
2524 2980 2594 3034 ut
2656 2981 2839 3055 patet
2906 2970 2987 3035 de
3062 2992 3341 3058 corpore
3419 2977 3734 3061 oryanico

2182 3096 2241 3148 el
2306 3086 2646 3169 infusione
2711 3088 2981 3168 animae,
3060 3099 3185 3155 etc.
3262 3089 3359 3159 sic
3409 3090 3605 3159 etiam
3661 3093 3737 3159 in

2183 3204 2247 3266 2.
2284 3202 2353 3269 d.
2389 3206 2453 3268 9.
2535 3214 2761 3289 qucest.
2817 3208 2881 3269 2.
2937 3217 3134 3292 negat
3172 3227 3385 3293 agens
3438 3208 3731 3275 naturale

2181 3317 2528 3404 disponere
2569 3338 2761 3404 posse
2825 3318 2904 3386 ad
2964 3320 3240 3389 formam
3342 3335 3732 3410 supernatu-

2183 3433 2412 3501 ralem.

2275 3551 2487 3617 Sumit
2542 3552 2767 3619 eodem
2821 3554 3009 3620 modo
3072 3556 3178 3621 hic
3243 3556 3735 3642 productionem
3881 3560 3960 3612 36-

2189 3666 2647 3733 miraculosam
2687 3668 3077 3755 simpliciter
3128 3670 3728 3756 supernaturalem,

2189 3781 2266 3847 ad
2297 3782 2485 3869 cujus
2522 3783 2879 3849 terminum
2941 3784 3107 3850 nihil
3146 3784 3434 3871 disponit
3495 3786 3562 3851 in
3614 3807 3726 3852 na-

2192 3917 2336 3973 tura
2382 3930 2396 3987 ;
2434 3906 2738 3994 intelligit
2769 3921 2986 3974 autem
3041 3909 3539 3996 dispositionem
3581 3911 3731 3990 late,

2193 4054 2310 4119 pro
2340 4030 2520 4099 omni
2581 4034 2814 4100 effectu
2873 4033 3102 4120 priori,
3158 4035 3268 4123 qui
3331 4035 3621 4124 exigitur
3660 4037 3738 4104 ad

2193 4159 2645 4244 posteriorem,
2686 4159 2828 4227 sive
2868 4182 2948 4226 ex
2991 4172 3221 4227 natura
3288 4161 3407 4240 rei,
3446 4163 3589 4230 sive
3653 4184 3735 4229 ex

2192 4283 2734 4351 determinatione
2771 4307 3010 4366 causae,
3070 4287 3254 4353 verbi
3314 4288 3545 4374 gratia,
3594 4288 3732 4368 Dei,

2197 4420 2267 4473 ut
2307 4411 2340 4493 g
2376 4410 2696 4496 sequenti,
2730 4411 2804 4475 in
2843 4414 3268 4497 responsione
3305 4414 3395 4478 ad
3434 4414 3730 4500 primam

2196 4538 2640 4619 quaestionem,
2673 4548 2878 4622 pacet,
2920 4539 2993 4603 in
3018 4539 3176 4620 line.

2290 4659 2470 4725 Unde
2543 4660 2978 4727 excluduntur
3066 4662 3284 4748 plures
3369 4665 3729 4748 instantiae,
3814 4663 4036 4715 Effectus

3793 4732 4089 4790 supernatu·
4154 4753 4165 4762 ·

2199 4785 2349 4871 quia
2388 4786 2597 4872 gratia
2655 4786 3072 4854 sanctificans
3153 4791 3385 4874 prima,
3425 4793 3741 4879 supponit
3866 4789 4000 4899 ”322⁸

2199 4909 2691 5012 dispositionem
2763 4911 2886 4977 hoc
2951 4912 3166 4993 modu,
3234 4935 3468 5002 nempe
3511 4919 3741 4982 Sacra·
3787 4912 4073 4962 miraculosi

3789 4992 3846 5024 su
3916 4981 4075 5024 onunt

2200 5049 2493 5103 mentum
2529 5037 2593 5102 in
2629 5057 2697 5102 re
2728 5037 2831 5102 vel
2865 5037 2932 5102 in
2992 5050 3166 5119 vote,
3210 5062 3359 5107 cum
3401 5054 3547 5110 actu
3593 5064 3742 5130 per·
3788 4991 4073 5102 ‹tiggositio-

3869 5115 4005 5149 nem.

2203 5165 2391 5229 fectae
2457 5163 2794 5229 charitatis
2850 5176 2959 5229 aut
3024 5167 3436 5236 contritionis
3500 5194 3514 5249 ;
3579 5169 3741 5238 fides

2204 5287 2515 5374 supponit
2544 5284 2936 5354 doctrinam'
2991 5303 3055 5356 et
3095 5293 3628 5378 praedicationem
3671 5319 3749 5365 ac

2206 5412 2668 5478 revelationem
2693 5414 3111 5501 objectivam,
3149 5432 3570 5504 augmentum
3603 5442 3751 5509 gra-

2190 5541 2319 5606 tiae
2350 5554 2414 5607 et
2450 5539 2704 5628 gloriae,
2761 5541 2827 5609 in
2871 5543 3110 5612 adultis
3144 5547 3467 5613 meritum⁴
3497 5549 3754 5638 propri-
