4287 6313
262 993 516 1105 usgaiilo‘iiis
578 1037 914 1124 Baptismi‚
981 1050 1113 1104 tam
1174 1046 1422 1102 remota
1530 1050 1724 1120 quam
1795 1029 2114 1117 proxima,

261 1118 491 1168 ivisionis
502 1155 513 1168 .

273 3712 487 3763 Materia

266 3775 513 3844 Baptismi

246 3851 499 3904 proxima,

266 3901 453 3951 ablutio
475 3917 489 3962 ς

276 3967 492 4025 remota,

302 4041 450 4090 aqua.

560 377 679 446 324

1016 679 1674 750 COMMENTARIUS.

662 923 734 985 In
801 920 923 985 hac
998 918 1360 1005 quaestione
1417 914 1636 1002 agitur
1699 911 1779 978 de
1853 908 2122 977 materia

577 1168 726 1235 quae
783 1156 884 1212 est
946 1144 1146 1210 altera
1225 1164 1372 1231 pars
1440 1139 1863 1218 sacramenti,
1928 1139 2119 1225 juxta

576 1264 967 1332 sententiam
1026 1262 1457 1348 praemissam,
1529 1259 1594 1324 in
1641 1256 1880 1345 'prima
1938 1278 2117 1344 quae-

573 1382 807 1461 stione,
897 1380 1000 1447 vel
1086 1390 1290 1445 totum
1369 1375 1860 1443 fundamentum
1929 1373 2119 1460 juxta

575 1496 836 1564 modum
898 1494 1265 1583 exponendi
1329 1493 1717 1561 sententiam
1793 1488 2112 1577 Magistri.

573 1614 789 1681 Primo
839 1612 1199 1700 suppositis
1254 1609 1663 1698 argumentis
1727 1607 1805 1673 ad
1860 1606 2119 1693 opposi-

571 1741 710 1798 tum
786 1728 1067 1816 explicat
1137 1726 1472 1794 materiam
1558 1735 1926 1811 utramque.
1999 1723 2116 1787 Se-

571 1849 784 1915 cundo
840 1845 1248 1914 conditiones
1310 1841 1660 1930 requisitas
1717 1839 1798 1906 ad
1860 1837 2119 1905 materi-

570 1985 675 2030 am
737 1976 1077 2042 remotam,
1138 1974 1203 2028 et
1270 1958 1620 2046 respondet
1677 1955 2112 2043 argumentiS,

1022 2232 1026 2235 ’
1143 2233 1551 2295 SCHOLIUM.

647 2528 888 2594 Aquam
920 2535 1055 2577 esse
1132 2519 1464 2576 materiam
1532 2519 1831 2574 remotam
1863 2521 1923 2574 et
1954 2514 2125 2572 lotio-

576 2636 719 2678 nem
776 2620 1120 2693 proximam
1179 2616 1499 2688 Baptismi,
1557 2630 1624 2670 ex
1691 2616 1864 2671 Joan.
1949 2614 2004 2668 3.
2063 2616 2125 2670 et

576 2721 788 2778 Matth.
869 2720 924 2775 3.
1018 2720 1291 2775 Trident.
1345 2730 1495 2773 sess·
1553 2717 1607 2771 7.
1665 2729 1802 2770 ean.
1862 2716 1918 2768 2.
1950 2716 2119 2768 Flor-

576 2824 803 2883 decret.
867 2828 1102 2896 Eugen.
1164 2827 1544 2880 Lateranen.
1620 2835 1753 2891 cap.
1804 2820 2118 2885 Firmiter,

576 2913 652 2980 de
755 2924 923 2981 Sum.
1010 2922 1182 2979 Trin.
1279 2925 1338 2979 et
1424 2919 1599 2992 ponit
1681 2918 2122 2989 congruentias

572 3024 839 3095 optimas
914 3023 1057 3079 talis
1143 3021 1581 3078 institutionis».
1671 3019 1970 3088 Proprius
2027 3021 2122 3074 ta-

573 3137 715 3179 men
774 3120 1102 3194 loquend0,
1162 3125 1355 3179 totum
1415 3119 1891 3177 fundamentum
1954 3117 2122 3175 rela-

577 3221 765 3278 tionis
845 3225 938 3279 est
1013 3219 1301 3288 materia,
1381 3235 1456 3276 ex
1545 3221 1765 3289 quaest.
1852 3214 2118 3288 praeced.

573 3333 746 3376 num.
803 3320 858 3375 3.

668 3543 819 3617 Hic
861 3544 1279 3617 dicendum
1322 3545 1425 3633 (a)
1464 3546 1589 3617 est
1648 3542 2119 3635 proportio-

576 3661 960 3735 nabiliter
1045 3660 1139 3731 ad
1225 3659 1443 3742 illud,
1535 3659 1738 3750 quod
1812 3658 2115 3731 dictum

574 3780 697 3850 est
838 3777 919 3849 in
1052 3775 1454 3870 principio
1591 3774 2116 3868 praecedentis

575 3893 1076 3985 quaestionis.
1186 3890 1535 3964 Materia
1618 3891 1858 3975 enim,
1933 3911 2117 3985 pro-

575 4011 752 4104 prie
845 3993 1334 4103 accipiendo,
1427 4009 1636 4083 sicut
1750 4009 1944 4082 illud
2037 4009 2117 4081 in

576 4149 732 4220 quo
825 4130 946 4199 est
1044 4128 1313 4199 forma
1404 4126 1545 4207 rei,
1639 4128 1761 4197 est
1849 4129 2116 4200 totum

577 4245 770 4318 illud
854 4245 1055 4337 quod
1150 4249 1273 4317 est
1356 4244 1462 4316 ibi
1535 4243 1936 4325 sensibile,
2036 4243 2114 4316 in

575 4384 728 4454 quo
799 4361 1183 4435 fundatur
1271 4360 1564 4434 relatio
1611 4360 1850 4453 signi,
1909 4360 2116 4453 quod

572 4484 697 4553 est
801 4477 1147 4551 formale
1234 4477 1314 4549 in
1422 4477 1889 4569 Baptism03
1982 4478 2114 4551 sed

574 4595 786 4669 sicut
852 4593 934 4667 in
1039 4594 1178 4667 illo
1274 4598 1449 4667 toto
1547 4593 1909 4667 sensibili
1976 4595 2118 4668 ali-

578 4711 759 4805 quid
827 4715 952 4784 est
1022 4708 1577 4803 principalius,
1642 4714 1728 4784 ut
1789 4709 2115 4784 ultima-

573 4831 654 4900 te
728 4824 1306 4908 determinans,
1394 4829 1476 4899 et
1556 4826 1728 4899 ideo
1817 4826 2118 4900 dicitur

571 4943 867 5027 forma,
983 4942 1097 5016 ita
1208 4942 1506 5034 aliquid
1619 4945 1742 5014 est
1851 4943 2115 5015 minus

573 5057 1023 5153 principale
1127 5056 1254 5128 vel
1335 5056 1971 5139 determinabile,
2036 5061 2113 5131 et

571 5175 765 5248 illud
850 5172 1154 5245 dicitur
1231 5172 1619 5251 materia;
1720 5172 1854 5244 sed
1949 5173 2113 5246 tale

571 5295 842 5386 potest
952 5287 1298 5379 intelligi
1399 5287 1526 5361 vel
1651 5288 2113 5380 proximum

570 5409 664 5480 ad
736 5405 1376 5497 significandum,
1467 5401 1594 5476 vel
1675 5408 2106 5478 remotum.

571 5524 1048 5613 Proximum
1124 5526 1249 5595 θεῖ
1310 5522 1489 5616 ipsa
1556 5525 1863 5601 ablutio
1923 5524 2112 5598 visi-

1727 365 1871 442 [AB.
1924 365 2026 428 lV.
2069 354 2669 427 SENTENTIARUM

2234 523 2446 608 bilis,
2490 525 2670 618 ipsa
2744 525 2961 598 enim
3027 545 3213 598 cum
3277 521 3548 597 verbis
3595 524 3775 596 tan-

2236 663 2477 736 quam
2554 642 2875 733 signum
2944 640 3411 734 proximum
3479 638 3780 732 signifi-

2234 764 2367 833 cat
2430 759 2808 834 effectum
2893 758 3320 851 Baptismi.
3417 759 3517 830 Et
3602 755 3776 829 ideo

2233 896 2393 948 non
2499 880 2737 967 urget
2836 895 2984 949 nos
3088 875 3231 947 illa
3348 873 3773 957 dubitatio,
3861 951 3871 961 ,
3972 951 3984 962 ,

2237 991 2503 1083 prima
2607 1013 2679 1084 q.
2787 994 2850 1062 1.
2965 994 3275 1072 Detrahe,
3366 1009 3464 1062 ne
3560 988 3776 1062 forte
3807 952 4127 1089 {ze-1353,

2232 1106 2510 1179 asinus
2578 1106 2798 1180 bibat
2877 1109 3525 1187 Sacramentum,
3599 1125 3773 1197 quae
3832 1077 4092 1191 ,ffii‘tfflss

2230 1243 2422 1296 vere
2488 1225 2612 1296 est
2695 1222 3092 1297 dubitatio
3168 1222 3511 1303 asinina,
3585 1221 3775 1314 quia
3805 1202 4101 1317 (ἷζωῗζξξξ

2230 1339 2374 1412 illa
2456 1340 2762 1414 ablutio
2859 1359 3020 1412 non
3111 1340 3351 1412 durat
3437 1337 3598 1411 nisi
3693 1337 3776 1409 in
3920 1281 4022 1380 ³2³·

2226 1460 2450 1542 fieri„
2512 1461 2593 1530 et
2712 1459 3454 1548 quantumcumque
3564 1474 3774 1547 aqua

2235 1575 2506 1664 posset
2611 1572 2797 1654 bibi,
2892 1571 3020 1645 vel
3114 1571 3268 1645 huc
3354 1570 3479 1644 vel
3585 1569 3777 1643 illuc

2230 1687 2714 1769 transfundi,
2753 1687 2930 1780 ipsa
2970 1687 3280 1761 ablutio
3351 1707 3534 1759 non.

2320 1806 2421 1878 Et
2480 1803 2976 1896 intelligitur
3058 1803 3159 1893 (b)
3234 1802 3546 1878 ablutio
3617 1801 3775 1885 hic,

2229 1938 2390 1992 non
2449 1923 2767 1994 tantum
2866 1919 3080 1994 sicut
3165 1939 3377 2011 aqua
3479 1919 3781 1993 dicitur

2228 2039 2510 2112 lavare
2596 2059 2895 2132 corpus
2966 2038 3196 2131 quasi
3272 2037 3773 2122 formaliter,

2234 2156 2368 2227 sed
2453 2155 2664 2228 sicut
2759 2155 3002 2228 homo
3095 2154 3394 2229 dicitur
3495 2154 3777 2226 lavare

2231 2289 2532 2363 corpus
2593 2291 2775 2344 cum
2847 2291 3081 2364 aqua,
3145 2270 3377 2363 quasi
3439 2270 3777 2363 proprie

2229 2386 2517 2459 active.
2572 2387 2782 2460 Nam
2833 2388 3055 2460 solus
3125 2389 3552 2461 contactus
3595 2405 3774 2460 cor-

2232 2504 2456 2597 poris
2548 2503 2646 2577 ab
2741 2524 2974 2596 aqua,
3066 2525 3241 2597 quae
3318 2509 3444 2578 est
3544 2503 3776 2596 quasi

2232 2619 2540 2695 ablutio
2593 2619 2993 2700 formalis,
3058 2640 3218 2692 non
3277 2624 3404 2694 est
3453 2619 3779 2694 institu-

2227 2740 2317 2808 ta
2419 2740 2809 2829 tanquam
2908 2737 3258 2827 signum,
3355 2735 3482 2808 vel
3583 2755 3776 2828 pars

2235 2853 2471 2944 signi,
2541 2854 2722 2927 'sed
2823 2852 2999 2945 ipsa
3094 2852 3296 2927 lotio
3410 2851 3781 2925 effective

2232 2968 2451 3042 sacta
2546 2969 2645 3040 ab
2749 2969 3022 3063 aliquo
3124 2969 3521 3042 abluente.
3612 2971 3776 3042 Nec

2236 3089 2588 3179 oportet,
2637 3087 2843 3179 quod
2894 3087 3001 3160 sit
3047 3085 3147 3159 ibi
3183 3086 3489 3162 ablutio
3535 3092 3778 3180 prout
3838 3109 3986 3160 Lot-0
4027 3114 4111 3160 est

2230 3202 2764 3294 distinguitur
2849 3205 3138 3275 eontra
3216 3202 3632 3285 lotionem,
3696 3210 3776 3277 et
3835 3179 4091 3301 ρ’ῗέἷῗὲἷ,

2234 3314 2571 3388 includit
2673 3314 3170 3387 amotionem
3284 3314 3646 3388 sordium
3732 3297 4141 3413 a¹¹⁰¹23¹2¹2¹⁶⁰

2233 3450 2584 3524 corpore
2697 3450 2842 3522 per
2951 3435 3425 3506 contactum
3521 3452 3774 3524 aquae,
3827 3419 4099 3474 “immm-

2232 3547 2366 3621 sed
2424 3547 2726 3621 sufficit
2776 3547 2978 3621 lotio
3021 3547 3103 3620 in
3144 3548 3558 3621 communi
3610 3548 3778 3623 dic-

2230 3667 2315 3737 ta
2404 3644 2783 3756 corporis
2878 3662 2976 3734 ab
3079 3681 3312 3755 aqua,
3370 3662 3534 3736 alio
3624 3662 3777 3737 hoc

2225 3785 2541 3873 agente,
2616 3781 2819 3874 quod
2868 3779 3071 3853 nihil
3142 3780 3356 3852 aliud
3397 3785 3549 3863 est,
3613 3782 3773 3854 nisi

2232 3898 2437 3988 quod
2534 3899 2856 3989 oportet
2961 3896 3213 3969 istum
3309 3900 3777 3970 contactum

2229 4011 2610 4104 corporis
2697 4010 2794 4082 ab
2873 4031 3083 4103 aqua
3144 4011 3347 4092 fieri,
3431 4010 3530 4084 ab
3612 4011 3777 4085 alio

2228 4132 2621 4201 causante
2662 4130 3136 4201 contactum
3180 4128 3580 4203 istum.Et
3617 4128 3778 4201 isto

2231 4244 2461 4317 modo
2482 4243 2999 4335 intelligendo
3035 4243 3531 4318 ablutionem
3562 4248 3641 4318 et
3663 4245 3780 4316 lo-

2229 4360 2562 4445 tionem,
2672 4358 2869 4432 lotio
2937 4363 3062 4434 est
3106 4361 3455 4433 materia
3492 4359 3776 4452 proxi-

2232 4495 2384 4556 ma,
2424 4474 2821 4568 quasiper
2854 4496 2939 4547 se
2980 4473 3614 4559 fundamentum,
3650 4476 3779 4549 vel

2228 4611 2421 4682 pars
2512 4590 3009 4663 fundamenti
3065 4590 3306 4666 istius
3367 4591 3774 4683 significa-

2226 4708 2529 4787 tionis;
2600 4727 2811 4799 aqua
2880 4713 3156 4782 autem
3229 4714 3355 4783 est
3428 4710 3777 4783 materia

2229 4828 2573 4904 remota,
2686 4845 2861 4916 quae
2938 4826 3408 4919 applicatur
3491 4847 3779 4919 corpo-

2230 4941 2303 5013 ri
2377 4940 2455 5014 in
2550 4940 2709 5015 ista
2780 4940 3110 5016 lotione.

2321 5062 2421 5133 Et
2482 5058 2721 5150 huJus
2810 5059 3186 5151 probatio
3254 5063 3350 5152 (c)
3428 5081 3591 5135 non
3645 5066 3772 5137 est
3851 5113 4108 5182 Quinque

2228 5176 2419 5258 alia,
2527 5175 2686 5248 nisi
2812 5175 3000 5270 quia
3082 5176 3197 5250 sic
3302 5175 3770 5253 institutum
3818 5179 4115 5290 9¹⁸0quss-

2225 5296 2374 5373 θεῖ,
2451 5297 2540 5366 ut
2602 5297 2824 5384 patet
2883 5296 3077 5364 Joan.
3148 5295 3213 5365 3.
3284 5309 3344 5364 et
3402 5297 3635 5363 ΜαιιΙι.
3698 5298 3763 5367 3.
3816 5317 4119 5415 οοοιεθωεα·

2226 5416 2494 5494 Quare
2571 5415 2844 5484 autem
2904 5410 3009 5484 sit
3072 5412 3189 5485 sic
3266 5411 3760 5493 institutum,
3856 5381 4102 5500 mugi-inp

2226 5531 2415 5600 sunt
2500 5533 2806 5620 apertae
2908 5526 3490 5620 congruentiae,
3576 5529 3766 5627 quia
3816 5490 4110 5556 &pum
