4287 6313
320 604 588 666 Quomodo

355 667 547 718 auferri

340 728 567 780 debitum

343 790 560 860 justitiae

355 860 545 922 posset.

628 380 748 443 230

639 563 754 630 per
801 546 1190 619 ablationem
1223 553 1423 622 debiti
1463 556 1766 643 justitiae,
1804 570 1985 647 petes
2017 582 2181 651 quo-

642 661 832 730 modo
876 666 1000 733 hoc
1056 667 1347 737 debitum
1380 687 1601 760 posset
1639 675 1898 744 auferre
1939 682 2110 747 Deus
2154 680 2186 747 ‘2

636 790 700 846 et
748 784 1072 869 quomodo
1113 801 1447 874 peccatum
1490 791 1585 858 sic
1614 793 2003 863 desineret?
2057 803 2180 866 Re-

637 889 995 976 spondetur
1042 893 1354 981 breviter,
1399 899 1567 966 sicut
1598 902 1808 987 potuit
1838 902 1916 971 de
1949 917 2178 993 poten-

635 1004 724 1070 tia
754 1007 1050 1075 absoluta
1115 1012 1403 1081 eximere
1441 1035 1478 1081 a
1525 1015 1670 1104 lege
1702 1019 2058 1088 universali
2118 1036 2182 1091 et

637 1133 847 1208 pact0,
886 1126 950 1191 in
983 1149 1111 1214 quo
1154 1132 1396 1216 posteri
1449 1133 1676 1201 Adami
1729 1136 2174 1222 includuntur,

638 1239 921 1327 aliquem
954 1264 1035 1309 ex
1077 1245 1236 1332 ipsis
1266 1248 1599 1331 eximisse,
1647 1251 1734 1318 ita
1784 1266 1853 1320 ut
1900 1275 2029 1322 non
2081 1256 2176 1322 in-

633 1357 1029 1442 cluderetur,
1086 1361 1169 1429 ita
1247 1365 1440 1431 etiam
1521 1367 1846 1436 inclusum
1909 1372 1973 1438 in
2006 1372 2178 1440 dicto

633 1485 845 1558 pactu,
900 1489 1046 1560 post
1105 1478 1439 1547 incursum
1498 1482 1818 1564 debitum,
1892 1499 2178 1574 potesta

633 1589 780 1675 lege
836 1592 1178 1662 absolvere
1227 1595 1698 1683 dispensative,
1742 1606 2174 1689 comprehen-

631 1727 776 1772 sum
823 1706 886 1772 in
930 1708 1069 1795 ipsa
1100 1711 1271 1799 lege,
1331 1715 1499 1781 sicut
1548 1729 1761 1802 potest
1791 1720 2178 1793 damnatum

630 1822 711 1890 de
742 1827 1026 1910 potentia
1059 1829 1356 1897 absoluta
1389 1832 1667 1915 salvare,
1722 1848 1792 1902 ut
1852 1836 2009 1904 dicit
2049 1843 2173 1906 Do-

634 1950 773 2006 ctor
803 1944 877 2007 in
922 1948 981 2009 1.
1035 1943 1220 2013 d.43.
1259 1960 1485 2034 quoest.
1523 1952 1882 2040 um’ca,qua
1912 1953 2172 2041 dispen-

632 2055 884 2123 satione
950 2060 1180 2144 posita,
1242 2061 1579 2131 tolleretur
1625 2067 1914 2135 debitum
1978 2071 2170 2158 legiS,

631 2191 779 2257 quae
818 2185 917 2240 est
964 2177 1107 2262 ejus
1137 2177 1452 2265 obligatio
1521 2185 1890 2271 respective
1951 2188 2029 2253 ad
2071 2189 2173 2254 di·

629 2300 1033 2374 spensatum.
1109 2296 1203 2360 Ex
1289 2296 1411 2361 hoc
1444 2307 1618 2381 patet
1682 2300 1760 2365 ad
1822 2304 2172 2372 secundam

629 2404 1031 2488 petitionem,
1082 2409 1232 2495 quia
1264 2411 1607 2498 originale,
1646 2415 1793 2483 licet
1833 2419 1918 2484 sit
1958 2420 2172 2504 priva·

626 2519 716 2585 tio
740 2521 1019 2606 justitiae
1050 2525 1420 2612 originalis,
1478 2529 1540 2595 in
1591 2542 1841 2598 tantum
1882 2546 1982 2601 est
2027 2558 2173 2623 pec-

625 2645 868 2715 catum,
907 2637 1294 2724 inquantum
1332 2642 1640 2710 fundatur
1680 2647 1743 2711 in
1786 2648 2002 2717 debito
2034 2673 2171 2718 mo-

626 2750 768 2831 rali,
806 2773 886 2817 ex
918 2754 1316 2841 obligatione
1356 2760 1524 2844 pacti
1574 2773 1636 2827 et
1690 2762 1856 2850 legis
1889 2767 2167 2835 habendi

620 2867 946 2955 justitiam
991 2893 1005 2949 ;
1045 2871 1300 2938 sublato
1334 2895 1491 2961 ergo
1541 2876 1691 2944 hoo.
1722 2879 1962 2961 debito,
1999 2884 2171 2951 desi-

629 2996 813 3051 neret
841 2986 1122 3070 privatio
1163 2989 1227 3054 in
1260 3012 1394 3059 esse
1443 2996 1710 3077 peccati,
1776 3009 1838 3064 et
1879 3013 2171 3068 maneret

626 3110 874 3170 tantum
920 3105 984 3171 in
1015 3127 1149 3173 esse
1198 3111 1591 3197 negationis,
1638 3114 1787 3202 quia
1839 3116 2170 3204 desineret

582 3311 593 3320 .
625 3218 768 3305 ejus
804 3220 1123 3290 debitum.

713 3335 919 3416 DiceS,
968 3340 1102 3426 jam
1168 3340 1503 3411 incursum
1545 3357 1644 3413 est
1691 3361 2052 3434 peccatum,
2098 3364 2171 3420 ut

621 3455 1047 3540 supponitur,
1095 3479 1310 3546 neque
1358 3459 1759 3549 dispensatio
1802 3467 1906 3534 illa
1966 3470 2168 3558 impe-

619 3568 715 3635 dit
782 3573 939 3658 quin
1001 3574 1198 3641 fuerit
1242 3577 1634 3661 incursum;
1707 3603 1866 3671 ergo
1910 3606 2171 3675 semper

620 3699 931 3767 maneret,
1007 3691 1213 3757 donec
1260 3694 1702 3764 remitteretur
1759 3698 1971 3786 ipsum
2024 3724 2167 3789 pec-

618 3813 835 3869 catum
875 3804 1142 3873 directe.
1187 3811 1640 3896 Respondetur
1670 3826 2004 3900 peccatum
2038 3838 2166 3883 non

620 3918 832 3985 solum
877 3920 939 3986 in
969 3922 1149 4004 fieri,
1176 3923 1501 3991 sedetiam
1539 3926 1602 3992 in
1645 3929 1741 3995 sui
1779 3951 2168 4016 permanen—

620 4036 706 4103 tia
746 4035 1113 4124 dependere
1152 4060 1186 4107 a
1227 4040 1372 4130 lege
1411 4042 1658 4125 divina,
1730 4057 1793 4113 et
1856 4049 1998 4136 ejus
2058 4049 2167 4116 de-

622 4152 796 4237 bito;
852 4155 1028 4222 unde
1068 4177 1144 4222 eo
1193 4158 1336 4245 ipso
1384 4162 1555 4247 quod
1582 4162 1718 4250 jam
1760 4163 2015 4233 desinat
2056 4188 2170 4253 per

575 4268 1176 4361 ⁴dispensationem
1247 4290 1754 4364 consequentem
1830 4293 2166 4367 peccatum

620 4386 956 4453 incursum
993 4408 1268 4473 persona
1322 4393 1791 4477 comprehendi
1843 4397 2162 4485 sublege,

618 4501 861 4569 desinit
919 4503 1115 4569 etiam
1167 4503 1487 4590 debitum,
1545 4509 1609 4574 in
1671 4533 1800 4598 quo
1860 4513 2171 4581 fundatur

621 4617 815 4684 etiam
860 4632 1218 4705 peccatum,
1256 4622 1405 4711 quia
1438 4623 1545 4692 illa
1585 4624 1981 4713 dispensatio
2012 4652 2169 4697 exe-

623 4734 707 4799 rit
763 4736 941 4802 vires
980 4738 1345 4824 respective
1383 4738 1462 4806 ad
1521 4740 1759 4828 legem,
1804 4744 1999 4812 etiam
2051 4769 2168 4834 pro

620 4860 915 4936 tempore
957 4850 1199 4919 incursi
1243 4856 1511 4940 peccati,
1549 4856 1615 4922 in
1664 4858 1892 4926 ordine
1958 4862 2037 4928 ad
2070 4884 2165 4930 re-

624 4966 1013 5034 laxationem
1057 4972 1226 5058 ejuS,
1264 4985 1580 5057 quantum
1623 4974 1699 5040 ad
1732 4977 1952 5044 ‘omne
1983 4978 2169 5046 debi-
2235 5048 2238 5051 ⁴

621 5095 759 5148 tum
794 5083 966 5171 quod
1002 5085 1271 5166 inducit,
1310 5099 1372 5154 et
1404 5088 1573 5176 quod
1606 5111 1687 5156 ex
1727 5091 1959 5161 effectu
2000 5095 2167 5182 legis

621 5199 981 5268 incurritur
1010 5202 1288 5271 defecto
1328 5229 1343 5284 ;
1379 5206 1570 5273 etsie
1638 5209 1833 5277 etiam
1884 5213 2008 5278 erit
2067 5234 2164 5281 re·

625 5315 852 5382 missio
901 5316 1145 5384 directa
1176 5322 1448 5407 peccati,
1496 5324 1648 5411 quia
1690 5347 1804 5412 per
1837 5327 2167 5415 dispensa-

622 5434 879 5501 tionem
949 5435 1123 5503 illam
1197 5458 1323 5505 non
1417 5440 1490 5506 sit
1584 5441 1781 5509 homo
1838 5446 2166 5517 obnoxius

623 5548 931 5642 deinceps
982 5552 1137 5644 legi,
1212 5555 1316 5624 vel
1396 5557 1605 5646 quoad
1648 5581 1718 5626 se
1775 5561 1881 5628 vel
1953 5565 2164 5651 quoad

1853 396 1999 459 LlB.
2031 400 2130 462 lv.
2164 400 2756 473 SEN'PEN'HARUM

2291 566 2596 636 effectum
2629 568 2796 660 legis
2847 596 2965 662 pro
3031 587 3326 664 tempore
3390 589 3835 665 consequente

2291 683 2866 771 dispensationem.
2911 694 3003 758 Ex
3056 714 3183 780 quo
3215 705 3386 780 patet
3427 694 3506 760 ad
3561 695 3836 782 objecti·

2289 821 2504 871 onem.
2583 807 2865 896 Intelligi
2933 810 3130 877 etiam
3191 823 3404 898 potest
3452 816 3686 878 Doctor
3752 812 3834 879 de

2290 918 2532 1001 debite,
2580 934 2650 990 ut
2683 923 3036 994 includitur
3076 927 3142 993 in
3193 929 3335 1015 ipso
3367 942 3653 1014 peccato.

2861 1174 3260 1234 SCHOL1UM.

2359 1377 2745 1435 Sententiam
2797 1384 3176 1439 asserentem
3226 1381 3302 1438 de
3351 1384 3511 1441 racto
3549 1385 3837 1444 Circum-

2287 1475 2591 1532 cisionem
2658 1476 2967 1534 delevisse
3030 1480 3342 1550 originale
3418 1483 3555 1540 sine
3613 1487 3835 1554 gratiae

2287 1572 2625 1641 infusione,
2686 1576 2941 1634 refutat.
2975 1580 3204 1648 Primo,
3236 1583 3384 1652 quia
3416 1581 3492 1638 de
3525 1584 3685 1640 facto
3716 1599 3837 1641 non

2287 1670 2472 1728 datur
2504 1672 2782 1731 medium
2825 1676 2994 1732 inter
3044 1677 3248 1734 fllium
3297 1682 3478 1751 regni
3527 1686 3587 1739 et
3632 1682 3840 1754 perdi-

2285 1771 2494 1827 tionis.
2546 1771 2847 1843 Secundo,
2897 1776 3319 1847 principalius
3365 1777 3636 1836 intendit
3679 1782 3839 1837 Deus

2289 1870 2554 1939 gratiam
2614 1869 2788 1943 dare,
2838 1886 3026 1945 quam
3091 1876 3329 1946 peccati
3379 1878 3837 1949 expulsionem.

2286 1967 2512 2035 Tertio,
2565 1969 2961 2027 Sacramenta
3009 1972 3357 2044 impropria
3404 1973 3567 2045 legis
3607 1978 3836 2034 veteris

2285 2064 2515 2124 dabant
2570 2067 2842 2138 gratiam
2902 2083 2977 2124 ex
3027 2084 3215 2142 opere
3272 2074 3626 2148 operantis3
3688 2090 3838 2145 ergo

2284 2164 2540 2234 propria
2590 2164 2819 2222 dabant
2865 2180 2943 2223 ex
2998 2173 3268 2239 operato.
3330 2169 3530 2228 Solvit
3587 2172 3719 2228 loca
3767 2173 3834 2229 in

2284 2263 2691 2330 contrarium,
2739 2263 2903 2336 quod
2959 2264 3299 2336 procedant
3337 2266 3412 2322 de
3469 2267 3837 2341 impropriis

2285 2356 2705 2415 sacramentis
2760 2360 2923 2429 legis
2983 2362 3238 2418 veteris.
3297 2360 3472 2427 Quod
3519 2366 3570 2420 si
3622 2365 3836 2438 aliqua

2284 2458 2623 2529 loquantur
2663 2460 2851 2516 etiam
2891 2457 2967 2515 de
3005 2460 3513 2528 Circumcisione,
3565 2462 3836 2533 triplici-

2282 2556 2751 2628 ter-respondet
2787 2557 2865 2615 ad
2902 2574 2994 2615 ea.
3038 2559 3207 2627 Quod
3247 2575 3392 2617 vere
3424 2562 3838 2618 circumcisio

2283 2656 2573 2713 causabat
2622 2659 2904 2727 gratiam,
2955 2663 3167 2717 tenent
3208 2663 3410 2717 Alens.
3465 2664 3538 2717 D.
3592 2664 3835 2718 Bonan.

2281 2754 2577 2811 Richard.
2634 2760 2928 2814 Dur-and.
2979 2761 3265 2830 Mayron.
3338 2761 3528 2816 Gabr.
3573 2761 3834 2826 chbion,

2281 2855 2513 2922 Major.
2547 2857 2737 2913 Suar.
2774 2858 2945 2914 citati
2978 2862 3039 2915 et
3067 2862 3245 2915 Αὸιιῑ.
3278 2857 3419 2915 Jud.
3453 2875 3507 2916 c.
3551 2859 3614 2915 13
3648 2874 3707 2930 q.
3739 2860 3830 2914 41.

2280 2950 2494 3007 Matth.
2526 2952 2582 3008 3.
2615 2970 2674 3025 q.
2709 2954 2796 3011 46.
2839 2957 2964 3011 Sit.
3003 2957 3058 3012 4.
3102 2955 3162 3012 d.
3207 2961 3263 3013 2.
3304 2973 3364 3029 q.
3406 2960 3455 3014 1.
3490 2972 3546 3012 a.
3589 2959 3645 3012 4.
3687 2957 3835 3012 licet

2278 3049 2412 3119 ipse
2443 3055 2502 3107 et
2531 3055 2725 3113 Suar.
2760 3055 2828 3110 in
2862 3054 3074 3112 verbis
3094 3055 3391 3113 differant
3423 3056 3500 3112 ab
3529 3057 3692 3113 aliis,

2368 3235 2482 3306 De
2559 3235 2926 3326 potentia
3003 3257 3201 3309 vero
3274 3238 3650 3311 ordinata
3744 3240 3825 3331 (i)
3978 3291 4034 3339 9,

2280 3353 2641 3443 ponitur,
2712 3354 2913 3446 quod
2981 3355 3227 3429 etiam
3306 3357 3397 3429 de
3466 3356 3681 3431 facto
3746 3357 3824 3429 in
3856 3353 4076 3467 ῗῡῇῑῗζιχ
4117 3352 4181 3468 ³1¹}

2281 3467 2917 3541 Circumcisione
2967 3471 3177 3544 delet
3218 3472 3542 3564 culpam
3577 3473 3825 3565 origi-
3854 3480 4182 3539 car-¹¹¹⁸·1110·

2277 3583 2542 3655 nalem
2601 3584 2772 3657 sine
2823 3584 3228 3660 infusione
3270 3588 3588 3677 gratiae,
3639 3610 3807 3681 pro·
3855 3543 4172 3718 digis-2⁶35.

2273 3705 2463 3794 pter
2511 3704 3055 3778 auctoritates
3100 3708 3610 3789 Sanctorum,
3651 3728 3826 3799 quae
3945 3683 3995 3731 ‘¹'
4067 3705 4076 3714 “

2275 3817 2654 3892 videntur
2686 3839 2991 3910 negare
3032 3821 3395 3910 gratiam
3442 3842 3490 3895 a
3544 3826 3827 3897 Sacra-

2289 3932 2584 4005 mentis
2616 3934 2921 4007 veteris
2972 3934 3202 4026 legis,
3252 3939 3340 4009 ut
3398 3937 3824 4011 deductum

2279 4042 2406 4111 est
2460 4042 2956 4131 opponendo.
3048 4042 3208 4114 Alii
3263 4042 3561 4125 dicunt,
3622 4047 3829 4136 quod

2279 4155 2851 4248 principaliter
2886 4157 3267 4233 instituta
3298 4160 3449 4232 fuit
3489 4166 3835 4253 propter

2278 4271 2835 4345 dimissionem
2879 4273 3334 4364 originalis,
3398 4295 3496 4347 ex
3565 4295 3835 4349 conse-

2282 4388 2554 4482 quenti
2626 4391 2898 4461 autem
2970 4390 3064 4461 ad
3134 4391 3491 4481 gratiam
3571 4391 3832 4464 confe-

2284 4506 2637 4587 rendam;
2702 4511 2782 4579 et
2835 4527 2983 4599 pro
3033 4509 3264 4581 tanto
3318 4508 3618 4583 dicitur
3675 4529 3834 4581 non
3876 4532 3924 4615 '-

2281 4621 2657 4696 conferre
2739 4621 3122 4712 gratiam,
3223 4626 3411 4715 quia
3494 4645 3656 4698 non
3734 4647 3832 4697 ex

2283 4734 2715 4833 principali
2767 4735 3310 4822 institutione,
3359 4740 3493 4812 sed
3541 4761 3830 4814 conco-

2282 4856 2693 4928 mitanter.

2367 4976 2640 5055 Quoad
2700 4973 2850 5048 hoc
2909 4977 3142 5048 teneo
3206 4973 3413 5066 qu’od
3480 4994 3641 5046 non
3700 4976 3824 5047 est

2278 5089 2661 5183 possibile
2767 5091 2859 5163 de
2957 5090 3322 5183 potentia
3420 5090 3823 5173 ordinata,

2278 5208 2600 5301 culpam
2692 5208 3204 5299 originalem,
3257 5227 3403 5280 nec
3463 5206 3819 5300 aliquam

2272 5324 2524 5397 aliam
2573 5325 3007 5399 mortalem
3051 5325 3354 5399 dimitti
3404 5325 3576 5397 sine
3627 5324 3823 5396 infu-

2279 5441 2506 5516 sione
2566 5442 2883 5532 gratiae,
2957 5440 3143 5533 quia
3200 5440 3392 5512 licet
3452 5439 3822 5513 absolute

2275 5557 2453 5630 sine
2550 5557 3192 5633 contra-dictione
3287 5557 3547 5653 possit
3641 5577 3818 5631 esse

3851 5043 4120 5095 Resolutio
4131 5085 4143 5095 .
