4287 6313
242 576 394 627 Sotus

149 637 387 704 reJicitur
401 678 414 692 .

135 5054 326 5105 Doctox·
351 5053 453 5116 pri·

154 5131 268 5167 mus
294 5120 430 5166 inter

154 5180 431 5232 Scholasti-

258 5257 345 5292 cos

193 5304 397 5355 videtur

183 5367 412 5417 docuisse

226 5431 366 5479 hunc

157 5492 431 5542 articulum

148 5571 259 5605 esse
291 5556 434 5609 fidei.

1630 429 1828 490 ms'r.
1862 430 1963 490 Vl.
1996 428 2359 504 QUAESTIO
2392 432 2490 492 lX.

480 576 638 645 dicit
673 601 821 647 eum
864 584 1142 650 tenuiter
1175 586 1254 653 de
1284 589 1657 654 charactere
1707 590 2020 670 sensisse,

486 705 550 759 et
580 697 760 781 quasi
794 700 916 765 sub
977 722 1252 786 persona
1282 703 1554 770 aliorum
1592 705 1771 771 illum
1808 706 2022 793 impu-

483 831 709 896 gnare,
758 815 869 879 sed
903 835 1030 881 non
1062 817 1344 884 advertit
1375 831 1668 899 textum;
1727 841 1875 886 nam
1917 821 2027 886 illa

482 926 603 993 fuit
642 929 963 996 sententia
1023 931 1413 1020 aliquorum,
1487 947 1559 1001 ut
1621 956 1738 1023 per
1806 936 2023 1023 Bapti-

485 1064 702 1110 smum
771 1065 899 1112 non
965 1050 1367 1136 reciperetur
1426 1052 1670 1139 aliquid
1722 1053 2026 1118 intrinse-

483 1182 656 1242 cum,
692 1161 881 1230 aliter
924 1186 1118 1253 quam
1182 1169 1495 1249 Ecclesia,
1551 1170 1735 1236 verbi
1785 1169 2023 1256 gratia,

485 1278 715 1365 recipit
745 1280 812 1346 in
855 1302 973 1348 sua
1013 1287 1525 1366 consecratione,
1565 1309 1841 1375 quorum
1877 1310 2030 1354 sen-

482 1394 749 1462 tentiam
791 1398 1028 1486 allegat
1059 1402 1316 1468 Alensis
1356 1408 1421 1472 4.
1453 1416 1636 1490 part.
1674 1415 1906 1491 quaest.
1961 1409 2025 1472 8.

460 1529 571 1573 m.
609 1514 672 1578 8.
718 1522 847 1579 art.
906 1519 969 1581 1.
1019 1518 1052 1601 g
1110 1522 1172 1582 1.
1209 1529 1274 1582 et
1332 1518 1627 1603 ejusdem
1687 1519 2029 1585 sententiaa

487 1622 691 1692 fuisse
758 1629 1023 1697 videtur
1081 1632 1437 1699 Gulielmus
1504 1635 1896 1702 parisiensis
1964 1635 2028 1700 in

487 1750 763 1808 tractatu
804 1743 885 1811 de
932 1747 1286 1832 BaptismO,
1344 1750 1454 1837 qui
1492 1751 1747 1836 prolixe
1787 1751 1854 1816 in
1914 1752 2035 1817 hoc

486 1871 815 1939 versatur,
894 1864 1085 1950 cujus
1143 1866 1343 1932 verba
1402 1867 1509 1932 hic
1548 1868 1919 1954 subjiciam,
1966 1879 2033 1933 ut

488 1976 770 2062 primum
806 1980 1157 2048 offeramus
1185 1986 1363 2063 Sot0,
1399 1984 1653 2070 aliquos
1675 1985 2031 2050 anteriores

484 2092 768 2160 fuissein
790 2116 861 2162 ea
888 2099 1235 2178 sententia,
1275 2100 1354 2165 de
1379 2121 1503 2188 qua
1537 2104 1873 2167 Doctorem
1897 2113 2031 2165 tra-

483 2208 683 2289 ducit,
731 2214 941 2299 quoad
995 2214 1493 2303 intelligentiam
1546 2221 1850 2283 Patrum:
1900 2218 2033 2282 Sed

472 2330 623 2414 jam
662 2327 903 2417 (inquit
926 2332 1312 2420 Gulielmus)
1346 2346 1816 2400 consenserunt
1854 2337 2035 2400 sacri

482 2444 794 2510 Doctores
860 2449 932 2512 in
998 2449 1140 2524 hoc,
1212 2450 1387 2535 quod
1424 2461 1677 2536 proeter
1707 2454 2026 2538 qratiam,

479 2572 729 2647 proeter
768 2573 972 2628 totum
1022 2564 1322 2631 decorem
1352 2569 1696 2646 virtutum,
1735 2578 1796 2633 et
1826 2569 2034 2632 hono-

481 2687 643 2767 r‘em,
695 2689 842 2753 sine
891 2690 1125 2775 quibus
1165 2692 1299 2756 Deo
1350 2713 1485 2757 uon
1539 2693 1865 2778 placetur,
1904 2695 2033 2758 im-

478 2802 818 2886 primatur
864 2805 1228 2885 character,
1279 2809 1429 2873 licet
1482 2830 1612 2874 non
1654 2809 2033 2874 declarave-

481 2919 643 2997 rint,
672 2939 791 2984 nec
817 2919 1100 3003 fecerint
1127 2925 1298 2987 scire
1327 2925 1489 3009 quid
1519 2926 1658 3010 ipse
1689 2927 2033 2990 character

481 3035 589 3111 sit,
643 3036 878 3119 specie,
934 3038 1056 3102 etsi
1109 3048 1327 3104 tamen
1367 3039 1597 3105 dican-t
1637 3042 1853 3125 ipsum
1897 3062 2031 3104 esse

481 3152 556 3217 in
602 3174 840 3238 yenere
888 3155 1307 3241 qualitatum,
1357 3179 1492 3223 nou
1551 3170 1770 3223 tamen
1814 3158 2021 3236 nobz'S,

484 3268 745 3351 qualem
811 3271 1072 3353 efficiat
1148 3273 1449 3337 animam
1518 3272 1863 3358 baptizati,
1929 3273 2031 3337 vel

482 3385 695 3469 ipsum
738 3385 1173 3471 baptizatum.
1240 3391 1317 3453 Et
1357 3388 1566 3455 infra:
1628 3390 1760 3453 Sed
1800 3401 1861 3454 ct
1911 3391 2030 3453 hoc

483 3501 806 3568 dioeerunt
839 3506 1195 3589 proprium
1255 3502 1562 3589 effectum
1623 3526 1756 3569 esse
1793 3507 2028 3570 chara-

484 3620 681 3683 cteris
716 3619 927 3697 istius,
984 3620 1238 3685 scilicet
1278 3619 1693 3707 distiuquere
1733 3622 2028 3706 baptiza-

486 3742 582 3797 tos
612 3756 651 3798 a
693 3755 828 3799 non
859 3735 1247 3821 baptizatis;
1296 3748 1359 3801 et
1403 3737 1610 3804 infra:
1648 3738 1785 3821 Ipsi
1813 3749 2030 3801 autem

487 3850 936 3917 characterem
987 3854 1372 3940 hujusmodi
1422 3856 1757 3940 Baptismi
1794 3867 2031 3920 vocant

487 3966 992 4032 Sacramentum
1060 3970 1413 4055 Baptismi,
1488 3983 1611 4035 etc.
1680 3972 2028 4056 Postquam

484 4092 698 4147 autem
731 4083 1033 4167 probavit
1075 4105 1201 4149 non
1234 4106 1378 4151 esse
1411 4086 1787 4171 qualitatem
1827 4086 2030 4153 variis

483 4197 871 4277 rationibus,
926 4198 1185 4265 tandem
1234 4200 1560 4267 concludit
1621 4224 1763 4269 esse
1804 4224 2029 4289 quam-

479 4310 627 4377 dam
671 4314 1104 4393 sanctitatem,
1143 4337 1337 4403 quam
1379 4317 1608 4402 recipit
1642 4318 2024 4402 baptizatuS,

482 4427 676 4494 talem
709 4430 965 4516 qualem
1006 4432 1294 4498 Ecclesia
1356 4450 1421 4499 et
1452 4454 1609 4499 vasa
1643 4445 2015 4500 consecrata

480 4543 826 4631 recipiunt,
892 4560 1150 4613 servata
1204 4549 1646 4634 proportione,
1701 4550 1889 4635 cujus
1930 4570 2027 4614 ra·

479 4663 691 4727 tiones
732 4658 991 4726 adducit
1054 4661 1248 4726 etiam
1320 4662 1677 4728 Richardus
1739 4664 1895 4728 dist.
1961 4667 2023 4727 ὃ.

477 4791 608 4844 art.
654 4780 718 4843 2.
753 4788 977 4864 quaest.
1027 4784 1088 4844 1.

569 4899 889 4962 Caeterum
962 4896 1179 4963 nullus
1248 4898 1693 4984 antiquiorum
1756 4901 2029 4962 Doctore

483 5013 739 5078 censuit
771 5012 938 5078 hanc
979 5014 1366 5079 sententiam
1410 5035 1553 5079 esse
1585 5013 1663 5078 de
1705 5012 1850 5091 fide,
1900 5034 2027 5078 non

486 5126 897 5192 obstantibus
930 5126 1011 5192 iis
1051 5127 1569 5208 auctoritatibus,
1609 5148 1769 5214 quas
1800 5126 2024 5205 citant,

486 5251 598 5305 aut
646 5242 1023 5328 Scripturae,
1062 5256 1173 5309 aut
1214 5247 1500 5324 Patrum,
1542 5243 1607 5308 in
1647 5245 1791 5330 ejus
1844 5244 2027 5309 favo-

488 5376 650 5434 rem,
680 5368 749 5421 ut
789 5359 1064 5443 probent
1096 5361 1535 5425 characterem
1559 5380 1703 5424 esse
1725 5360 2027 5425 effectum

488 5479 934 5547 immediatum
968 5492 1033 5545 et
1073 5479 1336 5555 realem,
1376 5478 1767 5562 impressum
1804 5478 1865 5541 in
1898 5475 2032 5541 ani-

488 5618 590 5662 ma
625 5618 739 5682 per
769 5597 1031 5662 modum
1063 5593 1417 5683 qualitatiS,
1493 5605 1562 5660 ut
1629 5593 1793 5660 bene
1836 5593 2030 5658 ctiam

3599 433 3714 495 591

2138 591 2489 658 advertunt
2523 593 2815 659 moderni
2854 595 3236 679 Scriptores,
3282 594 3437 682 quia
3483 614 3688 682 quan-

2139 721 2279 775 tum
2324 708 2402 774 ad
2457 710 2633 795 ipsas
2677 710 3044 797 Scripturas
3088 715 3268 780 varie
3306 734 3342 779 a
3389 713 3689 780 Patribus

2141 825 2722 891 accommodantur
2794 838 2856 892 et
2945 828 3427 916 intelliguntur.
3520 833 3693 895 Inter

2141 960 2372 1006 omnes
2405 954 2650 1020 autem,
2687 944 2941 1029 primus
2974 946 3137 1011 mihi
3187 945 3394 1013 fuisse
3434 945 3694 1013 videtur

2143 1068 2368 1122 noster
2398 1061 2654 1139 Doctor‚
2691 1060 2860 1126 inter
2885 1061 3344 1142 ScholasticOS,
3381 1062 3492 1150 qui
3527 1063 3694 1128 hanc

2145 1171 2489 1237 veritatem
2558 1173 2977 1257 characteris,
3042 1189 3350 1265 tanquam
3426 1177 3694 1245 effectus

2142 1287 2436 1353 distincti
2499 1310 2534 1354 a
2581 1291 2815 1377 gratia,
2882 1305 2946 1359 et
3005 1294 3311 1381 impressi
3363 1294 3429 1360 in
3478 1294 3697 1392 anima

2146 1426 2260 1490 per
2282 1409 2802 1491 Sacramentum,
2840 1409 3101 1477 reduxit
3125 1413 3203 1478 ad
3234 1412 3694 1479 certitudinem

2150 1519 2325 1598 fidei,
2400 1543 2479 1587 ex
2557 1523 2938 1592 definitione
3020 1528 3353 1606 Ecclesiae,
3418 1529 3694 1616 ejusque

2145 1637 2609 1719 declaratione,
2702 1642 3164 1728 conjungendo
3248 1641 3693 1710 definitionem

2145 1753 2419 1839 capituli
2471 1755 2576 1820 Act
2613 1755 3031 1836 abolendam,
3089 1778 3217 1844 quo
3255 1757 3566 1824 definitur
3631 1758 3696 1823 in

2148 1869 2439 1934 Ecclesia
2494 1875 2782 1938 Romana
2845 1894 2991 1939 esse
3060 1894 3284 1940 veram
3335 1874 3694 1941 doctrinam

2150 1987 2230 2052 de
2261 1988 2731 2067 Sacramentis‚
2769 2011 2925 2077 qum
2959 2011 3034 2056 eo
3086 1991 3258 2078 quod
3299 1990 3606 2058 delinitur
3637 1993 3701 2058 in

2148 2103 2436 2188 capitulo
2476 2105 2785 2190 MajoreS,
2841 2105 2922 2171 de
2971 2109 3338 2194 BaptismO,
3378 2107 3548 2174 circa
3588 2128 3700 2173 ve—

2153 2218 2412 2284 ritatem
2456 2221 2826 2306 explicitam
2866 2222 3286 2289 characteris,

2236 2339 2315 2401 Ut
2347 2337 2500 2402 hinc
2547 2358 2705 2424 ergo
2739 2341 3250 2426 respondeamus
3282 2341 3474 2407 ctiam
3518 2342 3685 2424 aliis,

2148 2450 2258 2536 qui
2291 2473 2438 2517 eum
2500 2453 2757 2520 incaute
2805 2455 3094 2522 locutum
3152 2456 3357 2525 fuisse
3394 2469 3699 2526 asserunt

2147 2567 2621 2634 advertendum
2719 2585 2818 2639 est
2910 2573 3088 2660 ipsos
3184 2597 3314 2642 non
3399 2576 3701 2662 attigisse

2148 2701 2416 2768 scopum
2453 2686 2767 2766 DoctoriS,
2804 2700 2914 2752 aut
2957 2689 3297 2758 discursus
3348 2692 3693 2763 intentum.

2147 2802 2379 2865 Doctor
2420 2823 2580 2888 ergo
2630 2807 2943 2891 supponit
2973 2828 3392 2876 communem
3439 2824 3702 2879 senten-

2146 2915 2328 2992 tiam,
2382 2931 2450 2983 ut
2500 2933 2677 3004 patet
2742 2923 3698 3015 argumentoj'kadssppositum

2145 3048 2207 3102 et
2266 3059 2347 3104 ex
2389 3040 2786 3107 resolutione
2817 3045 3105 3131 propria,
3151 3067 3347 3133 quam
3402 3046 3700 3116 insinua-

2147 3176 2316 3233 mus,
2365 3159 2398 3241 ξ
2431 3158 2666 3223 Autem
2704 3163 2812 3225 hic
2853 3163 3690 3254 intelliqendumcensete.

2146 3271 2425 3357 explicat
2456 3275 2620 3359 quid
2658 3277 2944 3343 nominis
2971 3291 3031 3343 et
3066 3281 3155 3345 rei
3206 3301 3281 3347 ac
3338 3285 3696 3370 proprieta-

2147 3402 2243 3453 tes
2275 3390 2443 3476 ejuS.
2481 3391 2765 3457 Tandem
2810 3393 3070 3461 adducit
3107 3396 3481 3482 opinionem
3520 3400 3696 3469 illam

2146 3506 2446 3571 Gulielmi
2517 3510 2933 3589 Parisiensis,
3000 3535 3118 3599 pro
3189 3536 3317 3601 qua
3412 3518 3700 3586 citantur

2145 3642 2178 3687 a
2217 3623 2652 3710 Mai-ginatore
2710 3627 2974 3713 quidam
3059 3631 3325 3699 Juristae
3429 3635 3495 3700 in
3550 3657 3692 3723 cap.

2149 3736 2341 3819 Quod
2380 3741 2656 3826 quidam
2696 3744 3026 3824 dicunt,1.
3066 3756 3368 3833 quoest.1.
3415 3763 3475 3817 et
3508 3755 3697 3841 cujus

3728 3731 4024 3798 Explicatur

3752 3809 4018 3858 processus

2148 3854 2544 3922 mentionem
2613 3858 2858 3925 faciunt
2888 3862 3145 3929 Alensis
3187 3877 3250 3932 et
3302 3866 3690 3953 Richardus,
3723 3859 3956 3910 Doctoris
3988 3858 4042 3908 ³¹¹

2145 3989 2338 4055 quam
2399 3973 2593 4038 etiam
2636 3987 2898 4043 secutus
2957 3991 3057 4044 est
3110 3983 3480 4050 Durandus.
3533 3987 3696 4053 Sub-

2138 4085 2285 4170 jicit
2333 4089 2477 4173 eJus
2535 4090 3049 4175 conclusionem,
3121 4108 3184 4162 et
3251 4117 3424 4179 mox,
3507 4105 3539 4187 5
3595 4105 3699 4169 Ast

2145 4202 2344 4267 istam
2374 4207 2864 4274 conclusionem
2896 4213 3232 4297 arquitur,
3275 4227 3397 4282 etc.
3437 4217 3701 4287 adducit

2143 4337 2530 4406 argumenta
2582 4324 2768 4410 plura
2813 4326 2877 4391 in
2919 4328 3208 4395 favorem
3251 4335 3419 4421 eJus,
3484 4336 3696 4425 inqui-

2148 4436 2348 4503 rendo
2409 4441 2864 4508 necessitatem
2911 4445 3332 4532 characteriS,
3395 4474 3524 4520 non
3575 4458 3691 4538 rei,

2142 4557 2255 4622 sed
2299 4560 2699 4644 probationis
2741 4566 3151 4648 necessariae,
3201 4583 3267 4638 et
3304 4575 3696 4643 convincen-

2143 4673 2253 4757 tis,
2311 4676 2454 4743 sive
2502 4678 2582 4743 ab
2630 4681 3038 4764 auctoritate,
3110 4684 3254 4753 sive
3306 4710 3342 4754 a
3404 4693 3692 4776 ratione3

2142 4802 2206 4855 et
2253 4792 2490 4876 quaerit
2547 4793 2627 4860 de
2693 4798 3078 4866 auctoritate
3150 4804 3474 4889 explicita,
3559 4810 3702 4876 sive

2143 4904 2211 4970 in
2251 4908 2490 4993 specie,
2537 4931 2685 4997 quae
2742 4913 2885 4981 sine
2925 4918 3467 5004 tergiversatione
3511 4924 3698 4993 doce-

2143 5032 2242 5086 ret
2301 5024 2741 5094 characterem
2786 5050 2933 5097 esse
2991 5034 3316 5120 explicite,
3364 5039 3451 5105 ita
3492 5053 3563 5107 ut
3617 5044 3696 5110 ad

2143 5139 2306 5205 alios
2359 5140 2626 5209 effectus
2668 5147 3090 5232 Sacramenti,
3148 5152 3291 5220 sive
3330 5155 3409 5221 ad
3479 5157 3694 5244 ipsum

2145 5256 2668 5341 Sacramentum,
2692 5264 2834 5329 sive
2866 5266 2944 5330 ad
2977 5272 3443 5355 praeparatoria
3474 5276 3552 5340 ad
3586 5280 3694 5342 Sa·

2143 5384 2575 5451 eramentum,
2641 5374 2781 5440 sive
2829 5377 2906 5442 ad
2986 5380 3247 5466 signum
3291 5387 3515 5453 Crucis
3582 5403 3693 5455 aut

2142 5484 2292 5564 alia,
2321 5507 2754 5576 quincumque
2784 5492 3042 5561 diversa
3063 5518 3098 5562 a
3119 5499 3492 5569 charactere
3523 5527 3693 5572 com-

2148 5602 2336 5667 mode
2376 5603 2602 5670 referri
2638 5618 2748 5672 aut
2779 5612 3013 5699 exponi
3076 5634 3204 5681 non
3245 5630 3468 5702 posset
3498 5640 3532 5686 a
3581 5642 3689 5688 ne-

3831 3921 3925 3993 1¹³9

3733 3988 4010 4049 quaestione
4021 4022 4036 4035 .
