4287 6313
1662 417 1864 481 DIST.
1913 420 1957 479 1.
2008 417 2371 492 QUAESTlO
2417 419 2488 479 V.
3593 414 3700 476 155

157 574 459 702 Roeffn'uio
613 583 1034 670 Respondent
1072 605 1236 673 ergo
1276 586 1411 667 alii,
1450 584 1623 674 quod
1658 603 1774 674 per
1803 580 2057 647 instans

183 700 434 752 aliorum.
518 697 897 782 prolationis
938 698 1368 766 intrinsecum
1395 698 1774 786 producitur
1813 696 2050 785 gratia,

517 826 588 879 ut
635 813 890 881 salvent
942 815 1162 904 aliquo
1224 815 1413 883 modo
1473 815 1758 882 existere
1832 815 2052 880 Sacra-

195 925 437 1037 Prqguci
518 942 834 1011 mentum,
896 931 1158 1020 quando
1210 931 1510 1018 producit
1567 930 1897 997 effectum.
1960 927 2054 994 Ad

223 1051 418 1100 ultimo
512 1048 920 1132 propositum
963 1048 1164 1136 hujus
1203 1048 1538 1115 adducunt
1600 1046 1760 1113 illud
1812 1044 2051 1133 princi-

205 1119 430 1247 metssto
516 1162 692 1248 pium
778 1164 1330 1251 philosophicum,
1389 1184 1646 1250 nempe,
1735 1162 1905 1249 quod
1984 1162 2053 1228 in

146 1240 481 1304 protnuoms.
513 1280 689 1345 omni
741 1293 920 1347 motu
995 1302 1230 1349 versus
1280 1280 1479 1347 finem
1559 1279 1748 1345 detur
1789 1278 2051 1367 aliquod

514 1406 834 1461 mutatum
872 1418 1026 1475 esse,
1078 1398 1440 1465 terminans
1481 1408 1758 1475 motum,
1822 1396 1888 1461 in
1922 1416 2051 1483 quo

513 1512 737 1578 ultima
772 1533 920 1599 pars
952 1513 1184 1582 formae
1225 1514 1608 1600 producitur
1640 1513 1705 1578 in
1749 1512 2043 1591 instanti3

511 1627 609 1692 sic
653 1647 811 1714 ergo
866 1628 1190 1715 contingit
1230 1630 1295 1694 in
1348 1630 1711 1715 prolatione
1751 1627 1890 1694 dari
1934 1627 2050 1693 ali-

509 1742 681 1828 quod
729 1754 1052 1839 mutatum
1090 1766 1225 1811 esse
1254 1747 1398 1833 eJus
1449 1746 1515 1812 in
1549 1764 1687 1834 quo
1744 1755 2051 1811 causatur

466 1858 741 1943 ·gratia.

599 1975 775 2042 Hanc
858 1977 1351 2063 responsionem
1468 1977 1611 2044 fuse
1707 1977 2051 2063 impugnat

504 2092 799 2176 Vasquez
848 2111 1045 2176 supra
1085 2114 1100 2171 ;
1146 2112 1266 2157 nos
1317 2092 1585 2158 brevius
1642 2090 2044 2170 incedemuS,

501 2226 653 2271 nam
709 2206 847 2293 ipsa
921 2227 993 2273 se
1055 2208 1302 2294 prodit.
1380 2210 1592 2283 Quare
1666 2207 1840 2274 enim
1920 2227 2047 2271 non

506 2323 768 2389 instans
852 2322 1299 2390 extrinsecum
1370 2323 1543 2390 sicut
1635 2323 1838 2410 prior,
1921 2322 2048 2389 nisi

492 2437 669 2525 quod
711 2449 942 2523 putent
971 2438 1417 2505 necessarium
1463 2459 1636 2518 esse,
1687 2450 1758 2504 ut
1816 2439 2045 2505 Sacra-

498 2565 794 2619 mentum
851 2553 1116 2633 existat,
1159 2552 1421 2641 quando
1461 2559 1748 2620 causat?
1794 2573 1953 2641 ergo
1994 2553 2049 2619 si

492 2667 658 2733 illud
700 2678 1026 2734 mutatum
1069 2668 1222 2748 esse,
1274 2667 1551 2754 prolatio
1590 2668 2041 2746 consonantiS‚

487 2794 605 2848 aut
634 2782 886 2849 ultimae
931 2783 1192 2862 litterae,
1250 2783 1438 2850 modo
1478 2785 1621 2850 haec
1654 2784 1795 2871 ipsa
1825 2781 1935 2848 fiat
1980 2784 2044 2849 in

491 2899 801 2979 instanti;
833 2921 992 2989 ergo
1029 2912 1161 2966 tota
1202 2900 1414 2966 virtus
1453 2898 2041 2980 causandiformae‚

493 3016 601 3081 vel
651 3017 1074 3096 Sacramenti,
1121 3028 1221 3084 est
1253 3016 1319 3082 in
1350 3016 1459 3083 illa
1489 3016 1625 3084 sola
1657 3017 1903 3094 littera;
1940 3038 2045 3083 er-

493 3152 584 3219 go
623 3133 680 3200 si
718 3133 855 3200 sola
894 3145 1090 3214 esset,
1129 3134 1324 3200 etiam
1371 3144 1697 3214 causaret,
1742 3132 1915 3222 quod
1948 3144 2048 3200 est

496 3248 926 3335 paradoxum.
968 3251 1285 3316 Probatur
1332 3262 1605 3337 utraque
1636 3270 2046 3336 consequen-

494 3365 609 3443 tia,
646 3365 798 3451 quia
828 3367 972 3432 haec
1018 3366 1344 3433 sententia
1375 3365 1519 3432 ideo
1573 3366 1926 3444 inducitur,
1974 3378 2046 3432 ut

487 3480 786 3547 salvetur
853 3502 1118 3549 causam
1195 3481 1504 3562 existere,
1559 3481 1819 3568 quando
1890 3481 2045 3548 effe·

497 3608 648 3663 ctus
687 3609 1033 3677 causatur;
1080 3619 1237 3684 ergo
1270 3598 1588 3686 quidquid
1649 3618 1779 3664 non
1820 3597 2045 3665 existit

496 3713 934 3793 Sacramenti,
980 3733 1109 3779 non
1158 3713 1309 3780 facit
1365 3714 1445 3779 ad
1512 3713 1831 3780 actionem
1896 3735 2046 3800 pro-

489 3828 828 3894 ductivam
879 3828 1174 3908 effectuS,
1230 3829 1380 3917 quia
1412 3849 1625 3915 neque
1675 3829 1742 3893 in
1793 3849 1888 3907 se,
1935 3849 2043 3895 ne-

492 3965 622 4033 que
674 3944 736 4009 in
786 3943 1004 4032 aliquo
1035 3943 1205 4032 quod
1255 3955 1400 4030 post
1432 3964 1504 4010 se
1546 3943 1858 4030 relinquit
1898 3955 2046 4009 tan·

493 4081 692 4147 quam
723 4073 988 4126 causato
1049 4060 1348 4146 physicO,
1413 4081 1562 4148 quae
1618 4072 1794 4126 esset
1833 4060 2045 4127 virtus

499 4178 683 4263 ejus.

267 4316 344 4364 23.
593 4293 816 4360 Dicere
861 4307 1078 4360 autem
1126 4293 1298 4381 quod
1348 4293 1562 4361 littera
1611 4294 1715 4361 vel
1767 4293 2039 4380 syllaba,

497 4431 650 4497 quae
693 4431 819 4476 non
852 4423 1006 4476 sunt
1044 4409 1509 4496 significativa,
1554 4411 1639 4476 sit
1678 4410 1885 4476 forma
1928 4411 2045 4476 Sa-

495 4525 839 4603 cramenti,
894 4525 1179 4592 alienum
1229 4539 1330 4592 est
1372 4547 1409 4592 a
1458 4547 1656 4593 sensu
1697 4525 2041 4605 Ecclesiae;

497 4642 668 4707 redit
749 4662 907 4726 ergo
981 4653 1443 4728 argumentum
1526 4643 1709 4728 prius
1775 4641 2042 4708 factum.

217 4807 398 4857 nmio
497 4755 830 4841 Completa
862 4756 1256 4843 significatio
1289 4760 1519 4826 formae
1551 4779 1679 4824 non
1714 4758 2048 4843 consurgit

257 4887 354 4917 ⁰⁰¹¹
497 4902 582 4946 ex
639 4882 748 4948 illa
806 4880 1041 4958 littera,
1099 4898 1310 4964 neque
1350 4898 1432 4942 ex
1484 4877 1672 4944 unica
1730 4877 2040 4958 dictione,

185 4934 435 4983 candeat.
499 5019 714 5086 neque
750 4996 830 5063 ad
860 4997 1003 5084 ejus
1044 4993 1480 5062 substantiam
1514 4995 1726 5081 magis
1768 4996 1919 5062 facit
1950 4997 2038 5062 ul·

186 2000 453 2065 Impugna-

250 2074 357 2113 tur.

188 5132 430 5192 [tuaeiibet
498 5115 657 5180 tima
705 5133 898 5200 quam
944 5111 1175 5197 prima,
1212 5110 1314 5177 vel
1359 5111 1568 5176 media
1608 5110 1839 5190 dictio;
1878 5113 2048 5180 unde

215 5211 392 5305 ςὲἰῖζζ
499 5228 556 5294 si
613 5228 803 5294 fieret
851 5226 1129 5294 mutatio
1177 5226 1629 5293 substantialis
1688 5228 1856 5294 circa
1911 5230 2047 5314 pri-

149 5321 455 5369 sut-tantia-

274 5387 336 5430 m
499 5368 671 5412 mam
728 5346 1083 5412 dictionem
1161 5344 1684 5424 substantialem,
1757 5346 1859 5411 vel
1920 5369 2045 5414 non

151 5450 442 5508 “qum‘''ss
495 5461 902 5546 proferretur
960 5459 1382 5548 sensibiliter,
1443 5473 2046 5548 quantumcumque

487 5580 745 5668 reliqua
784 5591 1147 5655 manerent,
1185 5576 1405 5643 nullus
1435 5575 1702 5643 effectus
1733 5596 2046 5664 sequere·

2167 591 2307 659 tur;
2353 600 2509 667 ergo
2543 578 2597 646 si
2640 579 2845 646 forma
2884 589 3133 659 causat,
3169 589 3240 644 ut
3277 575 3711 666 significativa

2167 704 2286 773 est,
2334 707 2656 781 repugnat
2691 694 3002 761 virtutem
3036 692 3438 759 causativam
3485 690 3711 757 formae

2167 810 2461 876 contrahi
2502 809 2580 876 ad
2625 810 2922 877 ultimum
2957 820 3277 876 mutatum
3311 829 3458 876 esse
3498 806 3712 895 prola·

2165 928 2388 995 tioniS.

2253 1048 2331 1111 Et
2371 1045 2426 1112 si
2486 1044 2687 1126 dicam
2743 1045 2914 1134 quod
2966 1045 3409 1113 successivum
3468 1042 3709 1111 existat
3766 1036 4019 1151 gffffiffi

2166 1179 2279 1245 per
2310 1171 2524 1245 partes
2556 1172 2839 1244 tantum,
2884 1160 3047 1227 nihil
3081 1162 3307 1248 juvat,
3335 1156 3488 1245 quia
3536 1178 3709 1224 nun·
3774 1168 4026 1275 terxexiinus

2164 1295 2357 1361 quam
2407 1274 2645 1363 aliquis
2692 1276 2857 1342 dixit
2898 1287 3144 1342 motum
3185 1295 3331 1341 esse
3378 1295 3496 1360 per
3553 1273 3707 1339 ulti-
3812 1294 3977 1337 motus

2166 1412 2344 1457 mum
2377 1403 2702 1459 mutatum
2731 1414 2884 1471 esse,
2924 1392 2988 1458 in
3024 1413 3152 1478 quo
3183 1412 3417 1459 verum
3458 1402 3560 1458 est
3597 1388 3704 1456 di·
3754 1364 3855 1400 ¹³⁰⁰
3885 1365 4026 1414 μηδ’

2161 1530 2331 1589 cere,
2360 1509 2498 1594 jam
2540 1529 2670 1574 non
2701 1520 2801 1574 est
2843 1520 3080 1587 motus,
3127 1519 3274 1574 ante
3322 1508 3446 1574 hoc
3478 1507 3705 1573 imme-

2159 1622 2331 1689 diate
2361 1623 2512 1689 fuit.
2558 1623 2740 1700 Quod
2773 1623 2828 1689 si
2879 1625 3073 1689 etiam
3109 1634 3322 1690 motus
3374 1623 3534 1689 nihil
3570 1634 3713 1710 post

2162 1760 2234 1805 se
2280 1739 2701 1825 relinqueret,
2748 1739 2861 1805 sed
2894 1739 3215 1805 terminus
3265 1741 3409 1826 ejus
3468 1739 3709 1806 transi-

2162 1868 2258 1923 ret
2288 1877 2436 1922 cum
2470 1857 2613 1943 ipso
2647 1868 2823 1923 motu
2858 1877 2973 1943 per
3015 1855 3174 1922 illud
3227 1856 3530 1922 ultimum
3574 1877 3712 1921 mu-

2162 1982 2370 2037 tatum
2408 1992 2562 2050 esse,
2621 1992 2748 2037 non
2789 1985 2963 2039 esset
3014 1991 3247 2038 verum
3303 1971 3545 2054 dicere,
3598 1984 3708 2038 aut

2161 2098 2408 2153 motum
2438 2099 2549 2153 aut
2576 2086 2928 2153 terminum
2960 2097 3176 2153 motus
3207 2086 3513 2165 existere,
3564 2107 3707 2152 ver·
3740 2125 4057 2189 Exemplum.

2159 2203 2221 2268 bi
2255 2204 2484 2290 gratia,
2541 2203 2596 2269 si
2649 2214 2862 2268 motus
2907 2202 3375 2280 calefactionis»,
3413 2214 3477 2268 et
3535 2201 3712 2268 calor

2159 2318 2517 2403 productus
2568 2318 2899 2395 transiret,
2958 2330 3262 2385 manente
3293 2329 3547 2385 tantum
3602 2317 3713 2384 illo

2157 2435 2363 2522 gradu
2404 2435 2831 2517 indivisibili,
2874 2435 2985 2523 qui
3039 2456 3153 2523 per
3200 2446 3525 2501 mutatum
3581 2456 3718 2502 esse

2157 2555 2519 2642 acquiritur
2558 2555 2624 2620 in
2673 2554 2966 2633 instanti,
3014 2575 3203 2641 aeque
3251 2553 3486 2620 falsum
3538 2563 3713 2620 esset

2158 2669 2399 2750 dicere,
2453 2669 2626 2758 quod
2676 2670 2853 2736 calor
2900 2681 2971 2736 ut
3019 2683 3162 2736 octo
3224 2670 3538 2738 existeret
3590 2690 3707 2755 pro

2158 2784 2268 2851 illo
2301 2786 2594 2865 instanti,
2642 2785 2813 2852 sicut
2861 2796 2924 2851 et
2964 2797 3211 2851 motum
3243 2806 3360 2871 pro
3409 2784 3520 2851 illo
3567 2784 3706 2850 ins-

2156 2902 2324 2996 tanti
2356 2923 2534 2969 esse.

2248 3020 2373 3087 Sed
2407 3021 2493 3086 ita
2533 3020 2857 3107 contingit
2897 3021 2963 3086 in
3010 3031 3188 3087 motu
3238 3019 3452 3100 locali,
3493 3020 3704 3107 qualis
3732 3048 4048 3126 App'licntur.

2156 3148 2256 3207 est
2300 3136 2671 3203 verberatio
2729 3136 2924 3216 aeria,
2981 3147 3043 3202 et
3097 3135 3161 3203 in
3209 3156 3370 3204 sono
3410 3150 3696 3222 causato,

2156 3275 2303 3342 quae
2362 3265 2463 3320 est
2511 3251 2786 3339 prolatio
2840 3252 3094 3333 formae,
3151 3262 3222 3318 ut
3278 3253 3476 3319 simul
3527 3266 3707 3322 tran-

2156 3382 2327 3448 seat;
2375 3392 2534 3458 ergo
2572 3369 2808 3437 falsum
2861 3381 2962 3436 est
3000 3370 3217 3437 dicere
3248 3371 3552 3453 formam,
3597 3385 3710 3439 aut

2158 3491 2646 3555 Sacramentum
2682 3507 2829 3553 esse
2870 3507 2985 3572 pro
3019 3485 3128 3553 illo
3161 3486 3431 3553 instanti
3470 3491 3714 3553 mutati

2153 3626 2308 3683 esse,
2378 3603 2550 3691 quod
2610 3602 2919 3668 terminat
2998 3613 3246 3668 motum
3323 3602 3707 3689 prolationis

2156 3721 2525 3788 extrinsece
2566 3743 2580 3798 ;
2654 3718 2827 3807 quod
2895 3717 3269 3785 confirmari
3337 3732 3553 3807 potest
3626 3741 3708 3787 ex

2158 3836 2554 3921 philosopho
2597 3835 2681 3901 de
2708 3856 2901 3901 sensu
2941 3845 3002 3901 et
3045 3848 3328 3917 sensate,
3391 3836 3711 3904 dubitati·
3737 3874 4044 3942 philosoph.

2156 3974 2278 4018 one
2305 3953 2697 4038 penultima,
2755 3950 3209 4039 multiplicatio
3257 3952 3399 4018 soni
3450 3965 3513 4019 et
3565 3976 3710 4021 sen·
3750 3987 4052 4052 Muffipum.

2157 4068 2320 4134 satio
2354 4086 2480 4131 non
2514 4065 2584 4132 fit
2631 4066 2757 4132 nisi
2789 4066 2853 4131 in
2886 4077 3202 4154 tempore.
3240 4069 3503 4135 Accedit
3531 4070 3705 4158 quod
3795 4050 3983 4166 soffioiu

2157 4188 2648 4251 Sacramentum
2699 4182 2929 4251 existat
2970 4186 3413 4271 principaliter
3443 4199 3592 4255 ante
3633 4190 3706 4255 il·
3733 4179 3957 4241 tompore
3976 4178 4050 4226 fit.

2157 4301 2265 4366 lud
2316 4311 2638 4366 mutatum
2671 4322 2825 4381 esse,
2874 4300 3027 4388 quia
3065 4301 3367 4369 consistit
3406 4303 3472 4371 in
3527 4317 3705 4373 motu

2158 4428 2223 4481 et
2253 4416 2318 4482 in
2352 4418 2509 4499 fieri
2547 4437 2662 4483 seu
2707 4438 2854 4498 usu,
2893 4429 2957 4483 et
2987 4428 3144 4484 tunc
3183 4419 3469 4487 maxime
3508 4423 3705 4489 habet

2158 4553 2349 4598 suum
2386 4533 2716 4616 ‘effectum
2794 4532 3156 4599 naturalem
3195 4556 3209 4611 ;
3256 4534 3490 4601 deinde
3568 4536 3705 4604 fieri

2160 4659 2372 4735 potest
2431 4660 2502 4713 ut
2550 4649 2780 4729 forma,
2858 4649 3039 4715 verbi
3081 4649 3314 4736 gratia,
3363 4653 3702 4740 Baptismi,

2160 4763 2427 4829 finiatur
2485 4776 2635 4830 ante
2685 4763 2933 4832 finitam
2972 4765 3308 4846 lotionem,
3361 4769 3516 4855 quid
3563 4783 3701 4837 tan·

2158 4880 2306 4946 dem
2342 4878 2500 4945 fiet?
2536 4880 2659 4946 Sed
2693 4879 3261 4960 dicta-sufficiant;
3298 4898 3516 4951 manet
3549 4907 3707 4974 ergo

2159 4997 2625 5083 consequentia
2695 4997 2868 5083 quod
2917 5000 3333 5066 Sacramenta
3381 5017 3706 5090 nequeant

2162 5111 2434 5198 physice
2462 5132 2733 5179 causare
2764 5134 2955 5179 suum
2991 5113 3318 5192 effectum,
3353 5117 3439 5182 sit
3468 5121 3702 5205 gratia,

2160 5227 2245 5293 sit
2275 5227 2481 5294 aliud.
2520 5227 2830 5314 Sequitur
2864 5250 2878 5293 :

2248 5345 2405 5408 Item
2435 5345 2509 5409 in
2539 5344 2769 5429 aliquo
2803 5346 3257 5429 Sacramenm,
3294 5350 3547 5416 scilicet
3576 5351 3711 5417 Eu-
3855 5370 3932 5419 24.

2159 5461 2517 5540 charistioe,
2558 5482 2694 5526 non
2726 5460 2991 5529 videtur
3021 5464 3149 5531 ista
3181 5468 3543 5534 causalitas
3571 5489 3705 5535 esse
3811 5487 3985 5537 Tertia

2151 5577 2515 5663 possibilia,
2564 5590 2692 5644 etc,
2749 5583 2899 5648 Haec
2928 5592 3025 5678 cst
3054 5582 3243 5649 tertia
3282 5584 3445 5651 ratio
3477 5591 3699 5653 Docto·
3729 5554 4045 5676 priffgssglis.

3920 5951 4039 6022 f
