4287 6313
98 791 416 857 Exemplum.

105 2371 402 2438 Explicatur

201 2435 331 2485 alius

103 2501 247 2550 locus
294 2498 423 2562 ejus.

1632 417 1832 480 DlS'r.
1878 418 1981 479 vl.
2025 415 2391 492 QUAES'rlo
2430 415 2508 479 V.

441 576 746 638 sitionem
797 574 1065 638 alterius
1116 574 1293 651 facit,
1334 581 1528 654 prout
1570 576 1713 656 ipse
1763 581 1997 655 postu-

448 690 592 752 lans
643 689 943 754 intendit.

528 805 793 867 Probari
848 812 1068 884 potest
1129 809 1463 887 exemp10,
1516 811 1703 872 verbi
1757 810 1993 888 gratia,

450 920 516 982 in
547 922 1059 982 incantatoribus
1101 920 1257 1002 (quo
1300 923 1368 985 in
1411 925 1605 987 simili
1638 925 1844 987 utitur
1871 941 1995 986 no-

450 1036 586 1093 ster
614 1033 858 1094 Doctor
903 1033 1149 1115 supra),
1199 1034 1464 1113 quando
1498 1052 1657 1116 ergo
1695 1036 2002 1116 indigent

448 1146 534 1211 ad
575 1148 1116 1224 superstitionem
1178 1165 1391 1224 suam,
1452 1155 1519 1212 et
1558 1150 1643 1211 ad
1687 1151 1999 1213 effectum

446 1266 796 1338 intentum,
840 1261 923 1324 de
974 1280 1104 1341 quo
1153 1282 1303 1326 cum
1362 1264 1657 1327 daemone
1717 1266 1994 1344 pepige-

449 1385 625 1453 runt,
672 1396 874 1459 opera
916 1382 1208 1454 alteriuS,
1263 1382 1557 1459 quamvis
1598 1382 1703 1442 hic
1745 1382 1999 1443 nesciat

448 1494 797 1570 intentum,
850 1494 1105 1558 confert
1137 1501 1354 1559 tamen
1399 1513 1672 1576 operam
1723 1497 1998 1575 petitam

457 1625 606 1670 cum
658 1612 1230 1675 observationibus
1314 1613 1396 1672 ab
1443 1612 1537 1673 eis
1579 1610 1994 1690 praescriptiS,

447 1733 710 1804 praestat
764 1728 927 1790 illud
972 1744 1140 1806 opus
1187 1745 1270 1790 ex
1329 1726 1680 1791 sufficienti
1735 1729 2000 1791 intenli-

453 1858 582 1904 one
635 1839 723 1902 ad
784 1842 1095 1902 effectum
1162 1842 1651 1916 incantationiS,
1714 1860 1794 1906 eo
1855 1844 1998 1922 ipso

453 1959 633 2039 quod
678 1961 988 2023 exhibeat
1028 1978 1199 2039 opus
1245 1963 1440 2042 juxta
1483 1968 1776 2024 mentem
1837 1964 2003 2026 alte-

450 2075 606 2151 riuS,
657 2081 724 2136 et
766 2074 1128 2137 observatis
1174 2077 1405 2138 ritibus
1453 2078 1865 2155 praescriptis.
1927 2079 2000 2140 Et

453 2206 574 2268 per
613 2189 741 2252 hoc
795 2190 1162 2267 explicatur
1210 2190 1389 2268 quod
1431 2193 1634 2254 habet
1663 2194 1724 2253 S.
1762 2195 2006 2256 Doctor

454 2308 525 2369 in
584 2313 713 2370 art.
761 2307 821 2369 8.
883 2310 1248 2385 quaestionis
1292 2309 1395 2370 64.
1477 2309 1589 2388 qui
1660 2311 2005 2389 negotium

461 2423 728 2487 facessit
815 2428 983 2505 patri
1058 2429 1354 2505 vasquez
1437 2431 1844 2506 responsione
1918 2433 2008 2492 ad

456 2544 810 2604 secundum
888 2552 1390 2620 arqumencum‚·
1456 2561 1607 2605 nam
1677 2546 2006 2606 sententia

460 2664 526 2726 S.
554 2661 815 2723 Thomae
844 2664 943 2722 est
972 2660 1167 2737 plana
1200 2676 1282 2721 ex
1312 2677 1609 2739 corpore,
1645 2662 1759 2724 ubi
1788 2663 2005 2741 requi-

458 2780 542 2842 rit
597 2779 1037 2842 intentionem
1110 2779 1408 2852 ministri,
1468 2782 1545 2839 ut
1611 2781 2010 2843 determinet

454 2895 884 2967 ablutionem,
933 2907 1082 2971 quae
1125 2892 1512 2957 indifferens
1562 2901 1664 2957 est
1703 2896 1788 2957 ad
1833 2897 2003 2957 mul-

457 3019 542 3085 ta,
587 3017 661 3073 ut
701 3011 1077 3083 sanitatem,
1142 3011 1642 3072 mundationem
1699 3028 2009 3089 corpora-

456 3131 612 3202 lem,
658 3125 913 3204 ludum,
949 3131 1016 3189 et
1057 3125 1455 3204 hujusmodi.
1501 3129 1575 3213 Et
1617 3128 1755 3191 haec
1801 3130 2010 3191 inten-

461 3248 570 3321 tio,
615 3245 852 3325 inquit,
886 3245 1270 3323 exprimitur
1298 3263 1419 3323 per
1447 3247 1650 3307 verba
1690 3262 1833 3323 quae
1860 3250 2014 3307 sunt

462 3367 526 3425 in
570 3363 1051 3437 Sacramentis;
1113 3370 1271 3440 puta
1328 3379 1479 3424 cum
1538 3360 1772 3425 dicitur
1818 3383 1832 3423 :
1880 3366 2014 3439 qu

460 3489 517 3544 te
575 3479 831 3554 baptizo
901 3478 970 3538 in
1025 3479 1284 3538 nomine
1339 3479 1576 3549 Patris,
1639 3481 1767 3537 etc.
1835 3475 2016 3554 quod

457 3598 545 3659 ita
587 3592 1095 3673 intelligendum
1161 3597 1283 3668 est,
1356 3610 1491 3656 non
1564 3594 1746 3674 quod
1812 3593 2017 3654 verba

463 3709 1092 3792 quomodocumque
1145 3710 1520 3791 significent
1580 3713 2017 3775 intentionem

463 3824 737 3887 ministri
793 3823 1144 3897 internam,
1201 3842 1347 3888 cum
1399 3826 1722 3889 denotent
1767 3832 2018 3889 tantum

464 3953 706 4019 actum,
784 3951 848 4005 et
908 3943 1391 4008 invocationem
1467 3944 1817 4020 vinitatis,
1897 3946 2021 4009 sed

464 4058 809 4135 indirecte,
857 4064 1187 4138 quatenus
1220 4060 1495 4122 effectus
1527 4058 1802 4122 denotat
1829 4077 2018 4123 suam

468 4192 776 4250 causam;
826 4193 974 4238 nam
1019 4177 1183 4237 sicut
1236 4176 1437 4237 verba
1483 4177 1767 4239 exterius
1798 4179 2017 4256 prola-

468 4309 554 4377 ta,
587 4303 801 4383 magis
849 4317 1166 4381 expresse
1198 4307 1264 4362 et
1296 4302 1725 4364 determinate
1770 4302 2016 4381 signifi-

466 4433 618 4492 cant
661 4429 977 4491 effectum
1030 4428 1458 4499 sacramenti,
1501 4432 1568 4488 et
1598 4425 1682 4488 ad
1714 4427 2021 4490 eamdem

465 4546 1013 4627 significationem
1089 4545 1371 4608 limitant
1440 4549 1507 4607 et
1578 4543 2022 4608 determinant

466 4671 891 4742 ablutionem,
926 4686 1070 4749 quae
1100 4686 1184 4732 ex
1234 4678 1464 4734 natura
1511 4687 1631 4732 sua
1677 4673 1780 4732 est
1822 4669 2022 4731 indif-

465 4796 710 4869 ferens,
769 4796 859 4857 ita
901 4798 1099 4858 etiam
1145 4795 1347 4858 verba
1394 4797 1604 4875 magis
1650 4798 2025 4874 exprimunt

467 4921 906 4982 intentionem
932 4919 1334 4991 interiorem,
1391 4934 1520 4999 qua
1568 4920 1864 4982 similiter
1902 4918 2023 4982 de-

468 5046 853 5107 terminatur
908 5045 1178 5120 ablutio,
1241 5062 1439 5124 quam
1500 5062 1640 5108 eam
1705 5047 2026 5124 exprimat

471 5170 714 5232 ablutio
762 5171 931 5249 ipsa,
982 5186 1125 5249 quae
1169 5169 1372 5232 habet
1417 5172 1742 5234 rationem
1801 5170 2017 5233 deter-

473 5295 819 5359 minabilis.
881 5297 954 5359 Et
1004 5295 1070 5356 in
1120 5297 1247 5359 hoc
1300 5312 1498 5374 passu
1541 5297 1800 5359 videtur
1835 5297 2023 5360 tacite

473 5437 823 5484 occurrere
868 5421 1163 5484 secundo
1223 5427 1616 5503 argumento
1676 5427 1741 5485 et
1808 5426 2023 5500 tertie,

474 5563 629 5609 nam
671 5548 1037 5611 secundum
1097 5549 1303 5628 tangit
1351 5550 1853 5629 perplexitatem
1912 5568 2027 5613 su-

468 5675 809 5754 scipientis
841 5678 1267 5757 Baptismum,
1308 5681 1418 5761 qui
1464 5680 1517 5741 si
1561 5677 1899 5757 dependet
1942 5682 2022 5743 ab

3547 414 3706 477 5712

2106 577 2474 640 intentione
2503 575 2801 648 ministri,
2833 576 3067 656 nequit
3110 578 3234 655 ipsi
3281 590 3432 639 esse
3478 584 3659 650 nota,

2106 707 2261 753 cum
2303 692 2389 753 sit
2435 692 2718 766 interna,
2762 708 2986 770 neque
3043 697 3528 770 consequenter
3580 707 3655 752 se

2107 807 2442 884 recepisse
2476 809 2992 870 Sacramentum.

2185 922 2286 986 Ad
2330 922 2509 1002 quod
2550 923 2916 1002 respondet
2961 925 3174 1001 primo
3222 940 3305 986 ex
3347 924 3508 997 aliiS,
3544 927 3658 1004 qui

2109 1038 2336 1100 dicunt
2403 1040 2642 1117 requiri
2709 1042 3141 1104 intentionem
3190 1041 3548 1102 mentalem
3589 1040 3657 1101 in

2108 1154 2427 1228 ministr0‚
2462 1170 2607 1233 quae
2633 1157 2687 1218 si
2718 1155 2886 1218 desit
2914 1156 3070 1218 nihil
3098 1155 3195 1231 fit;
3230 1156 3408 1218 hunc
3437 1161 3663 1218 tamen

2110 1267 2448 1331 defectum
2502 1269 2570 1331 in
2626 1274 2849 1348 pueris
2903 1272 3172 1349 supplet
3225 1269 3541 1345 ChristuS,
3591 1271 3659 1333 in

2109 1383 2346 1446 adultis
2403 1400 2522 1445 sua
2588 1383 2852 1447 devotio
2899 1391 2964 1446 et
3003 1383 3194 1447 fides,
3257 1386 3393 1447 Hoc
3446 1387 3669 1463 impu-

2105 1503 2292 1577 gnat,
2327 1500 2476 1577 quia
2507 1499 2662 1560 licet
2704 1499 2829 1561 hoc
2872 1497 3151 1561 sufficiat
3195 1499 3262 1560 in
3308 1497 3542 1560 ordine
3575 1497 3664 1560 ad

2112 1615 2417 1677 effectum
2439 1615 2946 1695 justificationiS,
2980 1632 3114 1679 non
3145 1624 3366 1679 tamen
3396 1613 3482 1676 ad
3513 1616 3665 1677 effe-

2115 1738 2291 1792 ctum
2336 1732 2758 1807 characteris,
2810 1732 2922 1811 qui
2969 1749 3106 1793 non
3153 1730 3343 1793 datur
3391 1732 3514 1792 nisi
3547 1748 3669 1809 per

2113 1846 2651 1920 Sacramentum;
2723 1845 2942 1908 adhuc
3013 1862 3174 1926 ergo
3243 1850 3476 1908 manet
3558 1845 3666 1907 illa

2112 1959 2541 2037 perplexitas.
2600 1960 2981 2037 Respondet
3040 1974 3183 2020 cum
3246 1958 3410 2027 aliis,
3484 1957 3665 2037 quod

2113 2078 2413 2140 minister
2461 2076 2864 2139 sacramenti
2908 2080 3063 2155 agat
3111 2078 3178 2136 in
3230 2089 3519 2152 persona
3560 2081 3665 2137 to-

2118 2193 2242 2254 tius
2284 2193 2608 2264 Ecclesiae,
2642 2190 2833 2270 cujus
2864 2196 2968 2251 est
3006 2191 3306 2252 minister
3351 2211 3367 2251 :
3415 2193 3486 2250 In
3525 2205 3664 2250 ver-

2114 2311 2211 2370 bis
2291 2314 2506 2369 autem
2563 2324 2698 2384 quae
2757 2307 3040 2384 profert,
3113 2308 3511 2382 exprimitur
3571 2307 3668 2365 in-

2113 2427 2307 2488 tentio
2334 2424 2649 2497 Ecclesiae,
2676 2440 2817 2500 quae
2835 2424 3077 2499 sufficit
3104 2425 3192 2486 ad
3209 2424 3677 2501 perfectionem

2117 2543 2551 2612 sacramenti,
2607 2540 2737 2601 nisi
2774 2542 3180 2601 contrarium
3222 2542 3510 2601 ememus
3550 2554 3672 2599 ex·

2110 2661 2449 2737 primatur
2484 2674 2570 2719 em
2597 2662 2795 2734 parte
2840 2658 3125 2719 ministri
3160 2656 3260 2717 vel
3305 2656 3674 2731 recipientis

2118 2779 2647 2849 Sacramentum,
2682 2778 2808 2835 etc.

2166 2878 2169 2880 Α
2201 2891 2356 2966 Quae
2382 2891 2585 2952 verba
2613 2906 2748 2951 non
2775 2892 2866 2952 ita
2894 2890 3197 2952 absolute
3241 2886 3674 2967 intelligenda

2120 3016 2298 3086 sunt,
2332 3012 2517 3090 quasi
2561 3027 2679 3091 per
2716 3012 2924 3073 solam
2968 3011 3407 3088 prolationem
3436 3010 3681 3070 verbo-

2119 3146 2268 3193 rum
2298 3131 2925 3209 quomodocumque
2953 3127 3085 3203 fiat,
3123 3133 3192 3199 et
3234 3144 3316 3191 ex
3359 3140 3678 3206 quocum-

2123 3261 2255 3324 que
2298 3246 2453 3321 fine,
2493 3247 2819 3309 habeatur
2872 3245 3150 3307 intentio
3195 3245 3521 3316 Ecclesiae,
3568 3250 3681 3306 aut

2124 3366 2329 3444 ipsius
2359 3365 2655 3439 ministri,
2701 3378 2782 3424 eo
2815 3362 3009 3423 modo
3043 3378 3174 3439 quo
3205 3361 3560 3438 requiritur
3591 3360 3676 3421 ad

2126 3480 2604 3561 perficiendum
2696 3482 3217 3551 Sacramentum,
3306 3477 3428 3538 sed
3500 3475 3676 3555 quod

2126 3600 2449 3663 habeatur
2482 3595 2816 3659 sufficiens
2861 3594 3208 3667 certitudo,
3263 3610 3345 3656 ex
3396 3611 3526 3672 qua
3574 3610 3680 3655 su-

2127 3725 2414 3803 scipiens
2486 3725 2778 3801 deponat
2848 3721 3374 3800 perplexitatem,
3435 3723 3502 3780 et
3565 3734 3682 3778 co-

2126 3844 2407 3920 gnoscat
2433 3816 2924 3901 Sacramentum
2956 3852 3184 3898 verum
3211 3852 3285 3897 se
3315 3835 3678 3911 recepisse,

2129 3956 2282 4035 quia
2342 3957 2536 4017 aliam
2608 3952 3068 4017 certitudinem
3128 3954 3363 4030 nequit
3427 3950 3681 4011 habere

2128 4073 2212 4136 de
2257 4073 2624 4134 intentione
2687 4070 2986 4144 ministri,
3051 4075 3119 4131 et
3184 4068 3682 4129 Sacramentum

2127 4192 2452 4254 habeatur
2512 4195 2728 4252 ratum
2800 4203 3022 4249 coram
3103 4185 3446 4257 Ecclesia;
3495 4182 3676 4246 unde

2128 4307 2336 4380 addit,
2388 4308 2518 4368 nisi
2564 4307 2699 4381 ipse
2753 4305 3045 4365 minister
3100 4304 3391 4363 carterius
3432 4305 3682 4361 contra·

2128 4437 2307 4497 riam
2363 4433 2716 4510 exprimat,
2772 4431 2874 4492 vel
2926 4430 3239 4504 recipiens
3294 4430 3684 4487 Sacramen-

2128 4556 2294 4622 tum,
2377 4564 2646 4626 nempe,
2677 4549 2734 4621 sl
2761 4546 2869 4608 ille
2904 4544 3077 4606 dicat
3105 4559 3176 4605 se
3207 4539 3682 4603 nonhabuisse

2133 4674 2540 4739 voluntatem
2592 4669 2794 4734 dandi
2849 4672 3368 4741 Sacramentum,
3442 4669 3510 4727 et
3575 4665 3683 4726 hic

2135 4818 2269 4864 non
2296 4801 2584 4864 voluisse
2615 4797 2774 4861 illud
2804 4797 3126 4875 recipere,
3181 4795 3335 4873 quia
3365 4794 3491 4856 hoc
3532 4792 3686 4853 dato

2132 4944 2268 4990 non
2339 4927 2554 4988 solum
2593 4924 2661 4986 in
2711 4923 2929 4999 reipsa
2990 4922 3481 4983 Sacramentum
3553 4929 3690 4977 non

2134 5044 2547 5114 subsisteret,
2581 5037 2701 5101 sed
2730 5054 2953 5116 neque
2985 5053 3101 5115 pro
3133 5039 3273 5096 rato
3326 5035 3406 5096 ab
3454 5032 3684 5095 Eccle-

2134 5173 2229 5234 sia
2258 5171 2637 5241 haberetur,
2667 5169 2780 5227 aut
2806 5164 3033 5226 haberi
3063 5162 3363 5233 deberet.
3621 5237 3662 5246 ἐ

2218 5293 2409 5374 Quod
2481 5296 2532 5356 si
2591 5308 2751 5372 ergo
2810 5290 3086 5351 Sanctus
3143 5288 3424 5349 Thomas
3485 5284 3684 5347 vellet

2136 5444 2270 5489 non
2326 5420 2709 5500 dependere
2772 5419 3265 5480 Sacramentum
3324 5415 3405 5476 ab
3462 5414 3683 5475 inten-

2139 5554 2341 5628 tione,
2404 5551 2510 5612 vel
2578 5562 2776 5626 posse
2850 5544 3250 5607 existimaret
3319 5543 3679 5605 subsistere

2138 5680 2569 5742 intentionem
2599 5674 2935 5748 Ecclesiae,
2968 5671 3109 5734 sine
3141 5670 3275 5732 ulla
3316 5670 3709 5745 intentione,

3817 926 3894 978 10.

3860 5305 3941 5354 11.
