4287 6313
469 401 590 464 630

186 619 197 628 ι
224 555 290 606 ad
319 571 373 605 se

181 634 420 670 invicem.

490 558 683 634 licet
732 560 832 633 ab
879 560 1345 635 extrinseco
1396 563 1711 655 possint
1759 564 2035 637 distin-

492 676 628 768 gui
682 677 1168 760 extrinsece,
1234 684 1507 753 tamen
1574 678 2040 753 formaliter

489 789 1103 883 distinguuntur
1136 794 1453 888 seipsis.

192 918 411 986 opum...
582 908 731 982 Sed
763 909 833 981 si
867 928 1213 1001 quaeraS,
1281 933 1535 1003 qua-re
1593 931 1794 1004 ergo
1857 915 2046 986 sunt

162 996 441 1113 oenfifssssf‘n'
494 1026 815 1098 tantum
856 1029 1029 1098 tres
1067 1025 1645 1101 characteres?
1687 1030 2045 1120 Respon-

145 1108 468 1220 {ffirffli-‘ff
493 1138 668 1221 deo,
717 1140 907 1232 quia
946 1142 1037 1213 de
1088 1140 1240 1215 hoc
1273 1164 1432 1215 non
1480 1141 1785 1216 faciam
1828 1165 2043 1216 men-

176 1235 441 1360 ρθΐῠὲξὶῃ-
495 1256 801 1330 tionem
853 1258 1292 1350 specialem
1371 1259 1454 1331 in
1531 1260 1880 1334 materia
1954 1262 2045 1333 de

48 1387 51 1390 ’
153 1356 1136 1483 {ffggffigfficonfirmatione
1176 1376 1303 1446 vel
1346 1376 1664 1458 Ordine,
1710 1378 1884 1449 ideo
1934 1377 2046 1449 di-

48 1515 61 1526 *
168 1485 461 1532 mmmm·
496 1511 592 1564 co
637 1490 843 1581 quod
900 1489 1051 1568 hoc
1107 1494 1374 1582 potest
1425 1497 1704 1583 patere
1760 1513 1900 1584 per
1950 1494 2048 1565 si-

499 1604 690 1676 mile
771 1604 850 1676 in
941 1605 1253 1696 politiis
1334 1605 1515 1677 istis
1578 1608 2043 1690 mundanis;

494 1721 765 1793 nullus
825 1721 1041 1792 enim
1110 1721 1350 1796 habet
1416 1723 2048 1799 determinatum

494 1838 840 1928 gradum
891 1837 973 1910 in
1021 1837 1338 1910 familia
1383 1840 1626 1930 regiS,
1684 1841 1873 1932 quia
1924 1863 2049 1914 co-

503 1954 746 2029 medit
790 1956 920 2027 vel
974 1954 1198 2036 bibit,
1262 1977 1406 2028 nec
1461 1956 1649 2058 quia
1694 1965 1876 2049 post
1935 1958 2052 2030 of-

502 2075 816 2146 fensam
847 2072 1220 2145 dominus
1258 2072 1840 2147 reconciliatur
1873 2074 2049 2155 sibi,

500 2210 645 2262 nec
706 2188 895 2279 quia
956 2187 1447 2279 multiplicat
1507 2206 1901 2280 personas
1974 2188 2055 2258 in

504 2308 664 2380 ista
706 2305 1019 2399 politia,
1092 2325 1280 2377 nam
1351 2305 1489 2379 isti
1550 2310 1782 2379 actus
1842 2324 2054 2377 com·

507 2444 789 2496 munes
868 2425 1206 2514 possunt
1276 2443 1453 2494 esse
1523 2423 1890 2494 omnibus
1976 2421 2058 2492 in

508 2561 1011 2633 quocumque
1060 2540 1362 2631 gradu;
1403 2541 1535 2612 sed
1568 2540 1821 2612 alium
1865 2559 2057 2631 gra-

506 2659 691 2730 dum
726 2656 963 2728 habet
1016 2657 1338 2749 aliquis,
1395 2660 1710 2750 quando
1773 2658 2055 2751 recipi-

505 2777 645 2846 tur
733 2772 814 2844 in
897 2770 1295 2846 familiam
1379 2773 1718 2856 domini;
1810 2774 2061 2846 alium

511 2891 824 2983 quando
876 2891 1223 2964 ulterius
1276 2893 1600 2984 proficit
1640 2896 1719 2964 et
1761 2892 2063 2967 consti-

512 3009 799 3091 tuitur,
874 3013 962 3082 ut
1035 3007 1268 3080 miles
1336 3010 1431 3080 ad
1494 3007 2060 3080 desendendum

514 3125 1140 3217 rempublicam;
1195 3125 1445 3199 alium
1501 3125 1811 3220 quando
1884 3145 2063 3199 con-

514 3240 893 3315 stituitur
926 3248 1015 3316 ut
1059 3261 1487 3334 supremus
1539 3244 1684 3315 sub
1739 3241 2063 3316 domino

516 3360 613 3433 ad
653 3360 1263 3433 constituendos
1297 3360 1506 3432 alios
1561 3361 1637 3431 in
1680 3362 2063 3453 gradibus

513 3475 1080 3549 determinatis
1116 3475 1196 3547 in
1229 3497 1377 3549 sua
1407 3474 1746 3560 familia,
1784 3480 2066 3570 utpote

516 3600 813 3692 aliquis
877 3602 1386 3675 senescallus
1463 3603 1897 3695 generalis,
1980 3608 2067 3677 ut

519 3717 1034 3791 immediatus
1096 3718 1239 3790 sub
1276 3719 1627 3802 domino,
1683 3718 1816 3792 cui
1856 3740 2068 3793 com-

524 3835 776 3906 missa
851 3839 977 3907 est
1037 3834 1494 3909 auctoritas
1572 3834 2067 3925 universalis

521 3951 615 4022 ad
661 3950 1210 4042 recipiendum
1258 3952 1579 4043 aliquos
1640 3951 1722 4024 in
1779 3950 2069 4024 famili-

521 4087 653 4139 am
694 4066 1021 4139 domini.
1061 4070 1161 4141 Et
1205 4068 1377 4140 ideo
1413 4068 1480 4139 si
1511 4073 1728 4142 esset
1775 4089 2070 4142 nomen

524 4185 1030 4275 impositum,
1069 4185 1275 4276 quod
1318 4185 1832 4276 'significaret
1891 4204 2073 4277 gra-

524 4303 710 4372 dum
760 4302 840 4373 in
894 4301 1228 4383 familia,
1283 4301 1408 4373 vel
1458 4300 1866 4385 baliviam,
1912 4323 2071 4375 non

524 4416 934 4490 diceretur
991 4417 1289 4489 habere
1365 4418 1707 4509 gradum
1772 4420 1902 4492 vel
1966 4419 2072 4493 di·

527 4534 927 4624 gnitatem
1014 4532 1335 4626 aliquiS,
1417 4534 1605 4626 quia
1689 4537 2072 4609 accedens

526 4652 620 4723 ad
679 4669 1067 4731 mensam,
1123 4650 1245 4724 vel
1310 4649 1499 4743 quia
1555 4653 2068 4744 conjugatuS,

522 4768 650 4839 vel
714 4767 901 4860 quia
965 4766 1275 4840 rediens
1318 4768 1413 4840 ad
1464 4767 1825 4859 gratiam
1888 4774 2073 4861 post

523 4883 937 4965 offensam,
1029 4885 1162 4956 sed
1255 4884 1666 4958 diceretur
1754 4889 2070 4960 tantum

520 5000 816 5072 habere
860 5001 1224 5089 gradum,
1282 5001 1548 5092 quide
1605 5002 1901 5094 populo
1954 5024 2071 5074 es-

523 5120 645 5189 set
678 5119 1146 5207 assumptus
1182 5117 1262 5188 in
1298 5116 1695 5189 familiam
1737 5118 2066 5202 domini,

520 5237 601 5304 et
652 5230 1133 5303 ulteriorem
1184 5234 1548 5322 gradum,
1616 5233 1748 5324 qui
1810 5233 1893 5304 in
1957 5233 2071 5304 fa-

526 5347 750 5419 milia
810 5348 1457 5421 constitueretur
1509 5349 1603 5420 ad
1663 5347 2070 5422 defenden-

522 5464 705 5535 dum
738 5463 1065 5536 domum
1107 5463 1232 5535 vel
1272 5464 1711 5547 dominum,
1766 5471 1847 5540 et
1880 5467 2073 5541 ulte-

528 5580 863 5663 riorem,
955 5580 1090 5672 qui
1172 5581 1820 5654 constitueretur
1904 5586 2072 5655 tan-

1659 406 1803 468 LlB.
1850 407 1951 469 lv,
1999 405 2603 470 SENTENTIARUM

2161 584 2401 657 quam
2452 569 2940 658 praepositus
3010 570 3107 641 ad
3156 568 3704 660 recipiendum

2160 680 2476 773 aliquos
2536 684 2633 755 ad
2688 684 3114 765 familiam,
3174 690 3256 760 et
3304 685 3708 759 instruen-

2157 799 2342 870 dum
2379 799 2844 875 inferiores
3161 892 3166 896 ‚

2247 914 2376 988 Sic
2417 916 2500 988 in
2543 917 2992 1010 proposito,
3031 918 3196 993 tria
3238 921 3709 992 Sacramen-

2161 1033 2268 1110 ta,
2309 1031 2621 1104 scilicet
2664 1032 3190 1106 Eucharistia
3230 1034 3325 1107 ad
3374 1035 3711 1108 nutriti-

2160 1166 2395 1219 onem
2465 1148 3008 1239 spiritualem,
3085 1150 3706 1224 Matrimonium

2158 1264 2254 1335 ad
2377 1266 3033 1356 procreationem
3158 1268 3703 1359 corporalem,

2162 1380 2645 1455 Poenitentia
2762 1386 2856 1456 ad
2955 1385 3707 1459 reconciliationem

2163 1499 2618 1582 annualem,
2695 1502 2775 1572 in
2841 1501 3065 1574 nullo
3149 1505 3378 1576 certo
3456 1504 3708 1594 gradu

2164 1616 2672 1690 constituunt
2734 1618 2815 1689 in
2855 1618 3249 1701 Ecclesia,
3306 1619 3467 1690 imo
3527 1639 3712 1711 pos-

2165 1735 2352 1803 sunt
2416 1752 2593 1803 esse
2662 1752 3133 1805 communes
3196 1733 3414 1806 omni
3476 1753 3717 1806 mem·

2165 1845 2311 1916 bro
2364 1846 2773 1930 Ecclesiae,
2829 1849 2909 1920 in
2969 1869 3472 1941 quocumque
3529 1868 3718 1940 gra-

2164 1960 2289 2032 du.
2339 1963 2483 2034 Sed
2519 1965 2833 2054 primus
2867 1966 3167 2056 gradus
3202 1965 3281 2037 in
3321 1964 3711 2046 Ecclesia,

2166 2079 2246 2148 ct
2325 2078 2641 2169 quidem
2734 2081 3491 2153 universalissimus
3591 2085 3716 2154 est

2172 2194 2423 2286 recipi
2494 2196 2574 2268 in
2635 2196 3034 2270 familiam
3104 2197 3437 2278 Christi,
3511 2199 3715 2289 quod
3745 2169 4059 2302 ῙΞῗῳῇἛζ·

2168 2308 2257 2381 fit
2318 2309 2400 2381 in
2470 2311 2919 2404 Baptismo.
2984 2315 3389 2388 Secundus
3459 2313 3714 2406 speci-
3800 2295 4016 2415 QZ

2170 2425 2323 2497 alis
2393 2427 2472 2498 in
2544 2428 2928 2503 militiam
3003 2430 3099 2502 ad
3171 2429 3715 2502 defensionem
3743 2420 4062 2531 pgnffiffi

3820 2543 3986 2604 miles,

2170 2544 2349 2618 fidei
2399 2545 2914 2629 Christianae,
2970 2550 3175 2640 quod
3231 2549 3322 2623 fit
3382 2548 3461 2620 in
3530 2567 3718 2621 con-
3927 2622 3957 2655 r

2169 2664 2660 2738 firmatione.
2744 2667 3067 2740 Tertius
3150 2667 3539 2741 constitui
3637 2666 3718 2738 in
3790 2622 4058 2781 fflffigffi,

2179 2788 2494 2874 patrem
2558 2789 2640 2857 et
2717 2788 3135 2876 pastorem
3203 2785 3299 2857 ad
3365 2749 3922 2857 introdu-praepo
4062 2768 4076 2780 ’

2177 2900 2508 2972 cendum
2568 2901 2775 2974 alios
2837 2902 2918 2974 in
2960 2901 3436 2983 Ecclesiam,
3500 2906 3582 2974 et
3629 2900 3725 2972 ad

2176 3018 2679 3109 dirigendum
2712 3024 2791 3092 et
2822 3020 2918 3091 ad
2960 3019 3519 3092 instruendum
3553 3039 3721 3101 eos,

2180 3136 2385 3226 quod
2426 3135 2514 3209 fit
2548 3135 2629 3207 in
2661 3135 2983 3211 Ordine.
3042 3139 3142 3211 Et
3202 3136 3411 3210 sicut
3462 3136 3540 3209 in
3592 3156 3724 3228 po-

2177 3251 2359 3325 litia
2418 3251 2560 3324 illa
2628 3273 2786 3325 non
2856 3253 3240 3344 congruit
3311 3254 3495 3326 illas
3552 3258 3725 3326 tres

2178 3367 2615 3459 dignitates
2663 3369 2980 3451 iterari,
3036 3367 3351 3443 scilicet
3397 3370 3730 3461 recepti-

2183 3505 2416 3556 onem
2476 3485 2558 3557 in
2623 3486 3047 3567 familiam,
3123 3485 3728 3579 promotionem

2180 3602 2276 3673 ad
2347 3601 2751 3685 militiam,
2820 3608 2900 3677 et
2987 3603 3555 3696 praelationem
3631 3602 3726 3674 ad

2179 3716 2662 3799 doctrinam,
2769 3719 2964 3789 bene
3060 3723 3333 3792 tamen
3435 3715 3725 3792 iterari

2185 3838 2522 3926 possunt
2562 3835 2935 3915 nutritio,
2980 3841 3061 3909 et
3111 3834 3607 3927 procreatio,
3646 3839 3724 3907 et

2184 3929 2789 4031 reconciliatio;
2892 3951 3009 4023 ita
3104 3949 3184 4021 in
3275 3950 3723 4042 proposito,

2185 4067 2351 4139 tria
2395 4071 2924 4140 Sacramenta
2960 4087 3121 4139 non
3151 4067 3377 4140 decet
3409 4065 3723 4146 iterari,

2186 4182 2349 4255 alia
2415 4187 2687 4255 autem
2749 4184 3183 4265 iterantur,
3264 4190 3345 4257 et
3412 4183 3495 4253 in
3568 4201 3726 4255 non

2187 4299 2576 4372 iterandis
2657 4301 2955 4391 gradus
3045 4298 3534 4373 initerabilis
3610 4319 3734 4372 ac-

2187 4418 2571 4509 quiritur,
2625 4424 2705 4492 et
2765 4418 3199 4491 character
3253 4416 3579 4502 dicitur,
3654 4417 3734 4488 in

2187 4532 2576 4606 iterandis
2617 4535 2890 4604 autem
2922 4550 3105 4603 non.
3741 4536 3749 4543 “

2636 4777 3270 4840 COMMENTARIUS.

2264 5002 2353 5083 (e)
2381 5005 2475 5064 Ad
2502 5001 2856 5063 secundum
2902 5000 3168 5062 dubium
3217 5001 3382 5075 dico,
3439 5005 3563 5062 etc.
3608 5002 3728 5063 Re-

2184 5124 2415 5186 solutio
2462 5129 2563 5183 est
2621 5122 3035 5183 characteres
3090 5119 3324 5196 seipsis
3388 5118 3727 5200 distingui,

2184 5243 2319 5305 sive
2352 5244 2681 5318 ponantur
2705 5238 2932 5300 formae
2961 5238 3297 5311 absolutae,
3342 5238 3479 5299 sive
3508 5253 3732 5314 respe-

2183 5362 2390 5433 'ctivae,
2438 5358 2590 5437 quia
2618 5361 2684 5419 in
2726 5370 2979 5437 genere
3022 5353 3414 5417 relationum
3451 5351 3730 5431 perinde

2186 5475 2522 5539 diversitas
2549 5470 2859 5553 specifica
2930 5476 2995 5533 et
3035 5469 3373 5532 numerica
3414 5468 3729 5541 salvatur,

2183 5596 2354 5657 sicut
2392 5594 2463 5654 in
2504 5592 2646 5655 aliis
2673 5590 3058 5670 generibus.
3599 5598 3606 5599 ’

3884 5048 3967 5104 16.
