<?xml version="1.0" encoding="UTF-8"?>
<!DOCTYPE html PUBLIC "-//W3C//DTD XHTML 1.0 Transitional//EN"
    "http://www.w3.org/TR/xhtml1/DTD/xhtml1-transitional.dtd">
<html xmlns="http://www.w3.org/1999/xhtml" xml:lang="en" lang="en">
 <head>
  <title>
</title>
<meta http-equiv="Content-Type" content="text/html;charset=utf-8" />
  <meta name='ocr-system' content='tesseract 3.04.00' />
  <meta name='ocr-capabilities' content='ocr_page ocr_carea ocr_par ocr_line ocrx_word'/>
</head>
<body>
  <div class='ocr_page' id='page_1' title='image "./joannisdunsscot01waddgoog_0266.png"; bbox 0 0 4287 6313; ppageno 0'>
   <div class='ocr_carea' id='block_1_1' title="bbox 510 389 631 456">
    <p class='ocr_par' dir='ltr' id='par_1_1' title="bbox 510 389 631 456">
     <span class='ocr_line' id='line_1_1' title="bbox 510 389 631 456; baseline 0 0"><span class='ocrx_word' id='word_1_1' title='bbox 510 389 631 456; x_wconf 78' lang='lat'><strong>250</strong></span> 
     </span>
    </p>
   </div>
   <div class='ocr_carea' id='block_1_2' title="bbox 215 556 2071 1222">
    <p class='ocr_par' dir='ltr' id='par_1_2' title="bbox 215 556 2071 1222">
     <span class='ocr_line' id='line_1_2' title="bbox 521 556 2069 639; baseline 0.003 -22"><span class='ocrx_word' id='word_1_2' title='bbox 521 556 922 621; x_wconf 90' lang='lat' dir='ltr'><strong>oblationem</strong></span> <span class='ocrx_word' id='word_1_3' title='bbox 1014 561 1341 623; x_wconf 91' lang='lat' dir='ltr'><strong>internam</strong></span> <span class='ocrx_word' id='word_1_4' title='bbox 1444 577 1569 639; x_wconf 91' lang='lat' dir='ltr'><strong>per</strong></span> <span class='ocrx_word' id='word_1_5' title='bbox 1661 561 2069 623; x_wconf 88' lang='lat' dir='ltr'><strong>voluntatem</strong></span> 
     </span>
     <span class='ocr_line' id='line_1_3' title="bbox 521 672 2071 756; baseline 0.003 -23"><span class='ocrx_word' id='word_1_6' title='bbox 521 672 775 746; x_wconf 79' lang='lat' dir='ltr'><strong>Christi,</strong></span> <span class='ocrx_word' id='word_1_7' title='bbox 833 678 902 736; x_wconf 86' lang='lat' dir='ltr'><strong>in</strong></span> <span class='ocrx_word' id='word_1_8' title='bbox 972 693 1100 756; x_wconf 89' lang='lat' dir='ltr'><strong>qua</strong></span> <span class='ocrx_word' id='word_1_9' title='bbox 1159 679 1458 755; x_wconf 90' lang='lat' dir='ltr'><strong>primario</strong></span> <span class='ocrx_word' id='word_1_10' title='bbox 1546 679 1845 741; x_wconf 74' lang='lat' dir='ltr'>consistit</span> <span class='ocrx_word' id='word_1_11' title='bbox 1917 676 2071 738; x_wconf 88' lang='lat' dir='ltr'><strong>fun-</strong></span> 
     </span>
     <span class='ocr_line' id='line_1_4' title="bbox 523 789 2069 874; baseline 0.001 -23"><span class='ocrx_word' id='word_1_12' title='bbox 523 789 906 854; x_wconf 89' lang='lat' dir='ltr'><strong>damentum</strong></span> <span class='ocrx_word' id='word_1_13' title='bbox 964 794 1180 854; x_wconf 89' lang='lat' dir='ltr'><strong>meriti</strong></span> <span class='ocrx_word' id='word_1_14' title='bbox 1236 795 1420 874; x_wconf 88' lang='lat' dir='ltr'><strong>ejus;</strong></span> <span class='ocrx_word' id='word_1_15' title='bbox 1473 809 1605 855; x_wconf 91' lang='lat' dir='ltr'><strong>non</strong></span> <span class='ocrx_word' id='word_1_16' title='bbox 1678 796 1772 856; x_wconf 91' lang='lat' dir='ltr'><strong>sic</strong></span> <span class='ocrx_word' id='word_1_17' title='bbox 1847 797 2069 855; x_wconf 90' lang='lat' dir='ltr'><strong>autem</strong></span> 
     </span>
     <span class='ocr_line' id='line_1_5' title="bbox 522 903 2064 985; baseline 0.001 -19"><span class='ocrx_word' id='word_1_18' title='bbox 522 903 726 967; x_wconf 84' lang='lat' dir='ltr'><strong>fuisse</strong></span> <span class='ocrx_word' id='word_1_19' title='bbox 817 914 1209 985; x_wconf 72' lang='lat' dir='ltr'><strong>praesentem</strong></span> <span class='ocrx_word' id='word_1_20' title='bbox 1276 916 1429 972; x_wconf 91' lang='lat' dir='ltr'><strong>ante</strong></span> <span class='ocrx_word' id='word_1_21' title='bbox 1520 911 2064 972; x_wconf 85' lang='lat' dir='ltr'><strong>lncarnationem.</strong></span> 
     </span>
     <span class='ocr_line' id='line_1_6' title="bbox 254 1022 2070 1105; baseline 0.006 -28"><span class='ocrx_word' id='word_1_22' title='bbox 254 1028 433 1077; x_wconf 75' lang='lat' dir='ltr'><strong>Passio</strong></span> <span class='ocrx_word' id='word_1_23' title='bbox 526 1022 710 1085; x_wconf 90' lang='lat' dir='ltr'><strong>Unde</strong></span> <span class='ocrx_word' id='word_1_24' title='bbox 754 1029 937 1101; x_wconf 91' lang='lat' dir='ltr'><strong>patet</strong></span> <span class='ocrx_word' id='word_1_25' title='bbox 992 1043 1124 1104; x_wconf 90' lang='lat' dir='ltr'><strong>qua</strong></span> <span class='ocrx_word' id='word_1_26' title='bbox 1178 1028 1433 1089; x_wconf 90' lang='lat' dir='ltr'><strong>ratione</strong></span> <span class='ocrx_word' id='word_1_27' title='bbox 1492 1028 1708 1105; x_wconf 84' lang='lat' dir='ltr'>passio</span> <span class='ocrx_word' id='word_1_28' title='bbox 1766 1028 2070 1090; x_wconf 89' lang='lat' dir='ltr'><strong>habuerit</strong></span> 
     </span>
     <span class='ocr_line' id='line_1_7' title="bbox 215 1105 2065 1222; baseline 0.005 -22"><span class='ocrx_word' id='word_1_29' title='bbox 215 1105 463 1217; x_wconf 53' lang='grc' dir='ltr'><strong>85ῗῇἓᾷ</strong></span> <span class='ocrx_word' id='word_1_30' title='bbox 525 1138 841 1202; x_wconf 86' lang='lat' dir='ltr'><strong>influxum</strong></span> <span class='ocrx_word' id='word_1_31' title='bbox 889 1141 1220 1206; x_wconf 87' lang='lat' dir='ltr'><strong>diversum</strong></span> <span class='ocrx_word' id='word_1_32' title='bbox 1261 1146 1326 1207; x_wconf 91' lang='lat' dir='ltr'><strong>in</strong></span> <span class='ocrx_word' id='word_1_33' title='bbox 1371 1147 1770 1222; x_wconf 90' lang='lat' dir='ltr'><strong>Baptismum</strong></span> <span class='ocrx_word' id='word_1_34' title='bbox 1827 1146 1910 1208; x_wconf 89' lang='lat' dir='ltr'><strong>ab</strong></span> <span class='ocrx_word' id='word_1_35' title='bbox 1961 1164 2065 1221; x_wconf 90' lang='lat' dir='ltr'><strong>e0,</strong></span> 
     </span>
    </p>
   </div>
   <div class='ocr_carea' id='block_1_3' title="bbox 172 1215 2067 1340">
    <p class='ocr_par' dir='ltr' id='par_1_3' title="bbox 172 1215 2067 1340">
     <span class='ocr_line' id='line_1_8' title="bbox 172 1215 2067 1340; baseline 0.003 -22"><span class='ocrx_word' id='word_1_36' title='bbox 172 1215 493 1340; x_wconf 50' lang='lat' dir='ltr'><strong>obtatffnem,</strong></span> <span class='ocrx_word' id='word_1_37' title='bbox 529 1273 729 1334; x_wconf 90' lang='lat' dir='ltr'><strong>quem</strong></span> <span class='ocrx_word' id='word_1_38' title='bbox 816 1260 1039 1322; x_wconf 88' lang='lat' dir='ltr'><strong>habuit</strong></span> <span class='ocrx_word' id='word_1_39' title='bbox 1106 1265 1169 1324; x_wconf 91' lang='lat' dir='ltr'><strong>in</strong></span> <span class='ocrx_word' id='word_1_40' title='bbox 1242 1262 1839 1326; x_wconf 82' lang='lat' dir='ltr'><strong>circumcisionem.</strong></span> <span class='ocrx_word' id='word_1_41' title='bbox 1916 1266 2067 1325; x_wconf 85' lang='lat' dir='ltr'><strong>Haec</strong></span> 
     </span>
    </p>
   </div>
   <div class='ocr_carea' id='block_1_4' title="bbox 171 1345 2066 1917">
    <p class='ocr_par' dir='ltr' id='par_1_4' title="bbox 171 1345 2066 1804">
     <span class='ocr_line' id='line_1_9' title="bbox 212 1345 2065 1468; baseline 0.003 -35"><span class='ocrx_word' id='word_1_42' title='bbox 212 1345 441 1468; x_wconf 47' lang='grc' dir='ltr'><strong>Μξιξῑᾶ,</strong></span> <span class='ocrx_word' id='word_1_43' title='bbox 525 1371 761 1434; x_wconf 91' lang='lat' dir='ltr'><strong>solutio</strong></span> <span class='ocrx_word' id='word_1_44' title='bbox 822 1381 924 1436; x_wconf 91' lang='lat' dir='ltr'><strong>est</strong></span> <span class='ocrx_word' id='word_1_45' title='bbox 974 1379 1184 1456; x_wconf 90' lang='lat' dir='ltr'><strong>magis</strong></span> <span class='ocrx_word' id='word_1_46' title='bbox 1243 1393 1326 1438; x_wconf 82' lang='lat' dir='ltr'><strong>ex</strong></span> <span class='ocrx_word' id='word_1_47' title='bbox 1382 1378 1707 1441; x_wconf 90' lang='lat' dir='ltr'><strong>sententia</strong></span> <span class='ocrx_word' id='word_1_48' title='bbox 1771 1380 2065 1441; x_wconf 88' lang='lat' dir='ltr'><strong>Doctoris</strong></span> 
     </span>
     <span class='ocr_line' id='line_1_10' title="bbox 240 1463 2065 1576; baseline 0.003 -27"><span class='ocrx_word' id='word_1_49' title='bbox 240 1463 432 1576; x_wconf 35' lang='lat'><strong>²¹⁰3&amp;</strong></span> <span class='ocrx_word' id='word_1_50' title='bbox 525 1487 609 1550; x_wconf 90' lang='lat' dir='ltr'><strong>de</strong></span> <span class='ocrx_word' id='word_1_51' title='bbox 654 1490 1060 1553; x_wconf 88' lang='lat' dir='ltr'><strong>institutione</strong></span> <span class='ocrx_word' id='word_1_52' title='bbox 1104 1492 1408 1571; x_wconf 90' lang='lat' dir='ltr'><strong>Baptismi</strong></span> <span class='ocrx_word' id='word_1_53' title='bbox 1451 1502 1601 1557; x_wconf 91' lang='lat' dir='ltr'><strong>ante</strong></span> <span class='ocrx_word' id='word_1_54' title='bbox 1667 1494 2065 1571; x_wconf 85' lang='lat' dir='ltr'><strong>passionem,</strong></span> 
     </span>
     <span class='ocr_line' id='line_1_11' title="bbox 171 1587 2066 1704; baseline 0.004 -40"><span class='ocrx_word' id='word_1_55' title='bbox 171 1587 489 1704; x_wconf 46' lang='grc' dir='ltr'><strong>Ῑηζζδιξξέἑῑο-</strong></span> <span class='ocrx_word' id='word_1_56' title='bbox 520 1606 589 1665; x_wconf 83' lang='lat' dir='ltr'><strong>in</strong></span> <span class='ocrx_word' id='word_1_57' title='bbox 632 1607 1034 1670; x_wconf 75' lang='lat' dir='ltr'><strong>distinctione</strong></span> <span class='ocrx_word' id='word_1_58' title='bbox 1072 1613 1364 1687; x_wconf 76' lang='lat' dir='ltr'><strong>sequenti</strong></span> <span class='ocrx_word' id='word_1_59' title='bbox 1416 1617 1632 1688; x_wconf 77' lang='lat' dir='ltr'><strong>quaest.</strong></span> <span class='ocrx_word' id='word_1_60' title='bbox 1672 1613 1732 1673; x_wconf 83' lang='lat'><strong>4.</strong></span> <span class='ocrx_word' id='word_1_61' title='bbox 1769 1619 1846 1672; x_wconf 90' lang='lat' dir='ltr'><strong>et</strong></span> <span class='ocrx_word' id='word_1_62' title='bbox 1888 1616 2066 1689; x_wconf 89' lang='lat' dir='ltr'><strong>patet</strong></span> 
     </span>
     <span class='ocr_line' id='line_1_12' title="bbox 520 1723 2063 1804; baseline 0.005 -23"><span class='ocrx_word' id='word_1_63' title='bbox 520 1736 601 1781; x_wconf 82' lang='lat' dir='ltr'><strong>ex</strong></span> <span class='ocrx_word' id='word_1_64' title='bbox 635 1737 740 1795; x_wconf 93' lang='lat' dir='ltr'><strong>eo,</strong></span> <span class='ocrx_word' id='word_1_65' title='bbox 788 1723 967 1801; x_wconf 90' lang='lat' dir='ltr'><strong>quod</strong></span> <span class='ocrx_word' id='word_1_66' title='bbox 1015 1725 1318 1788; x_wconf 87' lang='lat' dir='ltr'><strong>meritum</strong></span> <span class='ocrx_word' id='word_1_67' title='bbox 1376 1725 1606 1788; x_wconf 75' lang='lat' dir='ltr'><strong>Christi</strong></span> <span class='ocrx_word' id='word_1_68' title='bbox 1664 1726 1951 1804; x_wconf 90' lang='lat' dir='ltr'><strong>positum</strong></span> <span class='ocrx_word' id='word_1_69' title='bbox 1997 1727 2063 1788; x_wconf 95' lang='lat' dir='ltr'><strong>in</strong></span> 
     </span>
    </p>

    <p class='ocr_par' dir='ltr' id='par_1_5' title="bbox 518 1842 2064 1917">
     <span class='ocr_line' id='line_1_13' title="bbox 518 1842 2064 1917; baseline 0.004 -17"><span class='ocrx_word' id='word_1_70' title='bbox 518 1853 650 1900; x_wconf 84' lang='lat' dir='ltr'><strong>esse</strong></span> <span class='ocrx_word' id='word_1_71' title='bbox 680 1842 833 1898; x_wconf 92' lang='lat' dir='ltr'><strong>ante</strong></span> <span class='ocrx_word' id='word_1_72' title='bbox 864 1842 1237 1917; x_wconf 76' lang='lat' dir='ltr'><strong>passionem</strong></span> <span class='ocrx_word' id='word_1_73' title='bbox 1279 1842 1584 1904; x_wconf 90' lang='lat' dir='ltr'><strong>habuerit</strong></span> <span class='ocrx_word' id='word_1_74' title='bbox 1611 1843 1899 1905; x_wconf 90' lang='lat' dir='ltr'><strong>valorem</strong></span> <span class='ocrx_word' id='word_1_75' title='bbox 1929 1860 2064 1906; x_wconf 85' lang='lat' dir='ltr'><strong>me·</strong></span> 
     </span>
    </p>
   </div>
   <div class='ocr_carea' id='block_1_5' title="bbox 286 1714 2064 2029">
    <p class='ocr_par' dir='ltr' id='par_1_6' title="bbox 286 1714 2064 2029">
     <span class='ocr_line' id='line_1_14' title="bbox 286 1714 381 1766; baseline 0.021 -2"><span class='ocrx_word' id='word_1_76' title='bbox 286 1714 381 1766; x_wconf 87' lang='lat' dir='ltr'><strong>nis.</strong></span> 
     </span>
     <span class='ocr_line' id='line_1_15' title="bbox 514 1951 2064 2029; baseline 0.005 -16"><span class='ocrx_word' id='word_1_77' title='bbox 514 1951 705 2014; x_wconf 91' lang='lat' dir='ltr'><strong>rendi</strong></span> <span class='ocrx_word' id='word_1_78' title='bbox 751 1957 819 2015; x_wconf 93' lang='lat' dir='ltr'><strong>et</strong></span> <span class='ocrx_word' id='word_1_79' title='bbox 861 1953 1327 2029; x_wconf 86' lang='lat' dir='ltr'><strong>satisfaciendi,</strong></span> <span class='ocrx_word' id='word_1_80' title='bbox 1381 1960 1485 2020; x_wconf 91' lang='lat' dir='ltr'><strong>cui</strong></span> <span class='ocrx_word' id='word_1_81' title='bbox 1543 1958 1933 2021; x_wconf 74' lang='lat' dir='ltr'><strong>inniteretur</strong></span> <span class='ocrx_word' id='word_1_82' title='bbox 1976 1958 2064 2020; x_wconf 84' lang='lat' dir='ltr'><strong>ef-</strong></span> 
     </span>
    </p>
   </div>
   <div class='ocr_carea' id='block_1_6' title="bbox 515 2068 2079 2156">
    <p class='ocr_par' dir='ltr' id='par_1_7' title="bbox 515 2068 2079 2156">
     <span class='ocr_line' id='line_1_16' title="bbox 515 2068 2079 2156; baseline 0.004 -25"><span class='ocrx_word' id='word_1_83' title='bbox 515 2068 736 2132; x_wconf 82' lang='lat' dir='ltr'><strong>flcacia</strong></span> <span class='ocrx_word' id='word_1_84' title='bbox 823 2087 1255 2152; x_wconf 63' lang='lat' dir='ltr'><strong>quaecumque</strong></span> <span class='ocrx_word' id='word_1_85' title='bbox 1330 2075 1665 2152; x_wconf 87' lang='lat' dir='ltr'><strong>Baptismi,</strong></span> <span class='ocrx_word' id='word_1_86' title='bbox 1749 2080 2079 2156; x_wconf 87' lang='lat' dir='ltr'><strong>tanquam·</strong></span> 
     </span>
    </p>
   </div>
   <div class='ocr_carea' id='block_1_7' title="bbox 507 2187 2061 3896">
    <p class='ocr_par' dir='ltr' id='par_1_8' title="bbox 507 2187 2061 3896">
     <span class='ocr_line' id='line_1_17' title="bbox 514 2187 2061 2271; baseline 0.007 -26"><span class='ocrx_word' id='word_1_87' title='bbox 514 2201 728 2248; x_wconf 74' lang='lat' dir='ltr'><strong>causae</strong></span> <span class='ocrx_word' id='word_1_88' title='bbox 774 2187 998 2264; x_wconf 84' lang='lat' dir='ltr'><strong>positae</strong></span> <span class='ocrx_word' id='word_1_89' title='bbox 1039 2196 1104 2252; x_wconf 91' lang='lat' dir='ltr'><strong>et</strong></span> <span class='ocrx_word' id='word_1_90' title='bbox 1135 2194 1496 2266; x_wconf 85' lang='lat' dir='ltr'><strong>acceptatae</strong></span> <span class='ocrx_word' id='word_1_91' title='bbox 1539 2198 1604 2254; x_wconf 91' lang='lat' dir='ltr'><strong>et</strong></span> <span class='ocrx_word' id='word_1_92' title='bbox 1652 2193 2061 2271; x_wconf 90' lang='lat' dir='ltr'><strong>superabun-</strong></span> 
     </span>
     <span class='ocr_line' id='line_1_18' title="bbox 517 2300 2061 2386; baseline 0.006 -25"><span class='ocrx_word' id='word_1_93' title='bbox 517 2300 719 2373; x_wconf 84' lang='lat' dir='ltr'><strong>danti,</strong></span> <span class='ocrx_word' id='word_1_94' title='bbox 752 2307 827 2363; x_wconf 89' lang='lat' dir='ltr'><strong>ut</strong></span> <span class='ocrx_word' id='word_1_95' title='bbox 856 2308 1039 2380; x_wconf 90' lang='lat' dir='ltr'><strong>patet</strong></span> <span class='ocrx_word' id='word_1_96' title='bbox 1070 2320 1150 2365; x_wconf 83' lang='lat' dir='ltr'><strong>ex</strong></span> <span class='ocrx_word' id='word_1_97' title='bbox 1196 2306 1524 2366; x_wconf 89' lang='lat' dir='ltr'><strong>communi</strong></span> <span class='ocrx_word' id='word_1_98' title='bbox 1559 2304 1875 2386; x_wconf 85' lang='lat' dir='ltr'><strong>dogmate</strong></span> <span class='ocrx_word' id='word_1_99' title='bbox 1904 2308 2061 2372; x_wconf 88' lang='lat' dir='ltr'><strong>fidei</strong></span> 
     </span>
     <span class='ocr_line' id='line_1_19' title="bbox 515 2418 2057 2504; baseline 0.007 -27"><span class='ocrx_word' id='word_1_100' title='bbox 515 2418 683 2478; x_wconf 91' lang='lat' dir='ltr'><strong>circa</strong></span> <span class='ocrx_word' id='word_1_101' title='bbox 728 2420 1020 2482; x_wconf 89' lang='lat' dir='ltr'><strong>valorem</strong></span> <span class='ocrx_word' id='word_1_102' title='bbox 1063 2435 1339 2497; x_wconf 89' lang='lat' dir='ltr'><strong>operum</strong></span> <span class='ocrx_word' id='word_1_103' title='bbox 1398 2421 1625 2486; x_wconf 85' lang='lat' dir='ltr'><strong>Christi</strong></span> <span class='ocrx_word' id='word_1_104' title='bbox 1668 2427 1734 2487; x_wconf 90' lang='lat' dir='ltr'><strong>in</strong></span> <span class='ocrx_word' id='word_1_105' title='bbox 1777 2430 2057 2504; x_wconf 87' lang='lat' dir='ltr'><strong>utroque</strong></span> 
     </span>
     <span class='ocr_line' id='line_1_20' title="bbox 510 2532 2053 2618; baseline 0.006 -26"><span class='ocrx_word' id='word_1_106' title='bbox 510 2548 788 2611; x_wconf 87' lang='lat' dir='ltr'><strong>genere.</strong></span> <span class='ocrx_word' id='word_1_107' title='bbox 867 2532 1048 2596; x_wconf 90' lang='lat' dir='ltr'><strong>Unde</strong></span> <span class='ocrx_word' id='word_1_108' title='bbox 1118 2537 1183 2597; x_wconf 91' lang='lat' dir='ltr'><strong>in</strong></span> <span class='ocrx_word' id='word_1_109' title='bbox 1241 2537 1584 2618; x_wconf 83' lang='lat' dir='ltr'><strong>Extravag.</strong></span> <span class='ocrx_word' id='word_1_110' title='bbox 1670 2541 2053 2617; x_wconf 57' lang='lat' dir='ltr'><strong>mamertinus,</strong></span> 
     </span>
     <span class='ocr_line' id='line_1_21' title="bbox 514 2650 2056 2737; baseline 0.008 -27"><span class='ocrx_word' id='word_1_111' title='bbox 514 2653 647 2710; x_wconf 88' lang='lat' dir='ltr'><strong>etc.</strong></span> <span class='ocrx_word' id='word_1_112' title='bbox 684 2650 918 2712; x_wconf 88' lang='lat' dir='ltr'><strong>dicitur</strong></span> <span class='ocrx_word' id='word_1_113' title='bbox 955 2668 1088 2713; x_wconf 89' lang='lat' dir='ltr'><strong>una</strong></span> <span class='ocrx_word' id='word_1_114' title='bbox 1131 2657 1312 2732; x_wconf 91' lang='lat' dir='ltr'><strong>gutta</strong></span> <span class='ocrx_word' id='word_1_115' title='bbox 1359 2656 1699 2735; x_wconf 83' lang='lat' dir='ltr'><strong>sanguinis</strong></span> <span class='ocrx_word' id='word_1_116' title='bbox 1731 2656 1875 2737; x_wconf 87' lang='lat' dir='ltr'><strong>ejus</strong></span> <span class='ocrx_word' id='word_1_117' title='bbox 1910 2656 2056 2722; x_wconf 84' lang='lat' dir='ltr'><strong>fusa</strong></span> 
     </span>
     <span class='ocr_line' id='line_1_22' title="bbox 510 2765 2052 2852; baseline 0.008 -27"><span class='ocrx_word' id='word_1_118' title='bbox 510 2765 595 2826; x_wconf 90' lang='lat' dir='ltr'><strong>ob</strong></span> <span class='ocrx_word' id='word_1_119' title='bbox 652 2765 964 2827; x_wconf 91' lang='lat' dir='ltr'><strong>unionem</strong></span> <span class='ocrx_word' id='word_1_120' title='bbox 1020 2767 1496 2847; x_wconf 83' lang='lat' dir='ltr'><strong>hypostaticam</strong></span> <span class='ocrx_word' id='word_1_121' title='bbox 1550 2771 1891 2836; x_wconf 85' lang='lat' dir='ltr'><strong>suffecisse</strong></span> <span class='ocrx_word' id='word_1_122' title='bbox 1934 2792 2052 2852; x_wconf 88' lang='lat' dir='ltr'><strong>pro</strong></span> 
     </span>
     <span class='ocr_line' id='line_1_23' title="bbox 509 2879 2054 2961; baseline 0.008 -20"><span class='ocrx_word' id='word_1_123' title='bbox 509 2879 970 2961; x_wconf 86' lang='lat' dir='ltr'><strong>redemptione</strong></span> <span class='ocrx_word' id='word_1_124' title='bbox 1029 2887 1226 2947; x_wconf 91' lang='lat' dir='ltr'><strong>totius</strong></span> <span class='ocrx_word' id='word_1_125' title='bbox 1281 2885 1559 2961; x_wconf 89' lang='lat' dir='ltr'><strong>mundi;</strong></span> <span class='ocrx_word' id='word_1_126' title='bbox 1632 2888 1757 2950; x_wconf 92' lang='lat' dir='ltr'><strong>hoc</strong></span> <span class='ocrx_word' id='word_1_127' title='bbox 1831 2898 2054 2953; x_wconf 86' lang='lat' dir='ltr'><strong>autem</strong></span> 
     </span>
     <span class='ocr_line' id='line_1_24' title="bbox 508 3000 2053 3085; baseline 0.008 -26"><span class='ocrx_word' id='word_1_128' title='bbox 508 3000 782 3079; x_wconf 90' lang='lat' dir='ltr'><strong>contigit</strong></span> <span class='ocrx_word' id='word_1_129' title='bbox 830 3000 896 3061; x_wconf 91' lang='lat' dir='ltr'><strong>in</strong></span> <span class='ocrx_word' id='word_1_130' title='bbox 941 3000 1449 3065; x_wconf 91' lang='lat' dir='ltr'><strong>Circumcisione</strong></span> <span class='ocrx_word' id='word_1_131' title='bbox 1498 3005 1666 3083; x_wconf 90' lang='lat' dir='ltr'><strong>ejus,</strong></span> <span class='ocrx_word' id='word_1_132' title='bbox 1702 3023 1846 3085; x_wconf 85' lang='lat' dir='ltr'><strong>quae</strong></span> <span class='ocrx_word' id='word_1_133' title='bbox 1887 3024 2053 3085; x_wconf 74' lang='lat' dir='ltr'><strong>prae-</strong></span> 
     </span>
     <span class='ocr_line' id='line_1_25' title="bbox 508 3113 2055 3197; baseline 0.008 -22"><span class='ocrx_word' id='word_1_134' title='bbox 508 3113 706 3178; x_wconf 85' lang='lat' dir='ltr'><strong>cessit</strong></span> <span class='ocrx_word' id='word_1_135' title='bbox 790 3114 1275 3180; x_wconf 83' lang='lat' dir='ltr'><strong>institutionem</strong></span> <span class='ocrx_word' id='word_1_136' title='bbox 1355 3118 1690 3197; x_wconf 90' lang='lat' dir='ltr'><strong>Baptismi.</strong></span> <span class='ocrx_word' id='word_1_137' title='bbox 1782 3121 2055 3189; x_wconf 87' lang='lat' dir='ltr'><strong>Accedit</strong></span> 
     </span>
     <span class='ocr_line' id='line_1_26' title="bbox 508 3230 2051 3315; baseline 0.008 -26"><span class='ocrx_word' id='word_1_138' title='bbox 508 3230 688 3309; x_wconf 87' lang='lat' dir='ltr'><strong>quod</strong></span> <span class='ocrx_word' id='word_1_139' title='bbox 756 3231 897 3307; x_wconf 90' lang='lat' dir='ltr'><strong>ipsa</strong></span> <span class='ocrx_word' id='word_1_140' title='bbox 968 3233 1185 3307; x_wconf 87' lang='lat' dir='ltr'><strong>passio</strong></span> <span class='ocrx_word' id='word_1_141' title='bbox 1247 3234 1390 3312; x_wconf 89' lang='lat' dir='ltr'><strong>jam</strong></span> <span class='ocrx_word' id='word_1_142' title='bbox 1457 3236 1523 3297; x_wconf 91' lang='lat' dir='ltr'><strong>in</strong></span> <span class='ocrx_word' id='word_1_143' title='bbox 1594 3240 2051 3315; x_wconf 86' lang='lat' dir='ltr'><strong>acceptatione</strong></span> 
     </span>
     <span class='ocr_line' id='line_1_27' title="bbox 507 3346 2050 3435; baseline 0.005 -25"><span class='ocrx_word' id='word_1_144' title='bbox 507 3348 717 3425; x_wconf 89' lang='lat' dir='ltr'><strong>posita</strong></span> <span class='ocrx_word' id='word_1_145' title='bbox 761 3346 984 3420; x_wconf 85' lang='lat' dir='ltr'><strong>fuerit,</strong></span> <span class='ocrx_word' id='word_1_146' title='bbox 1032 3353 1098 3410; x_wconf 91' lang='lat' dir='ltr'><strong>et</strong></span> <span class='ocrx_word' id='word_1_147' title='bbox 1139 3349 1547 3427; x_wconf 88' lang='lat' dir='ltr'><strong>inchoative;</strong></span> <span class='ocrx_word' id='word_1_148' title='bbox 1600 3353 1780 3416; x_wconf 87' lang='lat' dir='ltr'><strong>unde</strong></span> <span class='ocrx_word' id='word_1_149' title='bbox 1827 3356 2050 3435; x_wconf 87' lang='lat' dir='ltr'><strong>Bapti-</strong></span> 
     </span>
     <span class='ocr_line' id='line_1_28' title="bbox 507 3463 2050 3546; baseline 0.006 -22"><span class='ocrx_word' id='word_1_150' title='bbox 507 3478 690 3524; x_wconf 85' lang='lat' dir='ltr'><strong>smus</strong></span> <span class='ocrx_word' id='word_1_151' title='bbox 746 3464 825 3525; x_wconf 91' lang='lat' dir='ltr'><strong>ab</strong></span> <span class='ocrx_word' id='word_1_152' title='bbox 887 3463 1126 3527; x_wconf 90' lang='lat' dir='ltr'><strong>eodem</strong></span> <span class='ocrx_word' id='word_1_153' title='bbox 1183 3470 1484 3530; x_wconf 88' lang='lat' dir='ltr'><strong>mutuare</strong></span> <span class='ocrx_word' id='word_1_154' title='bbox 1541 3477 1769 3546; x_wconf 90' lang='lat' dir='ltr'><strong>posset</strong></span> <span class='ocrx_word' id='word_1_155' title='bbox 1837 3470 2050 3535; x_wconf 88' lang='lat' dir='ltr'><strong>effica-</strong></span> 
     </span>
     <span class='ocr_line' id='line_1_29' title="bbox 508 3578 2046 3666; baseline 0.008 -27"><span class='ocrx_word' id='word_1_156' title='bbox 508 3580 676 3641; x_wconf 90' lang='lat' dir='ltr'><strong>ciam</strong></span> <span class='ocrx_word' id='word_1_157' title='bbox 725 3584 790 3641; x_wconf 92' lang='lat' dir='ltr'><strong>et</strong></span> <span class='ocrx_word' id='word_1_158' title='bbox 832 3578 1370 3660; x_wconf 78' lang='lat' dir='ltr'><strong>significationem</strong></span> <span class='ocrx_word' id='word_1_159' title='bbox 1412 3586 1779 3666; x_wconf 83' lang='lat' dir='ltr'><strong>mysticam,</strong></span> <span class='ocrx_word' id='word_1_160' title='bbox 1830 3592 1905 3650; x_wconf 93' lang='lat' dir='ltr'><strong>ut</strong></span> <span class='ocrx_word' id='word_1_161' title='bbox 1941 3606 2046 3651; x_wconf 91' lang='lat' dir='ltr'><strong>re-</strong></span> 
     </span>
     <span class='ocr_line' id='line_1_30' title="bbox 510 3695 2050 3781; baseline 0.007 -28"><span class='ocrx_word' id='word_1_162' title='bbox 510 3697 610 3755; x_wconf 91' lang='lat' dir='ltr'><strong>cte</strong></span> <span class='ocrx_word' id='word_1_163' title='bbox 659 3695 969 3771; x_wconf 87' lang='lat' dir='ltr'><strong>baptizati</strong></span> <span class='ocrx_word' id='word_1_164' title='bbox 999 3698 1064 3759; x_wconf 90' lang='lat' dir='ltr'><strong>in</strong></span> <span class='ocrx_word' id='word_1_165' title='bbox 1098 3704 1372 3762; x_wconf 90' lang='lat' dir='ltr'><strong>mortem</strong></span> <span class='ocrx_word' id='word_1_166' title='bbox 1417 3699 1671 3778; x_wconf 83' lang='lat' dir='ltr'><strong>Christi,</strong></span> <span class='ocrx_word' id='word_1_167' title='bbox 1724 3708 1790 3765; x_wconf 91' lang='lat' dir='ltr'><strong>et</strong></span> <span class='ocrx_word' id='word_1_168' title='bbox 1840 3705 2050 3781; x_wconf 89' lang='lat' dir='ltr'><strong>passi-</strong></span> 
     </span>
     <span class='ocr_line' id='line_1_31' title="bbox 511 3811 1362 3896; baseline 0.005 -23"><span class='ocrx_word' id='word_1_169' title='bbox 511 3828 709 3874; x_wconf 87' lang='lat' dir='ltr'><strong>onem</strong></span> <span class='ocrx_word' id='word_1_170' title='bbox 759 3811 1135 3875; x_wconf 84' lang='lat' dir='ltr'><strong>dicerentur</strong></span> <span class='ocrx_word' id='word_1_171' title='bbox 1182 3816 1362 3896; x_wconf 88' lang='lat' dir='ltr'><strong>tingi.</strong></span> 
     </span>
    </p>
   </div>
   <div class='ocr_carea' id='block_1_8' title="bbox 199 3938 2050 4051">
    <p class='ocr_par' dir='ltr' id='par_1_9' title="bbox 199 3938 2050 4051">
     <span class='ocr_line' id='line_1_32' title="bbox 199 3938 2050 4051; baseline -0.007 -38"><span class='ocrx_word' id='word_1_172' title='bbox 199 3938 436 4051; x_wconf 48' lang='lat' dir='ltr'><strong>Sessfihd·</strong></span> <span class='ocrx_word' id='word_1_173' title='bbox 589 3941 895 4006; x_wconf 91' lang='lat' dir='ltr'><strong>Secundo</strong></span> <span class='ocrx_word' id='word_1_174' title='bbox 953 3945 1344 4008; x_wconf 85' lang='lat' dir='ltr'><strong>insinuando</strong></span> <span class='ocrx_word' id='word_1_175' title='bbox 1412 3949 1603 4010; x_wconf 90' lang='lat' dir='ltr'><strong>aliam</strong></span> <span class='ocrx_word' id='word_1_176' title='bbox 1657 3950 2050 4015; x_wconf 71' lang='lat' dir='ltr'><strong>solutionem</strong></span> 
     </span>
    </p>
   </div>
   <div class='ocr_carea' id='block_1_9' title="bbox 172 4060 2052 4256">
    <p class='ocr_par' dir='ltr' id='par_1_10' title="bbox 172 4060 2052 4256">
     <span class='ocr_line' id='line_1_33' title="bbox 172 4060 2052 4185; baseline 0.006 -66"><span class='ocrx_word' id='word_1_177' title='bbox 172 4063 472 4185; x_wconf 41' lang='lat' dir='ltr'><strong>&amp;affugium</strong></span> <span class='ocrx_word' id='word_1_178' title='bbox 508 4060 900 4137; x_wconf 89' lang='lat' dir='ltr'><strong>respondet,</strong></span> <span class='ocrx_word' id='word_1_179' title='bbox 960 4060 1141 4140; x_wconf 89' lang='lat' dir='ltr'><strong>quod</strong></span> <span class='ocrx_word' id='word_1_180' title='bbox 1184 4063 1600 4128; x_wconf 89' lang='lat' dir='ltr'><strong>Sacramenta</strong></span> <span class='ocrx_word' id='word_1_181' title='bbox 1656 4083 1836 4130; x_wconf 80' lang='lat' dir='ltr'><strong>novae</strong></span> <span class='ocrx_word' id='word_1_182' title='bbox 1884 4069 2052 4149; x_wconf 89' lang='lat' dir='ltr'><strong>legis</strong></span> 
     </span>
     <span class='ocr_line' id='line_1_34' title="bbox 189 4170 2046 4256; baseline 0.005 -20"><span class='ocrx_word' id='word_1_183' title='bbox 189 4170 451 4243; x_wconf 57' lang='lat' dir='ltr'><strong>eramenta</strong></span> <span class='ocrx_word' id='word_1_184' title='bbox 509 4177 828 4251; x_wconf 90' lang='lat' dir='ltr'><strong>instituta,</strong></span> <span class='ocrx_word' id='word_1_185' title='bbox 890 4181 1149 4241; x_wconf 90' lang='lat' dir='ltr'><strong>vivente</strong></span> <span class='ocrx_word' id='word_1_186' title='bbox 1209 4180 1488 4256; x_wconf 83' lang='lat' dir='ltr'><strong>ChristO,</strong></span> <span class='ocrx_word' id='word_1_187' title='bbox 1551 4185 1873 4247; x_wconf 90' lang='lat' dir='ltr'><strong>minorem</strong></span> <span class='ocrx_word' id='word_1_188' title='bbox 1931 4187 2046 4248; x_wconf 92' lang='lat' dir='ltr'><strong>ha·</strong></span> 
     </span>
    </p>
   </div>
   <div class='ocr_carea' id='block_1_10' title="bbox 175 4257 2046 4383">
    <p class='ocr_par' dir='ltr' id='par_1_11' title="bbox 175 4257 2046 4383">
     <span class='ocr_line' id='line_1_35' title="bbox 175 4257 2046 4383; baseline 0.005 -25"><span class='ocrx_word' id='word_1_189' title='bbox 175 4257 460 4377; x_wconf 52' lang='lat' dir='ltr'><strong>passsssffem</strong></span> <span class='ocrx_word' id='word_1_190' title='bbox 508 4296 774 4358; x_wconf 91' lang='lat' dir='ltr'><strong>buerint</strong></span> <span class='ocrx_word' id='word_1_191' title='bbox 818 4293 1199 4369; x_wconf 86' lang='lat' dir='ltr'><strong>efficaciam,</strong></span> <span class='ocrx_word' id='word_1_192' title='bbox 1260 4315 1458 4377; x_wconf 87' lang='lat' dir='ltr'><strong>quam</strong></span> <span class='ocrx_word' id='word_1_193' title='bbox 1505 4307 1655 4378; x_wconf 91' lang='lat' dir='ltr'><strong>post</strong></span> <span class='ocrx_word' id='word_1_194' title='bbox 1703 4303 1848 4382; x_wconf 86' lang='lat' dir='ltr'><strong>ejus</strong></span> <span class='ocrx_word' id='word_1_195' title='bbox 1897 4323 2046 4383; x_wconf 91' lang='lat' dir='ltr'><strong>pas-</strong></span> 
     </span>
    </p>
   </div>
   <div class='ocr_carea' id='block_1_11' title="bbox 184 4377 2053 5306">
    <p class='ocr_par' dir='ltr' id='par_1_12' title="bbox 184 4377 2053 5306">
     <span class='ocr_line' id='line_1_36' title="bbox 219 4377 2053 4494; baseline 0.008 -23"><span class='ocrx_word' id='word_1_196' title='bbox 219 4377 432 4494; x_wconf 52' lang='grc' dir='ltr'><strong>,ξζξῗῖζξζ</strong></span> <span class='ocrx_word' id='word_1_197' title='bbox 511 4414 786 4483; x_wconf 90' lang='lat' dir='ltr'><strong>sionem,</strong></span> <span class='ocrx_word' id='word_1_198' title='bbox 851 4417 1071 4473; x_wconf 89' lang='lat' dir='ltr'><strong>tamen</strong></span> <span class='ocrx_word' id='word_1_199' title='bbox 1119 4428 1254 4475; x_wconf 92' lang='lat' dir='ltr'><strong>non</strong></span> <span class='ocrx_word' id='word_1_200' title='bbox 1286 4420 1388 4477; x_wconf 90' lang='lat' dir='ltr'><strong>est</strong></span> <span class='ocrx_word' id='word_1_201' title='bbox 1433 4415 1931 4493; x_wconf 87' lang='lat' dir='ltr'><strong>inconveniens,</strong></span> <span class='ocrx_word' id='word_1_202' title='bbox 1980 4429 2053 4485; x_wconf 89' lang='lat' dir='ltr'><strong>ut</strong></span> 
     </span>
     <span class='ocr_line' id='line_1_37' title="bbox 184 4503 2047 4610; baseline 0.008 -25"><span class='ocrx_word' id='word_1_203' title='bbox 184 4503 446 4562; x_wconf 58' lang='lat' dir='ltr'><strong>‘&#39;¹¹²⁰“0iae·</strong></span> <span class='ocrx_word' id='word_1_204' title='bbox 508 4525 751 4590; x_wconf 90' lang='lat' dir='ltr'><strong>fuerint</strong></span> <span class='ocrx_word' id='word_1_205' title='bbox 796 4532 951 4590; x_wconf 91' lang='lat' dir='ltr'><strong>tunc</strong></span> <span class='ocrx_word' id='word_1_206' title='bbox 997 4529 1316 4604; x_wconf 90' lang='lat' dir='ltr'><strong>instituta,</strong></span> <span class='ocrx_word' id='word_1_207' title='bbox 1363 4548 1498 4594; x_wconf 92' lang='lat' dir='ltr'><strong>non</strong></span> <span class='ocrx_word' id='word_1_208' title='bbox 1529 4550 1647 4610; x_wconf 90' lang='lat' dir='ltr'><strong>pro</strong></span> <span class='ocrx_word' id='word_1_209' title='bbox 1699 4540 1879 4609; x_wconf 92' lang='lat' dir='ltr'><strong>tunc,</strong></span> <span class='ocrx_word' id='word_1_210' title='bbox 1927 4537 2047 4600; x_wconf 90' lang='lat' dir='ltr'><strong>sed</strong></span> 
     </span>
     <span class='ocr_line' id='line_1_38' title="bbox 506 4645 2048 4731; baseline 0.006 -25"><span class='ocrx_word' id='word_1_211' title='bbox 506 4648 656 4722; x_wconf 91' lang='lat' dir='ltr'><strong>post</strong></span> <span class='ocrx_word' id='word_1_212' title='bbox 725 4645 871 4724; x_wconf 92' lang='lat' dir='ltr'><strong>ejus</strong></span> <span class='ocrx_word' id='word_1_213' title='bbox 925 4654 1208 4709; x_wconf 90' lang='lat' dir='ltr'><strong>mortem</strong></span> <span class='ocrx_word' id='word_1_214' title='bbox 1262 4648 1563 4712; x_wconf 89' lang='lat' dir='ltr'><strong>habitura</strong></span> <span class='ocrx_word' id='word_1_215' title='bbox 1624 4652 2048 4731; x_wconf 89' lang='lat' dir='ltr'><strong>principalem</strong></span> 
     </span>
     <span class='ocr_line' id='line_1_39' title="bbox 503 4758 2042 4846; baseline 0.008 -25"><span class='ocrx_word' id='word_1_216' title='bbox 503 4758 884 4822; x_wconf 85' lang='lat' dir='ltr'><strong>efficaciam.</strong></span> <span class='ocrx_word' id='word_1_217' title='bbox 957 4765 1098 4824; x_wconf 78' lang='lat' dir='ltr'><strong>Haec</strong></span> <span class='ocrx_word' id='word_1_218' title='bbox 1153 4764 1390 4825; x_wconf 90' lang='lat' dir='ltr'><strong>solutio</strong></span> <span class='ocrx_word' id='word_1_219' title='bbox 1447 4764 1727 4844; x_wconf 84' lang='lat' dir='ltr'><strong>intelligi</strong></span> <span class='ocrx_word' id='word_1_220' title='bbox 1798 4775 2042 4846; x_wconf 91' lang='lat' dir='ltr'><strong>potest,</strong></span> 
     </span>
     <span class='ocr_line' id='line_1_40' title="bbox 499 4873 2045 4962; baseline 0.006 -24"><span class='ocrx_word' id='word_1_221' title='bbox 499 4876 605 4938; x_wconf 89' lang='lat' dir='ltr'><strong>vel</strong></span> <span class='ocrx_word' id='word_1_222' title='bbox 649 4873 734 4937; x_wconf 89' lang='lat' dir='ltr'><strong>de</strong></span> <span class='ocrx_word' id='word_1_223' title='bbox 789 4874 1065 4940; x_wconf 77' lang='lat' dir='ltr'><strong>efficatia</strong></span> <span class='ocrx_word' id='word_1_224' title='bbox 1115 4882 1428 4956; x_wconf 89' lang='lat' dir='ltr'><strong>respectu</strong></span> <span class='ocrx_word' id='word_1_225' title='bbox 1473 4881 1721 4961; x_wconf 73' lang='lat' dir='ltr'><strong>gratiae,</strong></span> <span class='ocrx_word' id='word_1_226' title='bbox 1768 4884 2045 4962; x_wconf 80' lang='lat' dir='ltr'><strong>inquan-</strong></span> 
     </span>
     <span class='ocr_line' id='line_1_41' title="bbox 501 4998 2043 5079; baseline 0.006 -25"><span class='ocrx_word' id='word_1_227' title='bbox 501 4998 638 5054; x_wconf 91' lang='lat' dir='ltr'><strong>tum</strong></span> <span class='ocrx_word' id='word_1_228' title='bbox 666 5009 798 5055; x_wconf 91' lang='lat' dir='ltr'><strong>non</strong></span> <span class='ocrx_word' id='word_1_229' title='bbox 831 5002 1180 5057; x_wconf 90' lang='lat' dir='ltr'><strong>causarent</strong></span> <span class='ocrx_word' id='word_1_230' title='bbox 1208 5012 1471 5058; x_wconf 88' lang='lat' dir='ltr'><strong>omnem</strong></span> <span class='ocrx_word' id='word_1_231' title='bbox 1499 5001 1802 5077; x_wconf 80' lang='lat' dir='ltr'><strong>gratiam,</strong></span> <span class='ocrx_word' id='word_1_232' title='bbox 1838 5018 2043 5079; x_wconf 89' lang='lat' dir='ltr'><strong>quan-</strong></span> 
     </span>
     <span class='ocr_line' id='line_1_42' title="bbox 501 5106 2043 5188; baseline 0.006 -20"><span class='ocrx_word' id='word_1_233' title='bbox 501 5112 636 5169; x_wconf 91' lang='lat' dir='ltr'><strong>tum</strong></span> <span class='ocrx_word' id='word_1_234' title='bbox 682 5106 766 5168; x_wconf 90' lang='lat' dir='ltr'><strong>ad</strong></span> <span class='ocrx_word' id='word_1_235' title='bbox 827 5107 1112 5188; x_wconf 90' lang='lat' dir='ltr'><strong>gradum</strong></span> <span class='ocrx_word' id='word_1_236' title='bbox 1162 5108 1589 5188; x_wconf 82' lang='lat' dir='ltr'><strong>perfectionis</strong></span> <span class='ocrx_word' id='word_1_237' title='bbox 1645 5118 1713 5174; x_wconf 92' lang='lat' dir='ltr'><strong>et</strong></span> <span class='ocrx_word' id='word_1_238' title='bbox 1772 5115 2043 5177; x_wconf 90' lang='lat' dir='ltr'><strong>intensi·</strong></span> 
     </span>
     <span class='ocr_line' id='line_1_43' title="bbox 499 5224 2041 5306; baseline 0.007 -23"><span class='ocrx_word' id='word_1_239' title='bbox 499 5224 643 5284; x_wconf 90' lang='lat' dir='ltr'><strong>onis</strong></span> <span class='ocrx_word' id='word_1_240' title='bbox 716 5229 871 5286; x_wconf 90' lang='lat' dir='ltr'><strong>ante</strong></span> <span class='ocrx_word' id='word_1_241' title='bbox 942 5227 1340 5302; x_wconf 90' lang='lat' dir='ltr'><strong>passionem,</strong></span> <span class='ocrx_word' id='word_1_242' title='bbox 1428 5229 1725 5306; x_wconf 88' lang='lat' dir='ltr'><strong>quamvis</strong></span> <span class='ocrx_word' id='word_1_243' title='bbox 1804 5231 2041 5294; x_wconf 88' lang='lat' dir='ltr'><strong>virtute</strong></span> 
     </span>
    </p>
   </div>
   <div class='ocr_carea' id='block_1_12' title="bbox 498 5340 2041 5529">
    <p class='ocr_par' dir='ltr' id='par_1_13' title="bbox 498 5340 2041 5529">
     <span class='ocr_line' id='line_1_44' title="bbox 498 5340 2041 5421; baseline 0.006 -21"><span class='ocrx_word' id='word_1_244' title='bbox 498 5340 947 5408; x_wconf 87' lang='lat' dir='ltr'><strong>continebant,</strong></span> <span class='ocrx_word' id='word_1_245' title='bbox 1000 5343 1254 5405; x_wconf 89' lang='lat' dir='ltr'><strong>ratione</strong></span> <span class='ocrx_word' id='word_1_246' title='bbox 1282 5359 1419 5405; x_wconf 81' lang='lat' dir='ltr'><strong>suae</strong></span> <span class='ocrx_word' id='word_1_247' title='bbox 1447 5346 1893 5421; x_wconf 87' lang='lat' dir='ltr'><strong>institutionis,</strong></span> <span class='ocrx_word' id='word_1_248' title='bbox 1940 5348 2041 5411; x_wconf 84' lang='lat' dir='ltr'><strong>ef-</strong></span> 
     </span>
     <span class='ocr_line' id='line_1_45' title="bbox 498 5446 2037 5529; baseline 0.006 -20"><span class='ocrx_word' id='word_1_249' title='bbox 498 5446 795 5510; x_wconf 83' lang='lat' dir='ltr'><strong>ficaciam</strong></span> <span class='ocrx_word' id='word_1_250' title='bbox 868 5447 1199 5524; x_wconf 88' lang='lat' dir='ltr'><strong>eamdem,</strong></span> <span class='ocrx_word' id='word_1_251' title='bbox 1261 5451 1446 5529; x_wconf 87' lang='lat' dir='ltr'><strong>cujus</strong></span> <span class='ocrx_word' id='word_1_252' title='bbox 1491 5451 1766 5517; x_wconf 85' lang='lat' dir='ltr'><strong>effectus</strong></span> <span class='ocrx_word' id='word_1_253' title='bbox 1828 5456 2037 5518; x_wconf 90' lang='lat' dir='ltr'><strong>abun-</strong></span> 
     </span>
    </p>
   </div>
   <div class='ocr_carea' id='block_1_13' title="bbox 503 5563 2042 5654">
    <p class='ocr_par' dir='ltr' id='par_1_14' title="bbox 503 5563 2042 5654">
     <span class='ocr_line' id='line_1_46' title="bbox 503 5563 2042 5654; baseline 0.006 -26"><span class='ocrx_word' id='word_1_254' title='bbox 503 5564 760 5629; x_wconf 89' lang='lat' dir='ltr'><strong>dantior</strong></span> <span class='ocrx_word' id='word_1_255' title='bbox 787 5571 853 5630; x_wconf 92' lang='lat' dir='ltr'><strong>et</strong></span> <span class='ocrx_word' id='word_1_256' title='bbox 876 5563 1230 5649; x_wconf 79' lang='lat' dir='ltr'><strong>perfectior</strong></span> <span class='ocrx_word' id='word_1_257' title='bbox 1277 5570 1801 5650; x_wconf 82' lang='lat' dir='ltr'><strong>suspendebatur</strong></span> <span class='ocrx_word' id='word_1_258' title='bbox 1828 5589 2042 5654; x_wconf 90' lang='lat' dir='ltr'><strong>usque</strong></span> 
     </span>
    </p>
   </div>
   <div class='ocr_carea' id='block_1_14' title="bbox 1621 396 2531 465">
    <p class='ocr_par' dir='ltr' id='par_1_15' title="bbox 1621 396 2531 465">
     <span class='ocr_line' id='line_1_47' title="bbox 1621 396 2531 465; baseline 0.004 -6"><span class='ocrx_word' id='word_1_259' title='bbox 1621 397 1766 465; x_wconf 70' lang='grc' dir='ltr'><strong>ΗΒ.</strong></span> <span class='ocrx_word' id='word_1_260' title='bbox 1798 398 1900 462; x_wconf 85' lang='lat' dir='ltr'><strong>1V.</strong></span> <span class='ocrx_word' id='word_1_261' title='bbox 1933 396 2531 465; x_wconf 75' lang='lat' dir='ltr'><strong>SENTENTIARUM</strong></span> 
     </span>
    </p>
   </div>
   <div class='ocr_carea' id='block_1_15' title="bbox 2152 557 4068 5516">
    <p class='ocr_par' dir='ltr' id='par_1_16' title="bbox 2179 557 3728 757">
     <span class='ocr_line' id='line_1_48' title="bbox 2184 557 3728 638; baseline -0.001 -17"><span class='ocrx_word' id='word_1_262' title='bbox 2184 559 2268 622; x_wconf 93' lang='lat' dir='ltr'><strong>ad</strong></span> <span class='ocrx_word' id='word_1_263' title='bbox 2311 561 2684 638; x_wconf 89' lang='lat' dir='ltr'><strong>passionem</strong></span> <span class='ocrx_word' id='word_1_264' title='bbox 2717 565 2783 623; x_wconf 89' lang='lat' dir='ltr'><strong>et</strong></span> <span class='ocrx_word' id='word_1_265' title='bbox 2817 566 3095 622; x_wconf 89' lang='lat' dir='ltr'><strong>mortem</strong></span> <span class='ocrx_word' id='word_1_266' title='bbox 3144 559 3377 622; x_wconf 87' lang='lat' dir='ltr'><strong>Christi</strong></span> <span class='ocrx_word' id='word_1_267' title='bbox 3424 557 3728 637; x_wconf 85' lang='lat' dir='ltr'><strong>positam,</strong></span> 
     </span>
     <span class='ocr_line' id='line_1_49' title="bbox 2179 676 3413 757; baseline 0.001 -19"><span class='ocrx_word' id='word_1_268' title='bbox 2179 694 2217 738; x_wconf 95' lang='lat' dir='ltr'><strong>a</strong></span> <span class='ocrx_word' id='word_1_269' title='bbox 2252 676 2440 757; x_wconf 77' lang='lat' dir='ltr'><strong>quus</strong></span> <span class='ocrx_word' id='word_1_270' title='bbox 2471 679 2872 740; x_wconf 85' lang='lat' dir='ltr'><strong>exhibitione</strong></span> <span class='ocrx_word' id='word_1_271' title='bbox 2919 676 3413 754; x_wconf 88' lang='lat' dir='ltr'><strong>dependebant.</strong></span> 
     </span>
    </p>

    <p class='ocr_par' dir='ltr' id='par_1_17' title="bbox 2172 792 4068 2137">
     <span class='ocr_line' id='line_1_50' title="bbox 2260 792 3729 875; baseline 0.001 -21"><span class='ocrx_word' id='word_1_272' title='bbox 2260 795 2412 856; x_wconf 86' lang='lat' dir='ltr'><strong>Haec</strong></span> <span class='ocrx_word' id='word_1_273' title='bbox 2454 794 2693 858; x_wconf 91' lang='lat' dir='ltr'><strong>solutio</strong></span> <span class='ocrx_word' id='word_1_274' title='bbox 2733 795 2827 858; x_wconf 91' lang='lat' dir='ltr'><strong>sic</strong></span> <span class='ocrx_word' id='word_1_275' title='bbox 2869 792 3230 866; x_wconf 90' lang='lat' dir='ltr'><strong>intellecta,</strong></span> <span class='ocrx_word' id='word_1_276' title='bbox 3282 793 3539 875; x_wconf 88' lang='lat' dir='ltr'><strong>mitigat</strong></span> <span class='ocrx_word' id='word_1_277' title='bbox 3581 809 3729 856; x_wconf 88' lang='lat' dir='ltr'><strong>sen-</strong></span> 
     </span>
     <span class='ocr_line' id='line_1_51' title="bbox 2181 908 3732 988; baseline 0 -20"><span class='ocrx_word' id='word_1_278' title='bbox 2181 908 2453 970; x_wconf 90' lang='lat' dir='ltr'><strong>tentiam</strong></span> <span class='ocrx_word' id='word_1_279' title='bbox 2496 909 2943 988; x_wconf 89' lang='lat' dir='ltr'><strong>quorumdam</strong></span> <span class='ocrx_word' id='word_1_280' title='bbox 2985 910 3269 985; x_wconf 89' lang='lat' dir='ltr'><strong>Patrum,</strong></span> <span class='ocrx_word' id='word_1_281' title='bbox 3322 909 3434 988; x_wconf 88' lang='lat' dir='ltr'><strong>qui</strong></span> <span class='ocrx_word' id='word_1_282' title='bbox 3480 912 3732 988; x_wconf 91' lang='lat' dir='ltr'><strong>negant</strong></span> 
     </span>
     <span class='ocr_line' id='line_1_52' title="bbox 2178 1023 3727 1103; baseline 0.003 -21"><span class='ocrx_word' id='word_1_283' title='bbox 2178 1023 2583 1101; x_wconf 90' lang='lat' dir='ltr'><strong>Baptismum</strong></span> <span class='ocrx_word' id='word_1_284' title='bbox 2639 1023 2891 1099; x_wconf 86' lang='lat' dir='ltr'><strong>Christi,</strong></span> <span class='ocrx_word' id='word_1_285' title='bbox 2963 1040 3085 1086; x_wconf 91' lang='lat' dir='ltr'><strong>seu</strong></span> <span class='ocrx_word' id='word_1_286' title='bbox 3139 1025 3342 1099; x_wconf 89' lang='lat' dir='ltr'><strong>illum,</strong></span> <span class='ocrx_word' id='word_1_287' title='bbox 3406 1041 3536 1103; x_wconf 89' lang='lat' dir='ltr'><strong>quo</strong></span> <span class='ocrx_word' id='word_1_288' title='bbox 3582 1030 3727 1086; x_wconf 90' lang='lat' dir='ltr'><strong>ute-</strong></span> 
     </span>
     <span class='ocr_line' id='line_1_53' title="bbox 2178 1139 3713 1220; baseline 0.001 -20"><span class='ocrx_word' id='word_1_289' title='bbox 2178 1139 2417 1203; x_wconf 90' lang='lat' dir='ltr'><strong>bantur</strong></span> <span class='ocrx_word' id='word_1_290' title='bbox 2515 1141 2815 1220; x_wconf 90' lang='lat' dir='ltr'><strong>discipuli</strong></span> <span class='ocrx_word' id='word_1_291' title='bbox 2903 1141 3168 1204; x_wconf 89' lang='lat' dir='ltr'><strong>dedisse</strong></span> <span class='ocrx_word' id='word_1_292' title='bbox 3237 1144 3570 1218; x_wconf 83' lang='lat' dir='ltr'><strong>spiritum3</strong></span> <span class='ocrx_word' id='word_1_293' title='bbox 3630 1139 3713 1201; x_wconf 87' lang='lat' dir='ltr'><strong>de</strong></span> 
     </span>
     <span class='ocr_line' id='line_1_54' title="bbox 2177 1242 4068 1371; baseline -0.001 -52"><span class='ocrx_word' id='word_1_294' title='bbox 2177 1257 2415 1336; x_wconf 87' lang='lat' dir='ltr'><strong>quibus</strong></span> <span class='ocrx_word' id='word_1_295' title='bbox 2470 1255 2637 1319; x_wconf 88' lang='lat' dir='ltr'><strong>infra</strong></span> <span class='ocrx_word' id='word_1_296' title='bbox 2693 1259 2840 1319; x_wconf 78' lang='lat' dir='ltr'><strong>dist.</strong></span> <span class='ocrx_word' id='word_1_297' title='bbox 2905 1260 3192 1334; x_wconf 79' lang='lat' dir='ltr'><strong>sequenti</strong></span> <span class='ocrx_word' id='word_1_298' title='bbox 3256 1262 3477 1335; x_wconf 77' lang='lat' dir='ltr'><strong>quoesc.</strong></span> <span class='ocrx_word' id='word_1_299' title='bbox 3534 1258 3594 1317; x_wconf 83' lang='lat'><strong>4.</strong></span> <span class='ocrx_word' id='word_1_300' title='bbox 3648 1258 3723 1319; x_wconf 89' lang='lat' dir='ltr'><strong>Et</strong></span> <span class='ocrx_word' id='word_1_301' title='bbox 3753 1242 4068 1371; x_wconf 53' lang='lat' dir='ltr'><strong>ffssssgffisssssst</strong></span> 
     </span>
     <span class='ocr_line' id='line_1_55' title="bbox 2178 1371 4024 1483; baseline 0.001 -48"><span class='ocrx_word' id='word_1_302' title='bbox 2178 1373 2473 1453; x_wconf 58' lang='lat' dir='ltr'><strong>quamvis</strong></span> <span class='ocrx_word' id='word_1_303' title='bbox 2520 1371 2686 1435; x_wconf 87' lang='lat' dir='ltr'><strong>forte</strong></span> <span class='ocrx_word' id='word_1_304' title='bbox 2736 1390 2817 1435; x_wconf 85' lang='lat' dir='ltr'><strong>ex</strong></span> <span class='ocrx_word' id='word_1_305' title='bbox 2852 1376 3175 1445; x_wconf 89' lang='lat' dir='ltr'><strong>sententia</strong></span> <span class='ocrx_word' id='word_1_306' title='bbox 3226 1376 3544 1454; x_wconf 90' lang='lat' dir='ltr'><strong>ipsorum,</strong></span> <span class='ocrx_word' id='word_1_307' title='bbox 3590 1390 3723 1436; x_wconf 91' lang='lat' dir='ltr'><strong>non</strong></span> <span class='ocrx_word' id='word_1_308' title='bbox 3827 1386 4024 1483; x_wconf 45' lang='lat' dir='ltr'><strong>&#39;gimo</strong></span> 
     </span>
     <span class='ocr_line' id='line_1_56' title="bbox 2175 1448 3994 1569; baseline 0.001 -17"><span class='ocrx_word' id='word_1_309' title='bbox 2175 1490 2373 1553; x_wconf 88' lang='lat' dir='ltr'><strong>fuerit</strong></span> <span class='ocrx_word' id='word_1_310' title='bbox 2435 1493 2799 1553; x_wconf 88' lang='lat' dir='ltr'><strong>institutum</strong></span> <span class='ocrx_word' id='word_1_311' title='bbox 2859 1497 3012 1554; x_wconf 91' lang='lat' dir='ltr'><strong>ante</strong></span> <span class='ocrx_word' id='word_1_312' title='bbox 3075 1493 3495 1569; x_wconf 90' lang='lat' dir='ltr'><strong>passionem;</strong></span> <span class='ocrx_word' id='word_1_313' title='bbox 3563 1494 3716 1552; x_wconf 90' lang='lat' dir='ltr'><strong>rati·</strong></span> <span class='ocrx_word' id='word_1_314' title='bbox 3793 1448 3994 1561; x_wconf 67' lang='lat' dir='ltr'><strong>pposita.</strong></span> 
     </span>
     <span class='ocr_line' id='line_1_57' title="bbox 2177 1604 3725 1687; baseline 0.001 -21"><span class='ocrx_word' id='word_1_315' title='bbox 2177 1622 2340 1668; x_wconf 89' lang='lat' dir='ltr'><strong>ones</strong></span> <span class='ocrx_word' id='word_1_316' title='bbox 2414 1611 2658 1681; x_wconf 91' lang='lat' dir='ltr'><strong>tamen,</strong></span> <span class='ocrx_word' id='word_1_317' title='bbox 2736 1607 2976 1687; x_wconf 87' lang='lat' dir='ltr'><strong>quibus</strong></span> <span class='ocrx_word' id='word_1_318' title='bbox 3046 1607 3434 1679; x_wconf 90' lang='lat' dir='ltr'><strong>innituntur,</strong></span> <span class='ocrx_word' id='word_1_319' title='bbox 3501 1604 3725 1669; x_wconf 81' lang='lat' dir='ltr'><strong>favent</strong></span> 
     </span>
     <span class='ocr_line' id='line_1_58' title="bbox 2175 1724 3722 1802; baseline -0.001 -19"><span class='ocrx_word' id='word_1_320' title='bbox 2175 1724 2479 1799; x_wconf 80' lang='lat' dir='ltr'><strong>praesenti</strong></span> <span class='ocrx_word' id='word_1_321' title='bbox 2520 1724 2850 1796; x_wconf 90' lang='lat' dir='ltr'><strong>solutioni,</strong></span> <span class='ocrx_word' id='word_1_322' title='bbox 2890 1727 3036 1801; x_wconf 89' lang='lat' dir='ltr'><strong>quia</strong></span> <span class='ocrx_word' id='word_1_323' title='bbox 3083 1739 3327 1802; x_wconf 90' lang='lat' dir='ltr'><strong>nempe</strong></span> <span class='ocrx_word' id='word_1_324' title='bbox 3358 1724 3722 1800; x_wconf 88' lang='lat' dir='ltr'><strong>Baptismus</strong></span> 
     </span>
     <span class='ocr_line' id='line_1_59' title="bbox 2175 1837 3721 1916; baseline 0.001 -16"><span class='ocrx_word' id='word_1_325' title='bbox 2175 1837 2406 1900; x_wconf 90' lang='lat' dir='ltr'><strong>Christi</strong></span> <span class='ocrx_word' id='word_1_326' title='bbox 2439 1854 2476 1899; x_wconf 91' lang='lat' dir='ltr'><strong>a</strong></span> <span class='ocrx_word' id='word_1_327' title='bbox 2502 1839 2833 1916; x_wconf 87' lang='lat' dir='ltr'><strong>passione,</strong></span> <span class='ocrx_word' id='word_1_328' title='bbox 2887 1844 3096 1901; x_wconf 90' lang='lat' dir='ltr'><strong>morte</strong></span> <span class='ocrx_word' id='word_1_329' title='bbox 3131 1844 3197 1901; x_wconf 93' lang='lat' dir='ltr'><strong>et</strong></span> <span class='ocrx_word' id='word_1_330' title='bbox 3235 1839 3721 1901; x_wconf 90' lang='lat' dir='ltr'><strong>resurrectione</strong></span> 
     </span>
     <span class='ocr_line' id='line_1_60' title="bbox 2174 1954 3720 2034; baseline 0.003 -18"><span class='ocrx_word' id='word_1_331' title='bbox 2174 1970 2309 2017; x_wconf 89' lang='lat' dir='ltr'><strong>non</strong></span> <span class='ocrx_word' id='word_1_332' title='bbox 2359 1955 2574 2018; x_wconf 91' lang='lat' dir='ltr'><strong>solum</strong></span> <span class='ocrx_word' id='word_1_333' title='bbox 2623 1955 2931 2034; x_wconf 81' lang='lat' dir='ltr'><strong>praevisiS,</strong></span> <span class='ocrx_word' id='word_1_334' title='bbox 2998 1954 3121 2017; x_wconf 86' lang='lat' dir='ltr'><strong>sed</strong></span> <span class='ocrx_word' id='word_1_335' title='bbox 3180 1956 3408 2033; x_wconf 90' lang='lat' dir='ltr'><strong>positis</strong></span> <span class='ocrx_word' id='word_1_336' title='bbox 3455 1954 3523 2014; x_wconf 92' lang='lat' dir='ltr'><strong>in</strong></span> <span class='ocrx_word' id='word_1_337' title='bbox 3568 1974 3720 2031; x_wconf 85' lang='lat' dir='ltr'><strong>esse,</strong></span> 
     </span>
     <span class='ocr_line' id='line_1_61' title="bbox 2172 2071 3736 2137; baseline 0.003 -4"><span class='ocrx_word' id='word_1_338' title='bbox 2172 2072 2477 2135; x_wconf 90' lang='lat' dir='ltr'><strong>virtutem</strong></span> <span class='ocrx_word' id='word_1_339' title='bbox 2526 2088 2713 2133; x_wconf 90' lang='lat' dir='ltr'><strong>suam</strong></span> <span class='ocrx_word' id='word_1_340' title='bbox 2759 2078 2826 2134; x_wconf 91' lang='lat' dir='ltr'><strong>et</strong></span> <span class='ocrx_word' id='word_1_341' title='bbox 2870 2071 3227 2136; x_wconf 85' lang='lat' dir='ltr'><strong>efficaciam</strong></span> <span class='ocrx_word' id='word_1_342' title='bbox 3270 2073 3634 2135; x_wconf 89' lang='lat' dir='ltr'><strong>mutuabat.</strong></span> <span class='ocrx_word' id='word_1_343' title='bbox 3733 2134 3736 2137; x_wconf 84' lang='lat'>.</span> 
     </span>
    </p>

    <p class='ocr_par' dir='ltr' id='par_1_18' title="bbox 2154 2183 4054 4456">
     <span class='ocr_line' id='line_1_62' title="bbox 2255 2183 4054 2266; baseline 0 -18"><span class='ocrx_word' id='word_1_344' title='bbox 2255 2183 2440 2248; x_wconf 86' lang='lat' dir='ltr'><strong>Unde</strong></span> <span class='ocrx_word' id='word_1_345' title='bbox 2487 2188 2613 2247; x_wconf 88' lang='lat' dir='ltr'><strong>Leo</strong></span> <span class='ocrx_word' id='word_1_346' title='bbox 2659 2185 2832 2264; x_wconf 89' lang='lat' dir='ltr'><strong>Papa</strong></span> <span class='ocrx_word' id='word_1_347' title='bbox 2875 2188 3148 2264; x_wconf 81' lang='lat' dir='ltr'><strong>epistola</strong></span> <span class='ocrx_word' id='word_1_348' title='bbox 3175 2190 3238 2249; x_wconf 84' lang='lat'><strong>4.</strong></span> <span class='ocrx_word' id='word_1_349' title='bbox 3269 2204 3409 2264; x_wconf 82' lang='lat' dir='ltr'><strong>cap.</strong></span> <span class='ocrx_word' id='word_1_350' title='bbox 3449 2191 3506 2249; x_wconf 89' lang='lat'><strong>3.</strong></span> <span class='ocrx_word' id='word_1_351' title='bbox 3545 2192 3720 2266; x_wconf 90' lang='lat' dir='ltr'><strong>post·</strong></span> <span class='ocrx_word' id='word_1_352' title='bbox 3750 2196 3854 2247; x_wconf 83' lang='lat' dir='ltr'><strong>Leo</strong></span> <span class='ocrx_word' id='word_1_353' title='bbox 3892 2198 4054 2265; x_wconf 79' lang='lat' dir='ltr'><strong>Papa.</strong></span> 
     </span>
     <span class='ocr_line' id='line_1_63' title="bbox 2173 2300 3715 2382; baseline 0.004 -20"><span class='ocrx_word' id='word_1_354' title='bbox 2173 2318 2372 2380; x_wconf 91' lang='lat' dir='ltr'><strong>quam</strong></span> <span class='ocrx_word' id='word_1_355' title='bbox 2417 2301 2576 2364; x_wconf 82' lang='lat' dir='ltr'><strong>dixit</strong></span> <span class='ocrx_word' id='word_1_356' title='bbox 2632 2300 2908 2364; x_wconf 86' lang='lat' dir='ltr'><strong>formam</strong></span> <span class='ocrx_word' id='word_1_357' title='bbox 2960 2310 3024 2365; x_wconf 94' lang='lat' dir='ltr'><strong>et</strong></span> <span class='ocrx_word' id='word_1_358' title='bbox 3066 2308 3464 2381; x_wconf 88' lang='lat' dir='ltr'><strong>potestatem</strong></span> <span class='ocrx_word' id='word_1_359' title='bbox 3507 2305 3715 2382; x_wconf 86' lang='lat' dir='ltr'><strong>bapti-</strong></span> 
     </span>
     <span class='ocr_line' id='line_1_64' title="bbox 2170 2416 3716 2500; baseline 0.003 -23"><span class='ocrx_word' id='word_1_360' title='bbox 2170 2416 2359 2478; x_wconf 91' lang='lat' dir='ltr'><strong>zandi</strong></span> <span class='ocrx_word' id='word_1_361' title='bbox 2421 2418 2724 2481; x_wconf 88' lang='lat' dir='ltr'><strong>traditam</strong></span> <span class='ocrx_word' id='word_1_362' title='bbox 2770 2417 2976 2481; x_wconf 87' lang='lat' dir='ltr'><strong>fuisse</strong></span> <span class='ocrx_word' id='word_1_363' title='bbox 3032 2418 3366 2499; x_wconf 90' lang='lat' dir='ltr'><strong>discipulis</strong></span> <span class='ocrx_word' id='word_1_364' title='bbox 3419 2425 3568 2500; x_wconf 92' lang='lat' dir='ltr'><strong>post</strong></span> <span class='ocrx_word' id='word_1_365' title='bbox 3608 2438 3716 2482; x_wconf 86' lang='lat' dir='ltr'><strong>re-</strong></span> 
     </span>
     <span class='ocr_line' id='line_1_65' title="bbox 2168 2534 3719 2613; baseline 0.003 -19"><span class='ocrx_word' id='word_1_366' title='bbox 2168 2534 2675 2608; x_wconf 89' lang='lat' dir='ltr'><strong>surrectionem,</strong></span> <span class='ocrx_word' id='word_1_367' title='bbox 2743 2534 3012 2597; x_wconf 86' lang='lat' dir='ltr'><strong>subdit:</strong></span> <span class='ocrx_word' id='word_1_368' title='bbox 3060 2537 3137 2597; x_wconf 89' lang='lat' dir='ltr'><strong>de</strong></span> <span class='ocrx_word' id='word_1_369' title='bbox 3180 2553 3305 2612; x_wconf 80' lang='lat' dir='ltr'><strong>quo</strong></span> <span class='ocrx_word' id='word_1_370' title='bbox 3349 2538 3570 2613; x_wconf 82' lang='lat' dir='ltr'><strong>ulique</strong></span> <span class='ocrx_word' id='word_1_371' title='bbox 3614 2554 3719 2598; x_wconf 88' lang='lat' dir='ltr'><strong>eos</strong></span> 
     </span>
     <span class='ocr_line' id='line_1_66' title="bbox 2169 2652 3724 2727; baseline 0.002 -18"><span class='ocrx_word' id='word_1_372' title='bbox 2169 2654 2314 2709; x_wconf 78' lang='lat' dir='ltr'><strong>anie</strong></span> <span class='ocrx_word' id='word_1_373' title='bbox 2361 2652 2732 2725; x_wconf 75' lang='lat' dir='ltr'><strong>passionem</strong></span> <span class='ocrx_word' id='word_1_374' title='bbox 2808 2654 3115 2727; x_wconf 75' lang='lat' dir='ltr'><strong>potuisset</strong></span> <span class='ocrx_word' id='word_1_375' title='bbox 3186 2655 3523 2723; x_wconf 78' lang='lat' dir='ltr'><strong>instruere,</strong></span> <span class='ocrx_word' id='word_1_376' title='bbox 3596 2653 3724 2712; x_wconf 81' lang='lat' dir='ltr'><strong>nisi</strong></span> 
     </span>
     <span class='ocr_line' id='line_1_67' title="bbox 2158 2765 3715 2842; baseline 0.005 -21"><span class='ocrx_word' id='word_1_377' title='bbox 2158 2765 2434 2838; x_wconf 82' lang='lat' dir='ltr'><strong>proprie</strong></span> <span class='ocrx_word' id='word_1_378' title='bbox 2503 2766 2804 2826; x_wconf 79' lang='lat' dir='ltr'><strong>voluisset</strong></span> <span class='ocrx_word' id='word_1_379' title='bbox 2869 2766 3148 2842; x_wconf 73' lang='lat' dir='ltr'><strong>intelliyi</strong></span> <span class='ocrx_word' id='word_1_380' title='bbox 3211 2768 3715 2842; x_wconf 73' lang='lat' dir='ltr'><strong>reyenerationis</strong></span> 
     </span>
     <span class='ocr_line' id='line_1_68' title="bbox 2162 2880 3707 2958; baseline 0.003 -20"><span class='ocrx_word' id='word_1_381' title='bbox 2162 2880 2453 2956; x_wconf 74' lang='lat' dir='ltr'><strong>qratiam</strong></span> <span class='ocrx_word' id='word_1_382' title='bbox 2497 2897 2580 2941; x_wconf 76' lang='lat' dir='ltr'><strong>ex</strong></span> <span class='ocrx_word' id='word_1_383' title='bbox 2608 2898 2728 2941; x_wconf 84' lang='lat' dir='ltr'><strong>sua</strong></span> <span class='ocrx_word' id='word_1_384' title='bbox 2757 2884 3228 2943; x_wconf 77' lang='lat' dir='ltr'><strong>resurrectione</strong></span> <span class='ocrx_word' id='word_1_385' title='bbox 3270 2883 3546 2958; x_wconf 70' lang='lat' dir='ltr'><strong>coepisse,</strong></span> <span class='ocrx_word' id='word_1_386' title='bbox 3582 2896 3707 2943; x_wconf 90' lang='lat' dir='ltr'><strong>etc.</strong></span> 
     </span>
     <span class='ocr_line' id='line_1_69' title="bbox 2165 2995 4050 3091; baseline 0.004 -38"><span class='ocrx_word' id='word_1_387' title='bbox 2165 2998 2232 3053; x_wconf 92' lang='lat' dir='ltr'><strong>et</strong></span> <span class='ocrx_word' id='word_1_388' title='bbox 2295 2995 2619 3072; x_wconf 87' lang='lat' dir='ltr'><strong>Rupertus</strong></span> <span class='ocrx_word' id='word_1_389' title='bbox 2684 2995 2990 3056; x_wconf 87' lang='lat' dir='ltr'><strong>eamdem</strong></span> <span class='ocrx_word' id='word_1_390' title='bbox 3047 2998 3370 3058; x_wconf 85' lang='lat' dir='ltr'><strong>rationem</strong></span> <span class='ocrx_word' id='word_1_391' title='bbox 3439 2995 3710 3060; x_wconf 89' lang='lat' dir='ltr'><strong>adducit</strong></span> <span class='ocrx_word' id='word_1_392' title='bbox 3768 3024 4050 3091; x_wconf 72' lang='lat' dir='ltr'><strong>Rupertun.</strong></span> 
     </span>
     <span class='ocr_line' id='line_1_70' title="bbox 2163 3090 4024 3220; baseline 0.005 -49"><span class='ocrx_word' id='word_1_393' title='bbox 2163 3110 2251 3172; x_wconf 87' lang='lat' dir='ltr'><strong>lib</strong></span> <span class='ocrx_word' id='word_1_394' title='bbox 2285 3110 2366 3172; x_wconf 87' lang='lat'><strong>.3.</strong></span> <span class='ocrx_word' id='word_1_395' title='bbox 2419 3114 2486 3172; x_wconf 83' lang='lat' dir='ltr'><strong>in</strong></span> <span class='ocrx_word' id='word_1_396' title='bbox 2512 3113 2704 3173; x_wconf 84' lang='lat' dir='ltr'><strong>Joan.</strong></span> <span class='ocrx_word' id='word_1_397' title='bbox 2739 3111 3134 3191; x_wconf 90' lang='lat' dir='ltr'><strong>Supponunt</strong></span> <span class='ocrx_word' id='word_1_398' title='bbox 3177 3111 3700 3194; x_wconf 78' lang='lat' dir='ltr'><strong>chrysostomuS,</strong></span> <span class='ocrx_word' id='word_1_399' title='bbox 3762 3090 4024 3220; x_wconf 57' lang='lat' dir='ltr'><strong>‘{.}¹„‘,yffy³‡j</strong></span> 
     </span>
     <span class='ocr_line' id='line_1_71' title="bbox 2162 3216 4049 3335; baseline 0.004 -49"><span class='ocrx_word' id='word_1_400' title='bbox 2162 3226 2572 3305; x_wconf 80' lang='lat' dir='ltr'><strong>EuthymiuS,</strong></span> <span class='ocrx_word' id='word_1_401' title='bbox 2646 3228 3173 3309; x_wconf 85' lang='lat' dir='ltr'><strong>Theophylactus</strong></span> <span class='ocrx_word' id='word_1_402' title='bbox 3238 3237 3302 3292; x_wconf 92' lang='lat' dir='ltr'><strong>et</strong></span> <span class='ocrx_word' id='word_1_403' title='bbox 3378 3231 3705 3310; x_wconf 90' lang='lat' dir='ltr'><strong>antiquior</strong></span> <span class='ocrx_word' id='word_1_404' title='bbox 3742 3216 4049 3335; x_wconf 46' lang='grc' dir='ltr'><strong>ξξὲιῖξῖἷζζξι</strong></span> 
     </span>
     <span class='ocr_line' id='line_1_72' title="bbox 2160 3341 3702 3423; baseline 0.006 -22"><span class='ocrx_word' id='word_1_405' title='bbox 2160 3341 2595 3403; x_wconf 89' lang='lat' dir='ltr'><strong>Tertullianus</strong></span> <span class='ocrx_word' id='word_1_406' title='bbox 2629 3344 2734 3403; x_wconf 80' lang='lat' dir='ltr'><strong>lib.</strong></span> <span class='ocrx_word' id='word_1_407' title='bbox 2771 3347 2849 3405; x_wconf 87' lang='lat' dir='ltr'><strong>de</strong></span> <span class='ocrx_word' id='word_1_408' title='bbox 2894 3347 3215 3422; x_wconf 80' lang='lat' dir='ltr'><strong>Baptismo</strong></span> <span class='ocrx_word' id='word_1_409' title='bbox 3257 3363 3403 3423; x_wconf 85' lang='lat' dir='ltr'><strong>cap.</strong></span> <span class='ocrx_word' id='word_1_410' title='bbox 3456 3349 3550 3410; x_wconf 91' lang='lat' dir='ltr'><strong>ll.</strong></span> <span class='ocrx_word' id='word_1_411' title='bbox 3600 3351 3702 3411; x_wconf 92' lang='lat' dir='ltr'><strong>cui</strong></span> 
     </span>
     <span class='ocr_line' id='line_1_73' title="bbox 2160 3455 3710 3538; baseline 0.006 -21"><span class='ocrx_word' id='word_1_412' title='bbox 2160 3455 2383 3519; x_wconf 85' lang='lat' dir='ltr'><strong>favent</strong></span> <span class='ocrx_word' id='word_1_413' title='bbox 2427 3458 2533 3518; x_wconf 88' lang='lat' dir='ltr'><strong>illa</strong></span> <span class='ocrx_word' id='word_1_414' title='bbox 2563 3461 2749 3521; x_wconf 88' lang='lat' dir='ltr'><strong>Joan.</strong></span> <span class='ocrx_word' id='word_1_415' title='bbox 2783 3459 2842 3518; x_wconf 91' lang='lat'><strong>7.</strong></span> <span class='ocrx_word' id='word_1_416' title='bbox 2887 3461 3184 3521; x_wconf 81' lang='lat' dir='ltr'><strong>Nondum</strong></span> <span class='ocrx_word' id='word_1_417' title='bbox 3232 3465 3520 3538; x_wconf 74' lang='lat' dir='ltr'><strong>Spiritus</strong></span> <span class='ocrx_word' id='word_1_418' title='bbox 3568 3471 3710 3527; x_wconf 81' lang='lat' dir='ltr'><strong>erat</strong></span> 
     </span>
     <span class='ocr_line' id='line_1_74' title="bbox 2162 3575 3707 3659; baseline 0.005 -23"><span class='ocrx_word' id='word_1_419' title='bbox 2162 3577 2379 3648; x_wconf 79' lang='lat' dir='ltr'><strong>datus,</strong></span> <span class='ocrx_word' id='word_1_420' title='bbox 2412 3575 2571 3652; x_wconf 79' lang='lat' dir='ltr'><strong>quia</strong></span> <span class='ocrx_word' id='word_1_421' title='bbox 2595 3579 2778 3636; x_wconf 71' lang='lat' dir='ltr'><strong>lesus</strong></span> <span class='ocrx_word' id='word_1_422' title='bbox 2804 3579 3084 3639; x_wconf 82' lang='lat' dir='ltr'><strong>nondum</strong></span> <span class='ocrx_word' id='word_1_423' title='bbox 3113 3585 3248 3638; x_wconf 67' lang='lat' dir='ltr'><strong>erat</strong></span> <span class='ocrx_word' id='word_1_424' title='bbox 3277 3579 3707 3659; x_wconf 73' lang='lat' dir='ltr'><strong>qlorc&#39;sicatus,·</strong></span> 
     </span>
     <span class='ocr_line' id='line_1_75' title="bbox 2161 3688 3708 3776; baseline 0.005 -24"><span class='ocrx_word' id='word_1_425' title='bbox 2161 3688 2283 3752; x_wconf 91' lang='lat' dir='ltr'><strong>sed</strong></span> <span class='ocrx_word' id='word_1_426' title='bbox 2327 3691 2538 3769; x_wconf 86' lang='lat' dir='ltr'><strong>magis</strong></span> <span class='ocrx_word' id='word_1_427' title='bbox 2582 3690 2728 3751; x_wconf 89' lang='lat' dir='ltr'><strong>loca</strong></span> <span class='ocrx_word' id='word_1_428' title='bbox 2757 3692 2954 3760; x_wconf 90' lang='lat' dir='ltr'><strong>Pauli,</strong></span> <span class='ocrx_word' id='word_1_429' title='bbox 3021 3709 3164 3770; x_wconf 82' lang='lat' dir='ltr'><strong>quae</strong></span> <span class='ocrx_word' id='word_1_430' title='bbox 3210 3693 3436 3757; x_wconf 86' lang='lat' dir='ltr'><strong>dicunt</strong></span> <span class='ocrx_word' id='word_1_431' title='bbox 3491 3697 3708 3776; x_wconf 83' lang='lat' dir='ltr'><strong>bapti·</strong></span> 
     </span>
     <span class='ocr_line' id='line_1_76' title="bbox 2164 3806 3706 3877; baseline 0.008 -12"><span class='ocrx_word' id='word_1_432' title='bbox 2164 3806 2290 3866; x_wconf 90' lang='lat' dir='ltr'><strong>zari</strong></span> <span class='ocrx_word' id='word_1_433' title='bbox 2322 3822 2442 3866; x_wconf 92' lang='lat' dir='ltr'><strong>nos</strong></span> <span class='ocrx_word' id='word_1_434' title='bbox 2486 3809 2550 3866; x_wconf 91' lang='lat' dir='ltr'><strong>in</strong></span> <span class='ocrx_word' id='word_1_435' title='bbox 2581 3811 2861 3869; x_wconf 90' lang='lat' dir='ltr'><strong>mortem</strong></span> <span class='ocrx_word' id='word_1_436' title='bbox 2913 3806 3144 3870; x_wconf 88' lang='lat' dir='ltr'><strong>Christi</strong></span> <span class='ocrx_word' id='word_1_437' title='bbox 3173 3813 3262 3873; x_wconf 81' lang='lat' dir='ltr'><strong>ad</strong></span> <span class='ocrx_word' id='word_1_438' title='bbox 3304 3813 3624 3876; x_wconf 82' lang='lat' dir='ltr'><strong>Romanos</strong></span> <span class='ocrx_word' id='word_1_439' title='bbox 3645 3815 3706 3877; x_wconf 83' lang='lat'><strong>6.</strong></span> 
     </span>
     <span class='ocr_line' id='line_1_77' title="bbox 2165 3921 3712 3999; baseline 0.006 -16"><span class='ocrx_word' id='word_1_440' title='bbox 2165 3925 2232 3983; x_wconf 92' lang='lat' dir='ltr'><strong>et</strong></span> <span class='ocrx_word' id='word_1_441' title='bbox 2255 3921 2434 3983; x_wconf 90' lang='lat' dir='ltr'><strong>alias.</strong></span> <span class='ocrx_word' id='word_1_442' title='bbox 2472 3923 2659 3995; x_wconf 90' lang='lat' dir='ltr'><strong>ltem,</strong></span> <span class='ocrx_word' id='word_1_443' title='bbox 2694 3922 2777 3985; x_wconf 91' lang='lat' dir='ltr'><strong>ad</strong></span> <span class='ocrx_word' id='word_1_444' title='bbox 2827 3925 3153 3987; x_wconf 88' lang='lat' dir='ltr'><strong>Romanos</strong></span> <span class='ocrx_word' id='word_1_445' title='bbox 3188 3926 3246 3987; x_wconf 88' lang='grc'><strong>4.</strong></span> <span class='ocrx_word' id='word_1_446' title='bbox 3283 3930 3409 3999; x_wconf 82' lang='lat' dir='ltr'><strong>Qui</strong></span> <span class='ocrx_word' id='word_1_447' title='bbox 3431 3932 3712 3993; x_wconf 80' lang='lat' dir='ltr'><strong>traditus</strong></span> 
     </span>
     <span class='ocr_line' id='line_1_78' title="bbox 2163 4040 3708 4117; baseline 0.006 -16"><span class='ocrx_word' id='word_1_448' title='bbox 2163 4044 2251 4101; x_wconf 78' lang='lat' dir='ltr'><strong>est</strong></span> <span class='ocrx_word' id='word_1_449' title='bbox 2300 4047 2570 4117; x_wconf 80' lang='lat' dir='ltr'><strong>propter</strong></span> <span class='ocrx_word' id='word_1_450' title='bbox 2634 4040 2868 4103; x_wconf 78' lang='lat' dir='ltr'><strong>delicia</strong></span> <span class='ocrx_word' id='word_1_451' title='bbox 2923 4047 3166 4113; x_wconf 77' lang='lat' dir='ltr'><strong>nostra,</strong></span> <span class='ocrx_word' id='word_1_452' title='bbox 3229 4049 3286 4105; x_wconf 80' lang='lat' dir='ltr'><strong>et</strong></span> <span class='ocrx_word' id='word_1_453' title='bbox 3342 4049 3708 4110; x_wconf 66' lang='lat' dir='ltr'><strong>resurr-eati!</strong></span> 
     </span>
     <span class='ocr_line' id='line_1_79' title="bbox 2154 4157 3703 4242; baseline 0.006 -27"><span class='ocrx_word' id='word_1_454' title='bbox 2154 4161 2424 4233; x_wconf 81' lang='lat' dir='ltr'><strong>propter</strong></span> <span class='ocrx_word' id='word_1_455' title='bbox 2452 4157 2987 4233; x_wconf 74' lang='lat' dir='ltr'><strong>justificationem</strong></span> <span class='ocrx_word' id='word_1_456' title='bbox 3036 4165 3331 4233; x_wconf 76' lang='lat' dir='ltr'><strong>nostram,</strong></span> <span class='ocrx_word' id='word_1_457' title='bbox 3382 4167 3507 4223; x_wconf 90' lang='lat' dir='ltr'><strong>etc.</strong></span> <span class='ocrx_word' id='word_1_458' title='bbox 3557 4166 3703 4242; x_wconf 86' lang='lat' dir='ltr'><strong>qui-</strong></span> 
     </span>
     <span class='ocr_line' id='line_1_80' title="bbox 2162 4272 3707 4362; baseline 0.007 -29"><span class='ocrx_word' id='word_1_459' title='bbox 2162 4273 2287 4334; x_wconf 92' lang='lat' dir='ltr'><strong>bus</strong></span> <span class='ocrx_word' id='word_1_460' title='bbox 2331 4272 2700 4335; x_wconf 88' lang='lat' dir='ltr'><strong>ostenditur</strong></span> <span class='ocrx_word' id='word_1_461' title='bbox 2744 4274 3190 4352; x_wconf 90' lang='lat' dir='ltr'><strong>dependentia</strong></span> <span class='ocrx_word' id='word_1_462' title='bbox 3223 4276 3707 4362; x_wconf 74' lang='lat' dir='ltr'><strong>justificationis</strong></span> 
     </span>
     <span class='ocr_line' id='line_1_81' title="bbox 2161 4393 3354 4456; baseline 0.005 -6"><span class='ocrx_word' id='word_1_463' title='bbox 2161 4394 2399 4451; x_wconf 80' lang='lat' dir='ltr'><strong>nostrae</strong></span> <span class='ocrx_word' id='word_1_464' title='bbox 2428 4406 2460 4451; x_wconf 96' lang='lat' dir='ltr'><strong>a</strong></span> <span class='ocrx_word' id='word_1_465' title='bbox 2497 4393 2705 4453; x_wconf 90' lang='lat' dir='ltr'><strong>morte</strong></span> <span class='ocrx_word' id='word_1_466' title='bbox 2752 4396 2817 4452; x_wconf 93' lang='lat' dir='ltr'><strong>et</strong></span> <span class='ocrx_word' id='word_1_467' title='bbox 2847 4393 3354 4456; x_wconf 89' lang='lat' dir='ltr'><strong>resurrectione.</strong></span> 
     </span>
    </p>

    <p class='ocr_par' dir='ltr' id='par_1_19' title="bbox 2152 4504 4045 5516">
     <span class='ocr_line' id='line_1_82' title="bbox 2245 4504 3708 4590; baseline 0.006 -25"><span class='ocrx_word' id='word_1_468' title='bbox 2245 4504 2552 4579; x_wconf 90' lang='lat' dir='ltr'><strong>Quamvis</strong></span> <span class='ocrx_word' id='word_1_469' title='bbox 2582 4521 2739 4584; x_wconf 86' lang='lat' dir='ltr'><strong>ergo</strong></span> <span class='ocrx_word' id='word_1_470' title='bbox 2776 4510 3076 4570; x_wconf 90' lang='lat' dir='ltr'><strong>teneatur</strong></span> <span class='ocrx_word' id='word_1_471' title='bbox 3117 4511 3444 4574; x_wconf 90' lang='lat' dir='ltr'><strong>sententia</strong></span> <span class='ocrx_word' id='word_1_472' title='bbox 3495 4528 3708 4590; x_wconf 93' lang='lat' dir='ltr'><strong>oppo-</strong></span> 
     </span>
     <span class='ocr_line' id='line_1_83' title="bbox 2160 4621 3706 4706; baseline 0.008 -27"><span class='ocrx_word' id='word_1_473' title='bbox 2160 4621 2282 4680; x_wconf 90' lang='lat' dir='ltr'><strong>sita</strong></span> <span class='ocrx_word' id='word_1_474' title='bbox 2323 4625 2389 4680; x_wconf 91' lang='lat' dir='ltr'><strong>et</strong></span> <span class='ocrx_word' id='word_1_475' title='bbox 2435 4622 2797 4684; x_wconf 91' lang='lat' dir='ltr'><strong>communis</strong></span> <span class='ocrx_word' id='word_1_476' title='bbox 2841 4622 2925 4684; x_wconf 92' lang='lat' dir='ltr'><strong>de</strong></span> <span class='ocrx_word' id='word_1_477' title='bbox 2955 4624 3365 4688; x_wconf 87' lang='lat' dir='ltr'><strong>institutione</strong></span> <span class='ocrx_word' id='word_1_478' title='bbox 3397 4628 3706 4706; x_wconf 78' lang='lat' dir='ltr'><strong>Baptisnii</strong></span> 
     </span>
     <span class='ocr_line' id='line_1_84' title="bbox 2159 4736 3706 4820; baseline 0.008 -24"><span class='ocrx_word' id='word_1_479' title='bbox 2159 4741 2313 4797; x_wconf 91' lang='lat' dir='ltr'><strong>ante</strong></span> <span class='ocrx_word' id='word_1_480' title='bbox 2361 4736 2760 4814; x_wconf 91' lang='lat' dir='ltr'><strong>passionem,</strong></span> <span class='ocrx_word' id='word_1_481' title='bbox 2811 4740 3117 4802; x_wconf 90' lang='lat' dir='ltr'><strong>sustineri</strong></span> <span class='ocrx_word' id='word_1_482' title='bbox 3149 4742 3348 4804; x_wconf 91' lang='lat' dir='ltr'><strong>etiam</strong></span> <span class='ocrx_word' id='word_1_483' title='bbox 3388 4750 3610 4820; x_wconf 92' lang='lat' dir='ltr'><strong>potest</strong></span> <span class='ocrx_word' id='word_1_484' title='bbox 3639 4752 3706 4810; x_wconf 89' lang='lat' dir='ltr'><strong>et</strong></span> 
     </span>
     <span class='ocr_line' id='line_1_85' title="bbox 2156 4854 3701 4939; baseline 0.006 -27"><span class='ocrx_word' id='word_1_485' title='bbox 2156 4855 2318 4915; x_wconf 91' lang='lat' dir='ltr'><strong>ratio</strong></span> <span class='ocrx_word' id='word_1_486' title='bbox 2366 4854 2598 4930; x_wconf 90' lang='lat' dir='ltr'><strong>prioris</strong></span> <span class='ocrx_word' id='word_1_487' title='bbox 2627 4859 2969 4921; x_wconf 72' lang='lat' dir='ltr'><strong>sententia&gt;</strong></span> <span class='ocrx_word' id='word_1_488' title='bbox 2990 4859 3133 4939; x_wconf 87' lang='lat' dir='ltr'><strong>jam</strong></span> <span class='ocrx_word' id='word_1_489' title='bbox 3163 4863 3505 4937; x_wconf 85' lang='lat' dir='ltr'><strong>praemissa</strong></span> <span class='ocrx_word' id='word_1_490' title='bbox 3553 4878 3701 4923; x_wconf 90' lang='lat' dir='ltr'><strong>cum</strong></span> 
     </span>
     <span class='ocr_line' id='line_1_86' title="bbox 2155 4967 4033 5088; baseline 0.007 -60"><span class='ocrx_word' id='word_1_491' title='bbox 2155 4967 2259 5030; x_wconf 89' lang='lat' dir='ltr'><strong>illa</strong></span> <span class='ocrx_word' id='word_1_492' title='bbox 2316 4968 2725 5045; x_wconf 91' lang='lat' dir='ltr'><strong>limitatione,</strong></span> <span class='ocrx_word' id='word_1_493' title='bbox 2784 4979 2855 5035; x_wconf 90' lang='lat' dir='ltr'><strong>ut</strong></span> <span class='ocrx_word' id='word_1_494' title='bbox 2914 4978 3124 5056; x_wconf 89' lang='lat' dir='ltr'><strong>gratia</strong></span> <span class='ocrx_word' id='word_1_495' title='bbox 3186 4977 3443 5054; x_wconf 88' lang='lat' dir='ltr'><strong>quidem</strong></span> <span class='ocrx_word' id='word_1_496' title='bbox 3501 4976 3696 5040; x_wconf 84' lang='lat' dir='ltr'><strong>fuerit</strong></span> <span class='ocrx_word' id='word_1_497' title='bbox 3747 4978 4033 5088; x_wconf 49' lang='lat' dir='ltr'><strong>{lipom-aiio</strong></span> 
     </span>
     <span class='ocr_line' id='line_1_87' title="bbox 2152 5048 4003 5169; baseline 0.004 -23"><span class='ocrx_word' id='word_1_498' title='bbox 2152 5102 2420 5164; x_wconf 90' lang='lat' dir='ltr'><strong>semper</strong></span> <span class='ocrx_word' id='word_1_499' title='bbox 2450 5084 2597 5149; x_wconf 89' lang='lat' dir='ltr'><strong>data</strong></span> <span class='ocrx_word' id='word_1_500' title='bbox 2630 5105 2750 5166; x_wconf 93' lang='lat' dir='ltr'><strong>per</strong></span> <span class='ocrx_word' id='word_1_501' title='bbox 2797 5091 3199 5169; x_wconf 90' lang='lat' dir='ltr'><strong>Baptismum</strong></span> <span class='ocrx_word' id='word_1_502' title='bbox 3229 5110 3265 5156; x_wconf 92' lang='lat' dir='ltr'><strong>a</strong></span> <span class='ocrx_word' id='word_1_503' title='bbox 3298 5095 3396 5155; x_wconf 83' lang='lat' dir='ltr'><strong>sui</strong></span> <span class='ocrx_word' id='word_1_504' title='bbox 3443 5095 3693 5158; x_wconf 88' lang='lat' dir='ltr'><strong>institu-</strong></span> <span class='ocrx_word' id='word_1_505' title='bbox 3787 5048 4003 5153; x_wconf 54' lang='lat' dir='ltr'><strong>ictgfium</strong></span> 
     </span>
     <span class='ocr_line' id='line_1_88' title="bbox 2155 5165 4045 5288; baseline 0.006 -26"><span class='ocrx_word' id='word_1_506' title='bbox 2155 5201 2354 5271; x_wconf 89' lang='lat' dir='ltr'><strong>tione,</strong></span> <span class='ocrx_word' id='word_1_507' title='bbox 2429 5202 2551 5264; x_wconf 91' lang='lat' dir='ltr'><strong>sed</strong></span> <span class='ocrx_word' id='word_1_508' title='bbox 2614 5209 2766 5266; x_wconf 90' lang='lat' dir='ltr'><strong>ante</strong></span> <span class='ocrx_word' id='word_1_509' title='bbox 2825 5205 3197 5283; x_wconf 87' lang='lat' dir='ltr'><strong>passionem</strong></span> <span class='ocrx_word' id='word_1_510' title='bbox 3260 5215 3532 5288; x_wconf 90' lang='lat' dir='ltr'><strong>propter</strong></span> <span class='ocrx_word' id='word_1_511' title='bbox 3576 5208 3697 5272; x_wconf 91' lang='lat' dir='ltr'><strong>de·</strong></span> <span class='ocrx_word' id='word_1_512' title='bbox 3725 5165 4045 5223; x_wconf 52' lang='lat' dir='ltr'><strong>mmmmm·</strong></span> 
     </span>
     <span class='ocr_line' id='line_1_89' title="bbox 2152 5316 3698 5404; baseline 0.006 -24"><span class='ocrx_word' id='word_1_513' title='bbox 2152 5316 2577 5396; x_wconf 91' lang='lat' dir='ltr'><strong>pendentiam</strong></span> <span class='ocrx_word' id='word_1_514' title='bbox 2635 5320 2716 5381; x_wconf 92' lang='lat' dir='ltr'><strong>ab</strong></span> <span class='ocrx_word' id='word_1_515' title='bbox 2763 5320 2925 5401; x_wconf 89' lang='lat' dir='ltr'><strong>ipsa,</strong></span> <span class='ocrx_word' id='word_1_516' title='bbox 2972 5329 3048 5384; x_wconf 89' lang='lat' dir='ltr'><strong>ut</strong></span> <span class='ocrx_word' id='word_1_517' title='bbox 3114 5341 3309 5386; x_wconf 88' lang='lat' dir='ltr'><strong>causa</strong></span> <span class='ocrx_word' id='word_1_518' title='bbox 3370 5328 3582 5404; x_wconf 90' lang='lat' dir='ltr'><strong>posita</strong></span> <span class='ocrx_word' id='word_1_519' title='bbox 3633 5328 3698 5389; x_wconf 92' lang='lat' dir='ltr'><strong>in</strong></span> 
     </span>
     <span class='ocr_line' id='line_1_90' title="bbox 2156 5434 3699 5516; baseline 0.006 -22"><span class='ocrx_word' id='word_1_520' title='bbox 2156 5434 2420 5511; x_wconf 80' lang='lat' dir='ltr'><strong>effectu,</strong></span> <span class='ocrx_word' id='word_1_521' title='bbox 2470 5451 2601 5499; x_wconf 91' lang='lat' dir='ltr'><strong>non</strong></span> <span class='ocrx_word' id='word_1_522' title='bbox 2644 5434 2849 5499; x_wconf 88' lang='lat' dir='ltr'><strong>fuisse</strong></span> <span class='ocrx_word' id='word_1_523' title='bbox 2909 5442 3034 5500; x_wconf 90' lang='lat' dir='ltr'><strong>tam</strong></span> <span class='ocrx_word' id='word_1_524' title='bbox 3097 5440 3574 5516; x_wconf 89' lang='lat' dir='ltr'><strong>abundantem,</strong></span> <span class='ocrx_word' id='word_1_525' title='bbox 3623 5459 3699 5505; x_wconf 92' lang='lat' dir='ltr'><strong>ac</strong></span> 
     </span>
    </p>
   </div>
   <div class='ocr_carea' id='block_1_16' title="bbox 2159 5548 3699 5642">
    <p class='ocr_par' dir='ltr' id='par_1_20' title="bbox 2159 5548 3699 5642">
     <span class='ocr_line' id='line_1_91' title="bbox 2159 5548 3699 5642; baseline 0.008 -30"><span class='ocrx_word' id='word_1_526' title='bbox 2159 5548 2357 5616; x_wconf 81' lang='lat' dir='ltr'><strong>fuerit</strong></span> <span class='ocrx_word' id='word_1_527' title='bbox 2410 5551 2764 5633; x_wconf 87' lang='lat' dir='ltr'><strong>adimpleta</strong></span> <span class='ocrx_word' id='word_1_528' title='bbox 2824 5569 3044 5630; x_wconf 85' lang='lat' dir='ltr'><strong>causa,</strong></span> <span class='ocrx_word' id='word_1_529' title='bbox 3089 5572 3332 5642; x_wconf 87' lang='lat' dir='ltr'><strong>nempe</strong></span> <span class='ocrx_word' id='word_1_530' title='bbox 3390 5563 3699 5638; x_wconf 91' lang='lat' dir='ltr'><strong>passione</strong></span> 
     </span>
    </p>
   </div>
  </div>
 </body>
</html>
