4287 6313
1658 387 1855 450 DlST.
1903 385 1949 448 Ι.
1984 385 2344 462 QUAESTIQ
2391 390 2508 452 vl,

488 561 597 621 tus
631 554 962 638 sacrificii
1000 553 1179 641 quod
1220 554 1488 641 profuit
1527 551 1800 633 adultis,
1847 574 2040 640 quam

495 671 818 738 habebant
847 691 925 737 ex
956 670 1367 738 institutione
1384 680 1446 738 et
1475 669 1915 758 acceptatione
1953 669 2045 736 di-

498 809 675 855 vina.

3584 383 3704 447 235

2150 552 2340 620 aliam
2391 553 2887 621 instructionem
2919 565 3030 622 aut
3059 552 3469 621 traditionem
3503 549 3685 618 surfi-
3751 579 3973 654 ,Neque

2149 671 2396 738 cienter
2456 671 2753 759 regulare
2837 683 3158 751 naturam,
3244 671 3308 736 in
3386 669 3468 735 iis
3540 689 3689 757 quae
3749 645 4035 770 ¹ssssi22ffi2¹⁸

2150 798 2334 853 erant
2373 787 2623 854 ordinis
2663 786 3201 874 supernaturaliS,
3240 797 3309 853 ut
3340 784 3694 873 experien-
3726 764 4030 821 sufficiebat.

277 906 309 954 ⁴
585 903 765 983 Quod
825 915 1041 972 autem
1111 904 1376 993 quidam
1437 905 1716 971 referant
1778 903 2041 971 electio·
2147 903 2235 969 tia
2293 915 2571 985 constat,
2623 903 2702 970 de
2745 903 2929 990 lapsu
2963 904 3300 970 hominum
3344 903 3520 971 illius
3565 916 3695 971 sta-

179 943 439 1018 Sacrificia

224 1031 396 1080 oblata
497 1042 647 1088 nem
707 1030 770 1087 et
811 1020 1203 1086 oblationem
1242 1018 1736 1102 sacrificiorum,
1784 1041 2040 1087 eorum·
2076 1068 2083 1073 -

159 1110 472 1207 instififtione
496 1159 622 1226 que
688 1135 1207 1223 designationem
1257 1136 1336 1202 ad
1404 1136 1781 1203 instinctum
1844 1137 2040 1224 inter-

211 1219 404 1269 dimna.
494 1272 648 1319 num
688 1254 1033 1341 cujusque,
1069 1252 1172 1318 vel
1215 1252 1291 1318 ad
1336 1253 1543 1339 ipsius
1578 1254 1885 1321 Ecclesiae
1929 1256 2044 1321 de-

494 1367 1020 1435 terminationem
1077 1390 1193 1455 pro
1252 1368 1363 1434 illo
1422 1380 1618 1448 statu,
1690 1390 1821 1435 non
1873 1382 2046 1437 recte

489 1484 749 1551 videtur
806 1484 1175 1565 fundatum,
1228 1486 1379 1572 quia
1420 1486 1486 1551 in
1538 1507 1614 1552 eo
1656 1496 1825 1552 statu
1877 1487 2047 1554 sicut

492 1599 655 1667 fides
695 1612 756 1667 et
787 1601 1078 1689 cognitio
1126 1602 1237 1668 Dei
1284 1602 1404 1669 fuit
1444 1602 1662 1670 minus
1703 1603 2030 1690 explicita,

494 1716 582 1782 ita
652 1737 779 1783 non
838 1717 1222 1804 expediebat
1279 1719 1577 1786 homines
1632 1721 2040 1787 committere

495 1834 817 1921 sibiipsis,
892 1835 956 1901 in
1022 1834 1102 1902 iis
1160 1835 1599 1922 potissimum,
1656 1859 1804 1925 quae
1861 1851 2047 1905 erant

497 1951 864 2018 necessaria
903 1950 981 2018 ad
1034 1951 1336 2033 salutem,
1397 1964 1460 2020 et
1500 1964 1570 2020 ut
1620 1954 1740 2020 rite
1783 1954 2039 2037 fierent,

193 2036 439 2149 ῑωίξῑῖζῃο
495 2067 918 2154 supponenda
977 2078 1112 2133 erat
1161 2068 1271 2135 Dei
1321 2070 1676 2156 acceptatio
1735 2082 1798 2137 et
1855 2070 2042 2137 insti-

196 2161 435 2276 ,Ξξξῑιῖξο
493 2183 657 2250 tutio
710 2184 899 2270 juxta
938 2183 1260 2251 rationem
1311 2186 1627 2266 Doctoris‚
1693 2207 1841 2274 quae
1908 2206 2038 2252 non

164 2286 458 2340 maaria.
495 2299 704 2387 potuit
754 2299 963 2380 aliter,
1029 2320 1221 2389 quam
1284 2321 1398 2387 per
1455 2302 1916 2368 revelationem
1977 2316 2041 2372 et

493 2416 973 2484 institutionem
1016 2417 1241 2485 haberi
1270 2441 1285 2499 ;
1319 2419 1530 2507 magis
1587 2441 1744 2507 ergo
1785 2421 2039 2507 pericu·

493 2533 630 2601 lum
676 2533 921 2601 erroris
961 2534 1081 2602 ruit
1112 2535 1178 2601 in
1229 2557 1304 2601 eo
1344 2545 1544 2618 statu,
1596 2548 1909 2625 quantum
1961 2539 2039 2605 ad

497 2650 662 2731 haec,
737 2650 881 2717 sine
943 2650 1342 2718 revelatione
1398 2651 1644 2735 divina,
1709 2676 1904 2744 quam
1975 2655 2043 2722 in

494 2764 641 2833 aliis
681 2766 1111 2853 sequentibus
1196 2767 1498 2850 statibuS,
1552 2769 1616 2836 in
1661 2772 1900 2860 quibus
1936 2793 2041 2838 co-

492 2882 703 2972 gnitio
739 2882 1038 2950 veritatis
1069 2884 1300 2951 crevit.

174 2984 438 3107 imizam
484 3041 494 3048 -
586 2997 768 3075 Quod
800 2999 855 3065 si
890 2998 995 3065 ille
1048 3000 1397 3068 instinctus
1444 3015 1581 3068 erat
1631 3004 2034 3089 naturaliter,

192 3120 430 3228 mgggalis
488 3128 747 3185 certum
790 3127 891 3185 est
922 3138 1050 3185 non
1091 3119 1383 3206 potuisse
1421 3141 1501 3188 ex
1543 3120 1651 3188 illo
1693 3122 2039 3213 principie,

153 3241 433 3297 sufficiehat.
490 3233 750 3301 lumine
783 3244 1033 3303 naturae
1063 3235 1350 3323 cognit0,
1386 3248 1534 3324 post
1582 3238 1836 3326 lapsum
1877 3240 2047 3308 circa

2150 1030 2254 1088 tus
2288 1020 2354 1085 in
2406 1019 2835 1086 idololatriam
2888 1029 2952 1087 et
2998 1019 3178 1086 vitia.
3241 1019 3421 1096 Quod
3473 1021 3526 1086 si
3560 1030 3699 1088 erat

2149 1135 2440 1214 divinuS,
2485 1124 2634 1201 *non
2668 1134 3073 1202 sufficienter
3111 1134 3304 1200 etiam
3364 1134 3695 1221 regularet

2154 1252 2536 1332 Ecclesiam,
2588 1273 2736 1341 quae
2786 1250 2913 1319 fide
2965 1262 3029 1318 et
3086 1251 3262 1317 cultu
3317 1250 3587 1332 visibili,
3639 1261 3703 1317 et

2155 1369 2512 1437 universali
2571 1368 2742 1435 uniri
2801 1366 3047 1447 debuit,
3126 1367 3278 1455 quia
3340 1366 3689 1434 instinctus

2157 1487 2566 1576 particularis
2633 1487 2710 1553 ad
2788 1487 2931 1553 haec
3000 1507 3128 1552 non
3187 1484 3451 1564 sufficit,
3490 1506 3700 1572 neque

2159 1613 2371 1692 potest
2402 1603 2806 1670 sufficienter
2838 1602 3147 1682 discerni,
3189 1601 3242 1667 si
3285 1602 3369 1667 sit
3399 1621 3692 1679 securuS,

2156 1719 2280 1785 nisi
2340 1741 2420 1785 ex
2480 1719 2725 1805 regulis
2783 1718 2978 1785 certis
3076 1728 3141 1784 et
3208 1714 3697 1784 universalibus

2157 1834 2308 1901 fidei
2340 1835 2696 1922 reguletur.

2242 1958 2481 2020 Verum
2541 1951 2620 2019 de
2679 1962 2849 2018 statu
2881 1949 3050 2038 legis
3115 1960 3367 2016 naturae
3405 1970 3536 2015 non
3601 1959 3701 2016 est

2153 2070 2351 2158 hujus
2383 2069 2503 2135 loci
2526 2068 2874 2146 disserere,
2913 2066 3074 2133 alias
3096 2078 3313 2133 autem
3340 2066 3486 2132 data
3517 2086 3697 2131 occa·

2151 2186 2334 2253 sione
2367 2186 2426 2252 id
2481 2186 2610 2253 fiet.
2663 2185 2799 2251 Alia
2850 2185 3033 2272 plura
3068 2185 3175 2251 hic
3214 2181 3537 2271 disputari
3596 2203 3696 2249 so-

2155 2302 2288 2370 lent
2326 2303 2405 2370 de
2436 2300 2872 2369 Sacramentis
2905 2301 2971 2367 in
3017 2321 3284 2388 genere,
3331 2320 3477 2386 quae
3537 2299 3702 2365 infra

2158 2422 2237 2487 de
2268 2420 2551 2509 singulis
2590 2421 2653 2486 in
2689 2420 2908 2507 specie
2939 2430 3329 2507 tangentur;
3366 2418 3474 2485 hic
3523 2418 3698 2485 enim

2156 2536 2369 2624 legem
2412 2536 2765 2603 commenti
2817 2537 3181 2624 sequimur,
3241 2546 3436 2620 prout
3478 2546 3698 2601 textus

2157 2653 2448 2721 Doctoris
2497 2651 3023 2721 subministravit
3055 2650 3413 2729 materiam,
3478 2670 3700 2738 quam-

2160 2770 2262 2837 vis
2331 2764 2515 2857 plura
2590 2769 2953 2835 incidenter
3013 2766 3185 2832 illata
3253 2787 3331 2832 ex
3398 2765 3694 2832 consulto

2162 2888 2498 2975 praeterire
2584 2885 2797 2965 libuit,
2862 2905 2945 2951 ne
3020 2884 3427 2950 occasionem
3490 2881 3700 2969 magis

2160 3025 2479 3093 quaerere,
2518 3023 2710 3091 quam
2763 3011 3012 3070 rectum
3057 3020 3322 3067 cursum
3384 2998 3570 3087 sequi
3603 2997 3699 3063 vi-

2155 3121 2487 3190 deremur.
2525 3119 2720 3187 Plura
2766 3117 2847 3185 de
2878 3116 3316 3185 Sacramentis
3358 3137 3547 3183 novae
3607 3116 3697 3183 le-

2157 3240 2263 3328 gis
2297 3240 2361 3306 in
2419 3258 2660 3327 genere
2721 3231 2787 3302 iri
2833 3235 3132 3323 sequenti
3168 3233 3688 3321 explicabuntur.
