4287 6313
286 3202 361 3254 16.

1645 331 1843 393 DlST.
1891 329 1991 391 v1.
2025 329 2385 404 QUAESTIO
2434 328 2539 388 IX.
3588 322 3708 383 605

578 495 937 567 Istarum
996 493 1722 584 congruentiarum
1777 491 2028 564 tertia
2140 494 2316 562 tum
2369 495 2493 563 cst
2550 489 2688 569 sic,
2737 491 2942 582 quod
2987 511 3145 560 non
3189 488 3295 560 sit
3347 504 3681 562 vanumz

483 615 607 684 est
678 610 938 701 magis
1023 608 1565 689 rationabilis,
1653 609 1838 700 quia
1906 611 2031 680 est

480 727 729 801 etiam
789 726 1168 819 specialis
1218 727 1308 798 de
1359 726 1810 818 Baptismo,
1858 724 2031 795 duae

482 844 664 918 aliae
707 843 958 917 talem
1010 843 1303 916 habent
1337 839 2026 936 probabilitatem,

484 962 690 1053 quod
759 960 826 1033 si
916 965 1263 1053 ponetur
1358 961 1813 1041 character,
1888 958 2033 1032 tali

487 1077 717 1149 modo
779 1082 1156 1170 ponetur,
1236 1076 1555 1170 qualem
1617 1075 1776 1178 illae
1848 1093 2033 1146 con-

487 1195 886 1285 gruentiae
922 1198 1297 1286 tangunt.
1348 1196 1552 1267 Puta
1596 1192 2036 1266 secundum

489 1311 843 1403 primam
882 1312 1218 1405 ponitur
1257 1309 1683 1404 dispositio
1728 1309 1822 1381 ad
1855 1326 2035 1398 gra-

486 1428 711 1501 tiam.
768 1429 1478 1502 Rationabileest
1547 1425 1761 1499 enim
1833 1423 2034 1515 quod

490 1549 800 1640 quando
862 1548 959 1619 ab
1020 1548 1298 1620 eodem
1355 1547 1643 1637 agente
1704 1562 2037 1616 causan-

485 1668 623 1736 tur
672 1664 753 1734 in
807 1663 1086 1735 eodem
1137 1662 1499 1752 subjecto
1540 1663 1711 1733 duae
1746 1656 2038 1731 formae

489 1779 910 1861 ordinatae,
978 1778 1127 1851 hoc
1198 1782 1346 1861 est,
1401 1796 1561 1849 non
1612 1797 1708 1848 ex
1777 1786 2032 1868 aequo,

491 1900 881 1989 quantum
916 1897 1010 1969 ad
1032 1896 1612 1976 causationem,
1642 1914 1786 1965 nec
1812 1913 2039 1985 aeque

494 2014 901 2108 perfectae,
968 2016 1173 2106 quod
1217 2014 1322 2087 sit
1383 2033 1540 2084 una
1605 2011 2035 2105 dispositio

492 2133 589 2205 ad
622 2131 894 2211 aliam,
939 2135 1021 2204 et
1052 2130 1203 2203 hoc
1245 2151 1406 2203 non
1450 2129 1894 2223 perfectior
1947 2127 2041 2199 ad

494 2247 1213 2342 imperfectiorem,
1290 2248 1421 2320 sed
1481 2269 1523 2320 e
1610 2263 2036 2319 converso.

491 2365 555 2436 A
586 2366 753 2436 Deo
796 2368 1069 2437 autem
1114 2365 1193 2436 in
1234 2363 1656 2457 Baptismo
1709 2380 2045 2434 causan-

486 2483 625 2552 tur
657 2480 1093 2554 character
1124 2485 1204 2554 et
1242 2479 1538 2570 gratia,
1580 2482 1660 2551 et
1696 2482 2041 2569 utroque

492 2598 728 2670 inodo
807 2617 968 2669 non
1036 2618 1135 2669 ex
1210 2616 1504 2688 aequ03
1581 2613 1780 2685 ergo
1861 2612 2041 2665 cum

491 2713 924 2788 character
1011 2716 1118 2788 sit
1200 2712 1786 2807 imperfectior,
1861 2729 2042 2784 con-

490 2849 790 2922 gruum
843 2836 968 2905 est
1044 2830 1311 2923 ipsum
1393 2850 1571 2902 esse
1644 2828 2103 2921 dispositi··

494 2968 687 3020 vum
748 2950 840 3020 ad
901 2946 1284 3040 gratiam,
1366 2966 1541 3038 quae
1601 2951 1725 3019 est
1786 2943 2046 3038 perfe-

502 3065 745 3138 ctior.

593 3182 740 3256 Sed
789 3187 1064 3255 tamen
1106 3181 1266 3255 ista
1307 3178 1839 3271 congruentia
1881 3198 2043 3251 non

509 3298 822 3389 probat,
902 3297 1105 3391 quod
1179 3301 1507 3389 oportet
1566 3295 1814 3370 talem
1884 3294 2044 3367 for-

504 3433 717 3485 mam
776 3434 1099 3506 ponere,
1184 3434 1359 3505 quae
1421 3414 1527 3485 sit
1583 3411 2037 3503 dispositiO,

504 3530 891 3622 alioquin,
962 3550 1144 3604 curn
1202 3531 1285 3602 in
1334 3530 1694 3622 quolibet
1763 3533 2045 3602 Sacra-

502 3649 772 3719 mento
822 3646 1302 3720 conferatur
1358 3645 1656 3739 gratia,
1719 3645 1800 3716 in
1862 3665 2047 3737 quo·

500 3761 694 3835 libet
763 3763 1326 3854 requireretur
1373 3760 1800 3853 dispositio
1848 3780 2049 3851 prae-

503 3878 660 3950 via.
725 3878 1219 3972 Applicando
1302 3883 1573 3952 tamen
1641 3877 2048 3950 rationem

507 3993 731 4067 illam
811 3995 1283 4087 specialiter
1342 3996 1438 4068 ad
1503 3995 2044 4087 Baptismum.

506 4108 743 4184 habet
814 4110 1209 4203 majorem
1292 4108 2049 4201 evidentiam,‘quia

507 4226 862 4318 primum
942 4230 1563 4300 Sacramentum
1623 4225 2049 4299 conferens

508 4343 889 4436 gratiam,
983 4351 1106 4416 est
1183 4344 1675 4436 BaptismuS,
1749 4347 1827 4416 et
1910 4365 2053 4435 per

506 4481 1005 4553 consequens
1083 4460 1161 4532 in
1243 4460 1418 4552 ipso
1501 4460 1764 4551 magis
1825 4459 2052 4533 debet

510 4577 869 4650 conferri
963 4575 1391 4669 dispositio
1490 4578 1584 4648 ad
1662 4576 2047 4667 gratiam,

512 4716 754 4788 quam
800 4694 883 4766 in
922 4694 1195 4787 aliquo
1249 4693 1436 4776 alio,
1492 4693 1678 4785 quia
1719 4692 2054 4785 disposi-

510 4811 627 4888 tio
688 4811 1189 4884 naturaliter
1251 4810 1631 4903 praecedit
1699 4808 2053 4881 formam

516 4930 610 5002 ad
648 4949 887 5021 quam
929 4930 1076 5008 est,
1133 4931 1211 5000 et
1264 4928 1436 4999 ideo
1478 4946 1636 4998 non
1671 4924 2056 4998 similiter

515 5049 868 5137 oportet,
910 5045 1111 5138 quod
1158 5043 1688 5135 imprimatur
1756 5041 1837 5113 in
1870 5040 2054 5112 aliis

513 5163 1111 5254 posterioribus
1146 5160 1726 5234 Sacramentis.

604 5281 749 5353 Sed
792 5279 1135 5353 secunda
1193 5284 1318 5352 est
1360 5277 1602 5351 nimis
1640 5278 2050 5350 universa-

513 5393 639 5472 lis,
672 5392 855 5485 quia
888 5415 1111 5486 aeque
1136 5393 1542 5467 concludit
1573 5394 1663 5465 de
1702 5391 2054 5485 quolibet

522 5514 1077 5594 Sacramento,
1141 5510 1328 5603 quia
1370 5509 1773 5602 quodlibet
1835 5507 2057 5581 insti-

2146 627 2443 698 ponere
2479 610 2752 679 autem
2785 606 2864 677 in
2910 605 3093 677 aliis
3131 598 3691 676 Sacra-mentis

2145 727 2563 818 quemdam
2601 731 2980 798 ornatum
3050 725 3693 816 corresponden-

2147 846 2313 914 tem
2407 843 2894 925 characteri,
2990 844 3317 915 omnino
3418 861 3693 933 super-

2149 960 2397 1032 fluum
2436 964 2583 1041 est,
2634 961 2846 1034 sicut
2913 964 3226 1032 tactum
3268 964 3392 1032 est
3440 980 3690 1051 supra

2148 1080 2302 1145 disc.
2351 1081 2413 1148 1.
2475 1080 2573 1148 Et
2631 1080 2894 1169 potest
2938 1074 3285 1149 formari
3331 1076 3544 1150 ratio
3601 1075 3694 1147 ad

2152 1193 2617 1286 oppositum
2676 1194 2766 1265 de
2854 1194 3036 1265 aliis
3115 1193 3692 1270 SacramentiS.

2151 1314 2358 1403 quod
2430 1313 2590 1385 ista
2651 1313 2864 1386 ratio
2915 1333 3076 1386 non
3118 1313 3548 1387 concludit.
3616 1312 3697 1385 Si

2150 1429 2363 1500 enim
2450 1429 2743 1521 aliquis
2821 1451 3043 1522 aeque
3121 1430 3361 1503 fictus
3433 1434 3698 1521 potest

2153 1545 2519 1638 recipere
2632 1546 2952 1637 aliquod
3053 1550 3695 1644 Sacramentum,

2153 1662 2365 1734 sicut
2453 1662 2686 1735 fictus
2779 1662 3070 1754 recipit
3157 1662 3694 1754 Baptismum,

2154 1780 2359 1871 quod
2421 1784 2764 1872 apparet
2808 1779 3246 1871 probabile,
3296 1780 3480 1872 quia
3541 1798 3701 1850 non

2152 1894 2474 1968 videtur
2568 1895 2835 1985 major
2911 1895 3356 1968 necessitas
3444 1894 3700 1967 deter-

2159 2005 2472 2083 minare
2599 2011 3217 2104 dispositionem
3323 2011 3413 2082 ad
3516 2010 3695 2090 hoc,

2157 2129 2361 2221 quod
2421 2128 2790 2202 absolute
2837 2128 3178 2222 recipiat
3234 2132 3705 2202 Sacramen-

2155 2251 2331 2318 tum
2411 2246 2936 2325 Poenitentiae‚
3023 2266 3261 2338 quam
3354 2246 3451 2319 ad
3552 2245 3702 2317 hoc

2157 2364 2361 2455 quod
2404 2364 2772 2437 absolute
2816 2363 3160 2454 recipiat
3225 2366 3704 2436 Sacramen-

2156 2483 2329 2553 tum
2373 2480 2797 2571 Baptismi‚
2838 2484 2918 2553 et
2963 2480 3362 2571 recipiens
3426 2484 3706 2553 Sacra-

2161 2601 2521 2670 mentum
2568 2597 3091 2679 Poenitentiae,
3166 2597 3479 2669 nullum
3546 2620 3709 2670 om-

2160 2713 2351 2786 nino
2439 2714 2816 2788 effectum
2926 2715 3414 2787 invisibilem
3513 2716 3706 2788 reci-

2161 2832 2319 2924 pit;
2366 2849 2566 2922 ergo
2608 2850 2764 2903 non
2808 2852 3137 2904 necesse
3194 2835 3317 2904 est
3366 2835 3705 2925 propter

2156 2948 2594 3022 veritatem
2681 2948 3215 3032 Sacramenti,
3300 2950 3506 3041 quod
3574 2949 3709 3023 ba—

2164 3066 2510 3160 ptizatus
2555 3064 2898 3158 recipiat
2939 3065 3288 3158 aliquem
3333 3066 3702 3141 effectum

2160 3183 2675 3256 invisibilem.
2804 3183 2932 3257 Sic
3028 3203 3224 3275 ergo
3343 3185 3703 3259 breviter

2160 3303 2538 3374 teneatur
2579 3300 2999 3373 conclusio
3053 3309 3393 3394 propter
3434 3307 3706 3376 aucto-

2167 3413 2497 3487 ritatem
2547 3413 2923 3485 Ecclesiae
2976 3414 3204 3505 prius
3247 3415 3699 3499 adductam,

2159 3536 2239 3603 et
2296 3532 2468 3603 duae
2522 3531 3104 3622 congruentiae,
3153 3552 3310 3603 una
3376 3533 3467 3605 de
3538 3555 3708 3606 sus-

2161 3648 2532 3739 ceptione
2591 3648 2670 3718 in
2732 3647 3174 3723 familiam.
3226 3648 3560 3731 Christi,
3628 3655 3707 3724 et

2163 3761 2325 3833 alia
2417 3762 2508 3833 de
2593 3762 3123 3854 dispositione
3192 3765 3701 3848 conferenda,

2165 3882 2355 3951 sunt
2398 3878 2883 3970 probabiles.
3526 3864 3532 3869 ’

2252 3994 2367 4066 Ad
2443 3999 2931 4086 argumenta
3014 3995 3359 4067 alterius
3459 3995 4058 4092 opini-Aatrgum.

2166 4110 2366 4182 onis.
2422 4110 2534 4183 Ad
2595 4111 2813 4194 illud,
2861 4112 3066 4203 quod
3124 4112 3499 4203 tangitur
3550 4112 3709 4207 pri·
3742 4085 4057 4210 pfssfflessfif'

2168 4248 2296 4299 mo
2370 4228 2447 4298 in
2520 4228 2751 4300 modo
2826 4228 3188 4319 ponendi,
3259 4228 3433 4301 dico
3505 4231 3710 4322 quod

2166 4343 2329 4415 alia
2433 4349 2914 4416 consecrata
3025 4364 3186 4416 non
3301 4344 3712 4437 recipiunt

3814 1039 3869 1087 q.
3903 1024 3956 1072 5.

2149 4461 2519 4535 ‚formam
2564 4459 3088 4534 inhaerentem
3142 4461 3284 4543 eis,
3332 4460 3519 4553 quia
3551 4482 3712 4533 non

2170 4580 2356 4649 sunt
2398 4574 2755 4668 capacia.
2807 4577 3067 4648 Homo
3137 4582 3409 4650 autem
3453 4597 3711 4669 capax

2167 4696 2289 4765 est
2339 4693 2633 4786 gratiae
2690 4697 2771 4766 et
2829 4692 3390 4785 dispositionis
3456 4694 3718 4784 cujus·

2166 4810 2348 4882 dam
2415 4809 2509 4881 ad
2575 4811 2957 4900 gratiam,
3023 4814 3103 4884 et
3163 4809 3336 4883 ideo
3403 4811 3715 4901 quando

2170 4929 2510 5018 propter
2552 4925 3212 5019 impedimentum
3274 4948 3507 4999 suum
3556 4948 3715 5000 non

2170 5042 2464 5135 recipit
2570 5043 2953 5134 gratiam,
3061 5044 3352 5136 recipit
3437 5046 3716 5117 tamen

2170 5160 2414 5232 istam
2476 5160 3121 5252 dispositionem,
3214 5165 3291 5233 et
3365 5160 3524 5235 ista
3591 5167 3713 5234 est

2171 5275 2630 5350 character.

2259 5400 2360 5471 Et
2396 5399 2466 5470 si
2512 5397 2921 5490 objicitur,
2967 5397 3046 5467 in
3080 5416 3174 5468 eo
3223 5396 3429 5487 quod
3469 5395 3713 5468 homo
3876 5413 3997 5477 17..

2170 5533 2328 5586 non
2393 5513 2683 5607 recipit
2764 5512 3282 5587 sanctitatem
3350 5510 3715 5585 formali·
3775 5475 4056 5587 ἓὲἶοέἷαῖε
