4287 6313
619 386 734 448 298

609 550 676 613 in
744 552 966 630 specie
1031 553 1115 616 de
1189 554 1466 635 singulis
1536 554 1990 618 sacramentis.

345 663 520 776 Tffiia
687 671 904 731 Tertia
956 673 1186 751 regula
1232 691 1247 734 ε
1307 673 1579 733 Mutatio
1621 672 1806 748 facta
1841 673 1910 734 in
1935 671 2162 746 forma

268 790 525 901 Dreffila'
613 789 834 848 animo
874 790 1221 851 inducendi
1263 805 1576 863 errorem,
1609 789 1800 849 modo
1848 786 1970 849 illa
2010 802 2160 847 ma-

274 889 554 1025 ffissssggss‘,
611 909 781 977 neat,
842 908 1060 981 quoad
1123 922 1374 967 sensum
1442 903 1954 978 substantialem,
2033 919 2162 964 non

300 1101 532 1152 Durand.
1413 1140 1425 1152 .
1837 1143 1855 1160 ,

357 1164 493 1214 Soto.
614 1140 831 1212 quaest.
889 1136 990 1197 66.
1051 1144 1175 1199 art.
1235 1141 1293 1202 8.
1356 1137 1744 1200 Richardum
1783 1139 1888 1199 hzc
1925 1143 2048 1199 art.
2095 1139 2155 1198 2.

307 1287 540 1337 ticularis
613 1251 1022 1314 Aliacensem
1075 1261 1292 1332 quaest.
1340 1258 1403 1318 2.
1449 1253 1805 1317 Adrianum
1856 1259 1920 1315 et
1971 1254 2156 1317 alios,

377 1364 477 1398 non

271 1474 566 1598 Suggen·
618 1489 681 1545 et
739 1484 954 1559 SotuS,
999 1485 1102 1548 vel
1160 1486 1358 1564 aliqui
1415 1503 1664 1562 eorurn,
1732 1494 1806 1551 ut
1861 1488 2163 1550 moderni

309 1661 546 1715 intentio,

615 1716 760 1793 quis
804 1717 984 1795 apud
1017 1720 1500 1793 Innocentium,
1528 1720 1617 1782 ita
1648 1725 1926 1783 utuntur
1952 1719 2161 1783 forma

611 1949 1079 2027 necessariam,
1145 1956 1210 2013 et
1265 1949 1544 2014 formam
1593 1953 1963 2018 Latinorum
2013 1953 2154 2015 nul·

612 2066 764 2141 lam,
797 2072 1016 2130 tamen
1056 2067 1270 2131 valide
1317 2070 1671 2147 baptizant,
1715 2071 1913 2133 modo
1945 2073 2157 2134 salve·

615 2303 715 2360 est
758 2315 840 2359 ex
887 2297 1154 2362 defectu
1181 2298 1424 2374 formae,
1472 2300 1594 2363 sed
1636 2302 2037 2365 intentioniS.

695 2417 1077 2495 Respondet
1108 2419 1454 2482 Durandus
1485 2427 1552 2482 et
1581 2422 1797 2493 Sotus,
1829 2421 1897 2482 id
1928 2435 2156 2483 verum

472 864 577 902 om.

271 1038 551 1089 Adrianus.
617 1024 706 1080 est
757 1020 1224 1084 substantialis.
1280 1023 1392 1084 Est
1441 1027 1666 1084 contra
1708 1023 1784 1085 D.
1841 1021 2161 1114 Thomam

271 1226 432 1275 Error
476 1241 587 1290 par-

314 1412 549 1462 annullat
616 1367 955 1442 Probatur,
987 1372 1138 1448 quia
1185 1372 1406 1444 Graeci,
1455 1380 1528 1434 ut
1571 1371 1772 1436 refert
1810 1372 2160 1435 Durandus

269 1599 418 1648 modo
454 1599 587 1650 adsit
615 1596 792 1675 apud
831 1599 1186 1662 Arcudiurn
1235 1619 1468 1679 supra;
1520 1606 1587 1663 et
1632 1602 1828 1682 ahqui
1874 1619 1956 1664 ex
1997 1607 2161 1667 anti-

614 1831 945 1910 Baptismi,
1017 1839 1091 1895 ut
1153 1840 1391 1913 putent
1459 1853 1607 1900 eam
1677 1855 1824 1901 esse
1894 1842 2158 1901 omnino

614 2188 718 2243 tur
759 2183 1059 2260 intenti0,
1103 2201 1248 2262 quae
1289 2186 1342 2247 si
1390 2184 1669 2261 deficiat,
1725 2186 1981 2249 nullitas
2028 2203 2160 2247 non

615 2550 787 2607 esse,
831 2533 1032 2596 modo
1103 2536 1263 2597 ritus
1331 2536 1619 2613 ipsorum
1695 2537 2008 2601 toleretur
2075 2539 2157 2600 ab

274 2418 579 2482 Responsio.

295 2480 562 2546 Impugna-

381 2551 481 2592 tu?-

612 2659 924 2731 Ecclesia,
975 2673 1170 2720 secus
1227 2660 1282 2720 si
1339 2663 1735 2722 contrarium
1793 2663 2151 2741 contingat.

268 2765 584 2878 soffisssurffon
612 2777 876 2850 Contra,
927 2777 1106 2857 quod
1137 2779 1300 2841 ritus
1332 2778 1667 2850 toleretur,
1698 2778 1803 2842 vel
1834 2797 1991 2851 non,
2025 2797 2158 2842 non

298 2891 551 3004 depgtssdet
611 2891 766 2955 facit
809 2892 894 2954 ad
937 2897 1293 2956 essentiam
1353 2891 1599 2968 formae,
1658 2911 1800 2974 quae
1860 2911 1990 2956 non
2036 2893 2160 2957 de-

304 3016 543 3069 Ecolesia.
617 3007 867 3087 pendet
896 3012 960 3072 in
990 3025 1194 3072 sensu
1239 3025 1359 3071 suo
1410 3010 1492 3072 ab
1549 3011 1835 3073 Ecclesia
1883 3016 1996 3072 aut
2040 3014 2157 3074 mi-

616 3127 839 3199 nistro,
873 3126 993 3190 sed
1024 3144 1057 3188 a
1091 3128 1228 3191 sola
1259 3130 1662 3193 institutione
1691 3129 1961 3204 Christi;
1997 3147 2155 3211 ergo

614 3243 928 3323 quamdiu
977 3252 1200 3306 manet
1246 3244 1449 3308 forma
1497 3247 1717 3325 quoad
1762 3248 2071 3326 requisita
2120 3265 2158 3310 a

616 3359 865 3422 Christo
896 3361 1216 3434 instituta,
1250 3378 1517 3441 semper
1537 3366 1654 3427 erit
1687 3363 1770 3425 de
1799 3380 1871 3425 se
1904 3363 2157 3436 efficax,

615 3480 935 3555 quantum
969 3491 1047 3537 ex
1081 3479 1272 3552 parte
1318 3475 1561 3547 formae,
1613 3478 1764 3555 quia
1797 3478 1956 3539 alias
1987 3481 2164 3539 esset

618 3596 876 3673 signum
925 3594 1329 3673 aequivocum
1382 3600 1447 3657 et
1486 3593 1776 3666 fallibile,
1826 3596 1994 3658 sicut
2041 3613 2158 3657 au-

615 3718 744 3775 tem
796 3713 1109 3774 institutio
1179 3711 1399 3775 formae
1467 3730 1600 3776 non
1674 3714 2012 3794 dependet
2079 3715 2161 3776 ab

613 3830 922 3903 Ecclesia,
955 3829 1048 3890 sic
1077 3846 1203 3891 nec
1232 3846 1468 3894 sensus
1521 3832 1667 3912 ejus
1721 3832 2165 3896 substantialis

614 3954 681 4012 et
721 3950 1231 4010 sacramentalis.

697 4063 986 4142 Objicies
1043 4063 1545 4140 responsionem
1606 4064 1922 4126 Zachariae
1981 4064 2167 4143 Papae

616 4186 693 4245 de
734 4186 1095 4245 consecrat.
1140 4183 1284 4244 dist.
1328 4184 1386 4243 4.
1451 4201 1503 4244 c.
1550 4186 1947 4257 Retulertmt,
1996 4187 2165 4246 circa

611 4299 1051 4377 baptizantem
1084 4300 1153 4359 in
1178 4300 1432 4360 nomine
1469 4303 1697 4376 Patria
1742 4307 1799 4361 et
1833 4302 2000 4378 sitia,
2034 4306 2161 4365 etc.

615 4415 728 4496 qui
795 4415 1194 4491 Baptismum
1272 4414 1567 4479 decernit
1635 4433 1783 4479 esse
1852 4418 2159 4489 validum,

613 4531 810 4596 modo
856 4546 992 4593 non
1045 4533 1262 4611 animo
1310 4532 1671 4597 inducendi
1722 4551 2013 4595 errorem
2069 4537 2165 4598 sic

611 4651 1060 4730 baptizaverit.
1122 4652 1587 4732 Respondetur
1644 4650 2001 4724 defectum,
2052 4656 2165 4734 qui

617 4774 751 4832 tum
802 4770 1240 4848 contingeret,
1299 4786 1450 4832 esse
1509 4788 1591 4834 ex
1634 4769 1900 4834 defectu
1945 4774 2159 4834 inten-

615 4886 833 4956 tionis,
881 4892 947 4947 et
974 4899 1107 4947 non
1136 4882 1393 4948 fortnae.

389 5008 472 5058 29.
696 5003 935 5078 Quarta
967 5000 1196 5082 regula
1240 5022 1255 5064 ε
1303 5001 1712 5079 δ’ἰρηίίίοαιίο
1751 5003 1987 5079 formae
2033 5020 2163 5065 non

301 4052 391 4122 Obj
399 4056 527 4106 ectio
537 4094 550 4108 .

326 5074 522 5132 Quarta
1102 5120 1115 5133 Ο
1299 5119 1312 5133 0
1554 5119 1566 5132 Ο
1621 5118 1634 5131 0
1741 5120 1754 5133 ο
1839 5119 1852 5130 ο

330 5136 523 5201 regula.
618 5120 921 5198 dependet
957 5119 1039 5180 ab
1085 5123 1427 5181 antentzone
1469 5123 1770 5191 mmzstrc,
1824 5123 1918 5178 uta
1955 5124 2023 5180 ut
2045 5135 2166 5195 per

338 5199 525 5325 ὃὲἷζῗ
616 5253 764 5299 eam
809 5237 1128 5299 reddatur
1171 5234 1421 5307 valida,
1454 5250 1595 5311 quae
1624 5232 1795 5294 alias
1816 5234 1948 5310 fuit
1978 5234 2162 5295 inva-

288 5326 561 5379 sententia.

616 5356 774 5429 lida,
833 5352 935 5415 vel
962 5358 1265 5416 econtra.
1317 5352 1460 5414 Haec
1505 5355 1605 5413 est
1649 5355 1874 5413 contra
1923 5352 2166 5413 Suarez

615 5481 768 5537 tom.
821 5473 881 5533 3.
914 5471 981 5531 in
1004 5468 1062 5532 3.
1093 5485 1162 5545 p.
1195 5469 1359 5547 disp.
1392 5469 1452 5530 2.
1483 5474 1626 5529 sect.
1674 5469 1734 5530 5.
1770 5470 1955 5545 ponit
1984 5467 2161 5530 enim

624 5604 868 5660 casum,
928 5588 980 5650 si
1037 5584 1246 5647 forma
1301 5587 1385 5647 sit
1450 5585 1782 5664 ambigua,
1830 5590 1894 5647 et
1932 5600 2166 5646 verum

1756 393 1899 455 LIB.
1933 393 2032 455 Ν.
2068 394 2662 459 SEN'I'ENTlARUM

2267 570 2539 618 sensum
2572 557 2716 638 ejus
2744 558 3044 620 intendat
3070 559 3383 632 minister,
3433 555 3646 620 valide
3696 573 3815 635 per

2272 687 2417 732 earn
2493 673 2812 737 conficere
2869 677 3404 749 Sacramentum;
3469 678 3523 736 si
3592 680 3812 736 autem

2268 805 2540 852 sensum
2567 789 2802 853 falsum
2831 792 3150 868 intendat,
3184 793 3340 854 nihil
3380 791 3626 863 facere,
3681 806 3812 852 non

2268 906 2482 968 solum
2540 925 2622 970 ex
2680 907 2946 973 defectu
2999 910 3401 983 intentioniS,
3454 908 3575 970 sed
3619 910 3811 970 etiam

2269 1021 2507 1086 formae.
2581 1024 2991 1089 Contrarium
3060 1027 3379 1104 probatur
3448 1042 3529 1086 ex
3601 1005 4157 1120 dicusftigsntififfio

2273 1139 2423 1217 quia
2449 1138 2673 1203 formae
2701 1138 3088 1219 significatio
3120 1138 3460 1217 dependet
3508 1139 3588 1200 ab
3634 1137 3813 1199 insti·
3863 1130 4119 1184 instituto.

2270 1260 2521 1322 tutione
2571 1263 2638 1320 et
2694 1260 3150 1336 acceptatione
3210 1257 3562 1328 communi,
3609 1257 3664 1318 si
3716 1252 3820 1315 lo-

2273 1390 2547 1452 quamur
2590 1373 2675 1437 de
2723 1374 3034 1450 humana,
3077 1388 3229 1452 quae
3283 1378 3382 1435 est
3426 1388 3547 1450 per
3591 1374 3815 1433 aucto·

2270 1494 2531 1555 ritatem
2574 1492 2945 1570 publicam3
3000 1490 3179 1554 unde
3236 1491 3671 1553 intentionem
3714 1488 3819 1549 in-

2275 1612 2715 1686 terpretamur
2752 1626 2872 1687 per
2917 1610 3142 1679 verba,
3184 1625 3315 1670 non
3368 1624 3405 1668 e
3453 1611 3703 1677 contra,
3752 1607 3818 1665 et

2270 1726 2338 1787 in
2398 1727 2840 1789 contractibus
2893 1733 2958 1789 et
3015 1724 3559 1788 transactionibus
3612 1725 3820 1785 statur

2269 1842 2511 1914 verbiS,
2557 1857 2689 1903 non
2737 1842 3107 1910 intentioni.
3154 1856 3305 1920 quae
3356 1841 3585 1917 nequit
3631 1838 3818 1898 aliter

2275 1958 2585 2040 cognosci
2681 1974 2874 2037 quam
2947 1973 3066 2037 per
3130 1955 3353 2018 verba.
3410 1955 3591 2016 Sicut
3659 1967 3818 2029 ergo

2269 2077 2545 2139 intentio
2625 2076 2871 2155 privata
2924 2092 3058 2137 non
3117 2073 3228 2136 dat
3282 2071 3823 2153 significationem

2268 2193 2510 2267 verbis,
2576 2195 2663 2255 ita
2734 2209 2956 2272 neque
3026 2190 3569 2270 suppositionem,
3643 2185 3829 2267 (licet

2271 2311 2446 2373 enim
2474 2312 2540 2372 in
2571 2308 2798 2374 ordine
2829 2307 2913 2371 ad
2943 2312 3239 2387 seipsum
3269 2309 3496 2384 posset
3538 2305 3664 2366 hoc
3717 2303 3822 2366 vel

2267 2428 2428 2498 illud
2474 2426 2821 2489 intendere
2873 2442 2992 2504 per
3044 2424 3291 2504 verba,)
3338 2423 3536 2486 verba
3596 2429 3812 2485 tamen

2271 2548 2431 2610 dant
2472 2541 2836 2622 intelligere
2884 2541 3033 2614 hoc,
3087 2539 3266 2618 quod
3313 2541 3668 2616 important
3696 2551 3817 2613 per

2271 2676 2687 2726 communem
2780 2659 3266 2737 impositionem
3378 2661 3443 2720 et
3516 2663 3814 2736 accepta·

2271 2781 2530 2844 tionem,

2356 2897 2602 2961 Eadem
2670 2897 2923 2958 ratione
2986 2877 3193 2972 ¹patet
3260 2889 3813 2972 significationem

2270 3015 2644 3093 practicam,
2679 3027 2824 3090 quae
2852 3027 2932 3073 ex
2965 3009 3364 3073 institutione
3395 3007 3651 3079 Christi,
3680 3021 3814 3066 non

2272 3128 2657 3209 dependere
2698 3129 2778 3191 ab
2822 3125 3188 3190 intentione
3249 3121 3645 3203 proferentis
3691 3124 3814 3198 pri-

2267 3255 2436 3322 vata,
2506 3264 2583 3310 ac
2630 3244 2906 3324 proinde
2996 3242 3270 3305 intentio
3319 3238 3815 3302 accommodata

2270 3364 2495 3426 formae
2540 3364 2605 3423 in
2650 3377 2851 3423 sensu
2897 3358 3352 3423 sacramentali
3383 3374 3513 3420 non
3548 3363 3646 3420 est
3683 3359 3816 3436 pri·
3845 3355 4167 3470 ἔιέξὲἱῑὲέἒιτζ

2269 3480 2706 3543 vataintentio
2732 3478 3025 3545 ministri,
3066 3476 3633 3554 qualitercumque
3656 3490 3819 3535 con·
3901 3482 4101 3535 formae.

2272 3602 2494 3672 cepta,
2584 3593 2704 3655 sed
2790 3591 3065 3654 intentio
3138 3588 3503 3652 communis
3622 3604 3816 3668 quam

2270 3712 2490 3781 habet,
2563 3715 2636 3771 ut
2706 3709 3002 3771 minister
3067 3707 3371 3768 Ecclesiae
3441 3711 3506 3767 et
3557 3704 3814 3779 Christi,

2276 3844 2418 3907 quae
2446 3828 2677 3888 salvari
2727 3831 2967 3903 potest,
3017 3829 3328 3886 manente
3370 3823 3620 3901 privata
3671 3838 3814 3883 cor·

2273 3949 2462 4021 rupta
2493 3959 2615 4022 per
2644 3956 2954 4003 errorem.
2990 3940 3121 3999 Hoc
3164 3955 3295 4000 non
3346 3943 3523 4001 esset
3564 3953 3819 4010 verum,

2274 4063 2327 4123 si
2371 4059 2644 4121 intentio
2697 4058 2944 4134 privata
3005 4055 3278 4117 ministri
3319 4059 3547 4133 posset
3586 4055 3822 4117 distra-

2273 4180 2431 4240 here
2476 4179 2589 4237 aut
2647 4174 3083 4236 determinare
3116 4169 3392 4233 formam
3427 4169 3646 4248 quoad
3678 4186 3822 4231 sen·

2272 4313 2444 4369 sum,
2475 4309 2626 4356 nam
2657 4293 2932 4355 Arianus
2963 4306 3045 4352 ex
3089 4305 3312 4353 errore
3341 4287 3569 4369 (quem
3601 4293 3820 4349 tamen

2272 4417 2341 4477 in
2382 4411 2590 4475 forma
2619 4425 2752 4471 non
2783 4405 3109 4487 exprimit)
3152 4408 3219 4467 in
3262 4405 3470 4468 forma
3509 4406 3820 4482 Baptismi

2274 4528 2559 4593 intendit
2587 4528 2819 4589 Filium
2849 4542 2983 4587 non
3013 4540 3162 4588 esse
3197 4522 3820 4586 consubstantialem

2272 4651 2464 4723 Patri,
2498 4663 2719 4726 neque
2749 4644 3129 4725 particulam
3176 4645 3244 4704 in
3287 4643 3543 4704 nomine
3611 4641 3820 4721 signi-

2272 4768 2469 4831 ficare
2537 4764 2858 4827 unitatem
2924 4762 3116 4824 trium
3171 4776 3628 4839 personarum,
3675 4776 3821 4839 quae

2272 4884 2543 4948 intentio
2577 4883 2720 4963 ejus
2747 4896 2879 4944 non
2912 4876 3211 4941 distrahit
3238 4876 3520 4941 formam
3551 4893 3588 4938 a
3617 4892 3822 4939 sensu

2273 4998 2752 5071 sacramentali,
2784 4994 2980 5058 modo
3010 4990 3310 5057 intendat
3352 4991 3650 5055 conferre
3696 4994 3817 5054 Ba·

2274 5116 2583 5197 ptismum
2624 5113 2885 5185 Christi;
2923 5115 2991 5173 et
3026 5111 3153 5173 hoc
3191 5109 3367 5178 ideo,
3418 5107 3569 5186 quia
3611 5106 3822 5170 forma

2276 5236 2341 5296 in
2395 5249 2514 5296 sua
2577 5227 3054 5311 significatione
3126 5243 3261 5288 non
3333 5220 3671 5303 dependet
3736 5223 3817 5285 ab

2274 5350 2636 5413 intentione
2669 5347 2812 5427 ejus
2843 5345 3115 5423 privata,
3151 5343 3272 5405 sed
3302 5343 3382 5404 ab
3414 5341 3818 5405 institutione

2273 5465 2525 5530 Christi.

2360 5580 2456 5642 Ad
2489 5580 2898 5658 propositum
2942 5595 3101 5657 ergo
3155 5577 3439 5656 inquiro,
3488 5592 3570 5638 an
3620 5574 3826 5638 forma
3967 5564 4050 5613 3⁰·
