4287 6313
590 382 710 445 570

587 542 853 608 Judaeus
909 553 1256 627 nequeunt
1314 548 1562 611 habere
1622 550 1799 611 illam
1863 549 2136 610 intenti-

592 675 813 736 onem,
858 664 1200 741 supposita
1243 668 1613 744 ignorantia
1668 666 1837 739 finis,
1898 671 1966 728 et
2013 667 2135 727 sal-

594 781 729 839 tem
772 776 1076 840 efficaciae
1116 777 1316 841 medii
1373 779 1459 842 ad
1516 782 1713 842 talem
1770 783 1994 844 finem.

292 960 525 1014 secund·
672 893 979 957 Secunda
1037 895 1396 969 conclusio,
1463 898 1818 975 requiritur
1857 899 2130 960 intentio

272 1026 553 1084 conclusio,
592 1010 736 1072 finis
766 1012 1063 1088 proximi,
1095 1013 1202 1073 vel
1244 1015 1310 1073 in
1350 1014 1671 1093 generali,
1716 1014 1822 1076 vel
1868 1017 1935 1076 in
1979 1031 2131 1094 par-

238 1086 556 1202 qssaeorffitni:
591 1126 897 1202 ticulari;
961 1134 1029 1190 et
1083 1128 1218 1192 haec
1281 1132 1558 1194 intentio
1615 1132 1700 1195 ad
1772 1134 2133 1210 minimum,

590 1246 964 1306 necessaria
1021 1252 1122 1308 est
1189 1247 1277 1310 ad
1343 1249 1630 1310 valorem
1706 1248 2132 1313 sacramenti.

285 1379 502 1447 Requiri
591 1359 733 1419 Haec
791 1363 893 1419 est
936 1358 1018 1421 de
1061 1360 1216 1438 fide,
1274 1367 1349 1424 ut
1396 1368 1579 1440 patet
1633 1382 1715 1427 ex
1754 1364 2135 1429 Tridentino

264 1448 534 1556 ζζζξᾛξξε
564 1488 740 1537 sess.
769 1478 832 1538 7.
866 1494 1009 1538 can.
1049 1478 1143 1537 11.
1190 1479 1268 1539 de
1310 1482 1749 1542 Sam-amentis
1776 1483 1844 1542 in
1867 1499 2131 1559 yenere:

315 1568 512 1681 ζξέἐῖζ·
592 1597 674 1654 Si
712 1599 859 1672 quis
903 1600 1145 1659 dixerit
1192 1603 1259 1660 in
1304 1602 1638 1675 ministris,
1689 1607 1845 1666 dum
1895 1610 2135 1665 Sacra·

587 1721 875 1776 mentum
944 1715 1305 1789 conferunt,
1379 1734 1508 1779 non
1574 1721 1831 1795 requiri
1880 1722 2136 1783 intenci-

592 1841 797 1898 onem,
831 1825 1056 1887 saltem
1082 1829 1376 1903 faciendi
1416 1832 1590 1907 quod
1629 1833 1793 1906 facie
1822 1833 2132 1901 Ecclesia,

589 1941 934 2002 anathema
961 1942 1065 2003 sit.
1102 1942 1545 2006 Florentinum
1572 1948 1638 2008 in
1676 1948 1955 2010 Decreto
1988 1953 2133 2011 uni-

588 2056 755 2128 onis,
812 2057 925 2117 ubi
971 2056 1126 2118 dicit
1177 2077 1191 2118 :
1242 2063 1389 2120 Haec
1433 2063 1659 2122 omnia
1706 2066 2140 2129 Sacramenta

585 2173 790 2234 tribus
852 2175 1311 2251 perficiuntur,
1383 2177 1674 2241 videlicet
1744 2181 1935 2243 rebus
1987 2188 2137 2245 tan-

585 2307 788 2369 quam
831 2297 1135 2369 materia,
1187 2293 1402 2356 verbis
1438 2303 1750 2374 tanquam
1795 2300 2041 2374 forma,
2080 2307 2138 2362 et

576 2425 860 2486 persona
888 2412 1175 2473 mim'stri
1205 2414 1589 2483 eonferentzs
1630 2419 2135 2478 Sacramentum

586 2543 732 2587 eum
774 2529 1120 2592 intentione
1165 2530 1458 2604 faciendi
1497 2533 1672 2607 qaod
1713 2533 1879 2607 facit
1923 2535 2137 2596 Eccle«

586 2644 709 2716 sia,
777 2648 907 2705 etc.
973 2645 1119 2707 Dixi
1179 2646 1350 2708 hanc
1424 2647 1917 2711 conclusionem
1982 2665 2130 2712 esse

587 2758 674 2819 de
757 2758 913 2831 fide,
1003 2760 1153 2839 quia
1216 2778 1371 2824 vere
1428 2769 1589 2840 puto
1660 2766 1998 2829 neminem
2052 2783 2130 2829 ex

588 2873 814 2936 schola
856 2876 1346 2955 Theologorum
1409 2882 1475 2941 in
1529 2881 1749 2958 reipsa
1817 2882 1994 2944 aliud
2038 2882 2134 2944 di·

590 3006 767 3066 cere,
849 2996 1001 3070 quia
1082 2995 1324 3056 Doctor
1415 2997 1697 3077 diligens
1785 2998 2136 3079 indagator

584 3113 925 3173 sententiae
1009 3115 1428 3191 antiquorum
1496 3115 2000 3196 Theologorum,
2069 3122 2135 3179 et

585 3229 999 3304 potissimum
1045 3230 1111 3290 S.
1161 3230 1437 3304 Thomae,
1484 3235 1594 3310 qui
1645 3252 1761 3312 pro
1800 3235 2133 3295 sententia

586 3345 908 3406 contraria
940 3361 978 3405 a
1007 3343 1351 3408 Catharino
1413 3353 1479 3409 et
1507 3350 1837 3428 Sylvestro
1872 3355 2127 3422 citatur,

584 3462 651 3519 et
679 3474 880 3536 quem
939 3450 1131 3520 tacito
1179 3462 1445 3523 nomine
1487 3462 1833 3541 impugnat
1880 3464 2132 3523 Duran-

585 3579 734 3651 dus,
803 3597 952 3643 cum
999 3587 1219 3645 tamen
1262 3586 1330 3645 in
1375 3599 1522 3644 eam
1573 3584 1974 3644 sententiam
2019 3599 2130 3644 ne-

581 3713 713 3775 que
756 3697 1048 3773 adducit,
1108 3714 1331 3778 neque
1388 3703 1751 3780 impugnat.
1784 3702 1859 3762 Et
1907 3717 2132 3778 quam-

264 1924 473 1975 Florent
483 1963 494 1975 .

582 3823 676 3885 vis
705 3823 1056 3904 cajetanus
1088 3832 1153 3887 et
1183 3826 1376 3887 Sotus
1405 3827 1759 3904 plurimum
1801 3826 2130 3895 laborent,

583 3941 824 4019 aliique
882 3942 1303 4018 posteriores,
1382 3953 1453 4005 ut
1520 3959 1674 4004 eum
1751 3944 2043 4004 eximant
2094 3918 2154 4003 a'

587 4068 698 4128 tali
768 4070 1118 4139 sententia,
1192 4071 1415 4130 nescio
1490 4067 1647 4147 quid
1729 4067 2127 4131 difficultatis

243 4184 561 4298 5291&ssssssss
587 4184 852 4259 haheat,
923 4184 972 4245 si
1032 4189 1214 4245 recte
1282 4189 1577 4246 mentem
1638 4187 1784 4266 ejus
1839 4190 1905 4247 et
1961 4202 2125 4262 rem,

260 4312 533 4382 planapst,
587 4307 798 4381 ipsam
850 4298 1374 4378 perpendamus;
1428 4307 1688 4378 oportet
1749 4304 1925 4364 enim
1970 4322 2125 4367 con-

242 4380 556 4486 diffitcgfffte.
587 4421 907 4494 siderare,
956 4418 1137 4500 quod
1179 4419 1305 4481 hoc
1347 4419 1516 4498 ipso,
1583 4420 1763 4499 quod
1805 4422 1964 4484 velit
2005 4427 2130 4486 mi-

587 4540 789 4600 nister
818 4533 1112 4616 proferre
1141 4536 1343 4598 verba
1373 4532 1616 4610 formae,
1663 4553 1795 4598 non
1824 4537 2123 4612 ridicule,

586 4670 807 4733 neque
845 4653 1104 4733 jocose,
1176 4666 1396 4730 neque
1443 4667 1524 4712 ex
1583 4653 1707 4714 alia
1766 4655 2128 4716 intentione

587 4778 892 4835 extranea
931 4770 1377 4842 SacramentO,
1412 4772 1525 4828 aut
1552 4770 1972 4848 repugnanti,
2007 4773 2129 4835 sed

587 4889 784 4960 seri0,
832 4892 906 4949 ut
946 4886 1195 4948 habent
1242 4884 1569 4947 rationem
1616 4883 1862 4959 formae‚
1899 4891 1967 4949 et
1996 4906 2130 4950 ma-

587 5009 782 5080 teriae,
844 5010 910 5067 et
968 5002 1373 5066 conveniunt
1427 5004 1492 5065 in
1559 5021 1757 5066 unam
1816 5021 2132 5068 caeremo-

583 5129 782 5202 niam,
826 5127 954 5190 hoc
995 5128 1136 5206 ipso
1198 5126 1446 5189 hahere
1503 5127 1936 5191 intentionem
2003 5146 2125 5209 ge-

584 5252 873 5318 neralem
921 5253 1225 5316 Ecclesiae
1268 5261 1331 5316 et
1373 5254 1624 5329 Christi,
1668 5271 1890 5334 neque
1937 5256 2129 5319 aliam

586 5386 666 5447 ab
738 5385 860 5446 hac
937 5381 1308 5445 distinctam
1370 5382 1617 5463 requiri
1700 5383 1783 5446 ad
1834 5384 2125 5447 valorem

585 5509 1015 5576 Sacramenti.

672 5633 853 5701 Unde
900 5632 1381 5698 advertendum
1439 5639 1563 5712 est,
1627 5636 1796 5697 hanc
1861 5636 2122 5698 intenti-

1812 386 1960 448 LIB.
2007 385 2110 448 IV.
2142 384 2739 451 SENTENTIARUM

2250 563 2448 610 onem
2476 550 2858 626 generalem
2908 550 3103 614 variis
3137 549 3352 613 modis
3393 563 3593 626 posse
3638 564 3795 611 con·
3957 572 3989 622 3

2248 664 2375 741 cipi
2454 670 2522 725 et
2586 664 2876 741 formari,
2937 683 3181 745 nempe
3236 670 3292 729 si
3341 669 3498 728 velit
3542 632 4157 761 faceragssffpiffffif

2249 777 2429 855 quod
2500 778 2682 841 videt
2733 778 2953 841 facere
3026 778 3132 842 hic
3203 785 3270 841 et
3339 794 3513 842 nunc
3581 757 3787 841 unum
3817 756 4156 871 Ῑζῗῇξζξῇω

2247 895 2709 970 Christianum,
2789 895 2894 959 vel
2965 899 3020 959 si
3093 896 3250 958 velit
3305 895 3555 972 facere,
3614 894 3797 974 quod
3925 886 4053 937 ¹⁶¹⁸·

2248 1010 2328 1070 ab
2363 1025 2441 1071 eo
2473 1013 2739 1088 petitur,
2782 1011 2968 1073 verbi
2993 1012 3231 1091 gratia,
3261 1014 3316 1071 si
3345 1011 3427 1072 sit
3465 1013 3798 1089 Paganus,

2249 1119 2360 1194 qui
2398 1117 2561 1178 nihil
2603 1116 2848 1179 audivit
2892 1118 2975 1179 de
3025 1118 3273 1180 Chr1sto
3322 1122 3437 1179 aut
3482 1118 3798 1187 Ecclesia,

2245 1238 2359 1293 aut
2392 1232 2476 1293 de
2523 1240 2912 1309 corporeet
2938 1232 3350 1313 professione
3397 1232 3798 1296 Christiano-

2246 1366 2419 1425 rum,
2465 1346 2588 1409 sed
2623 1348 2834 1425 *quod
2863 1352 3110 1427 petitur
3136 1351 3218 1411 ab
3266 1350 3393 1412 hoc
3437 1348 3798 1411 Christiano

2250 1464 2499 1539 adult0,
2545 1465 2611 1526 in
2665 1466 3067 1528 necessitate
3126 1465 3508 1540 constituto,
3574 1469 3642 1525 et
3696 1465 3796 1524 in-

2248 1589 2536 1644 struatur
2581 1583 2665 1644 de
2697 1584 3031 1646 ablutione
3065 1589 3130 1646 et
3157 1581 3518 1661 prolatione
3565 1582 3797 1644 verho-

2243 1715 2417 1770 rum,
2465 1715 2585 1776 per
2634 1698 2909 1761 modum
2982 1697 3321 1778 cujusdam
3375 1701 3794 1771 caeremoniae,

2249 1818 2317 1874 et
2361 1813 2486 1888 ipsi
2535 1828 2684 1874 eam
2731 1811 3042 1875 adhibeat
3088 1816 3283 1892 juxta
3335 1816 3630 1874 mentem
3673 1828 3792 1889 pe-

2246 1932 2472 2001 tentis,
2520 1931 2818 2008 quamvis
2867 1928 3025 1989 nihil
3079 1932 3144 1990 in
3178 1929 3451 2005 speciali
3498 1930 3582 1990 sit
3629 1911 3796 1991 edo-

2250 2055 2391 2110 ctus
2423 2048 2507 2109 de
2538 2048 2683 2127 ejus
2733 2046 3044 2120 efficacia,
3101 2053 3454 2125 praecepto,
3503 2047 3792 2111 necessi-

2246 2167 2403 2236 tate,
2450 2172 2564 2224 aut
2620 2163 2704 2225 de
2763 2162 3041 2237 Christo,
3137 2168 3250 2223 aut
3303 2161 3617 2234 Ecclesia,
3679 2171 3790 2223 aut

2245 2277 2652 2358 professione
2698 2280 3231 2353 Christianorum;
3280 2294 3410 2356 quo
3464 2293 3621 2340 casu
3659 2295 3811 2340 non·

2242 2394 2442 2456 habet
2468 2396 2663 2456 aliam
2690 2395 3126 2456 intentionem
3159 2410 3567 2471 expressam,
3593 2410 3793 2472 quam

2244 2509 2557 2572 abluendi
2588 2516 2654 2572 et
2681 2509 3064 2589 proferendi
3107 2512 3308 2573 verba
3354 2526 3477 2589 per
3523 2511 3792 2572 modum

2243 2629 2676 2702 caeremoniae,
2724 2633 2793 2689 et
2839 2628 3030 2706 juxta
3080 2633 3374 2689 mentem
3436 2633 3506 2690 et
3559 2629 3794 2707 requi-

2243 2748 2546 2808 sitionem
2577 2747 2885 2824 petentiS,
2941 2748 3062 2807 erit
3109 2746 3481 2823 Baptismus
3509 2745 3789 2821 validus,

2245 2867 2312 2922 et
2365 2863 2644 2922 salvatur
2698 2862 2767 2922 in
2824 2878 2905 2924 eo
2949 2863 3225 2924 intentio
3269 2863 3628 2942 generaliS,
3661 2863 3789 2923 hoc

2243 2978 2385 3053 ipso
2439 2975 2618 3055 quod
2665 2974 3099 3042 ministerium
3141 2976 3303 3037 illud
3352 2981 3613 3053 praestet
3672 2992 3794 3054 per

2244 3098 2518 3161 modum
2572 3100 3000 3171 caeremoniae,
3062 3098 3146 3160 ad
3221 3097 3535 3160 effectum
3593 3105 3790 3175 quem

2242 3216 2526 3277 intendit
2554 3221 2816 3293 petens,
2850 3218 2921 3277 ln
2953 3232 3082 3294 quo
3129 3216 3328 3278 etiam
3361 3232 3520 3277 casu
3550 3215 3793 3295 ligatur

2243 3343 2517 3413 intentio
2568 3352 2693 3428 ipsi
2735 3351 3113 3425 ministeriO,
3166 3351 3418 3412 scilicet
3474 3350 3791 3413 ablutioni

2243 3482 2309 3538 et
2353 3476 2698 3553 prolationi
2745 3474 3122 3548 verborum,
3174 3490 3297 3552 per
3343 3474 3614 3537 modum
3669 3491 3792 3536 cae-

2241 3603 2572 3675 remoniae,
2626 3618 2847 3680 neque
2894 3599 3087 3661 aliam
3161 3600 3363 3662 hahet
3434 3600 3787 3675 diversam,

2242 3727 2356 3786 aut
2395 3724 2712 3786 motivum
2764 3727 3195 3787 intrinsecum
3255 3725 3545 3800 alteriuS,
3606 3728 3784 3806 quod

3897 3840 4076 3892 Verus

3897 3917 4086 3953 sensus

2241 3995 2382 4040 mas
2426 3978 2692 4058 quando
2754 3976 2906 4040 dicit
2960 3994 3093 4039 non
3149 3980 3395 4057 requiri
3444 3979 3637 4042 aliam
3679 3983 3784 4042 in·
3812 3963 3878 4014 D.
3909 3967 4152 4020 Thonnae,

2244 3855 2622 3930 cognoscat.
2669 3852 2746 3913 Et
2774 3853 2898 3913 hoc
2927 3850 3126 3915 modo
3169 3852 3453 3915 intendit
3499 3855 3575 3917 D.
3621 3855 3786 3916 Tho·

2244 4103 2606 4166 tentionem
2645 4103 2712 4163 in
2771 4119 2849 4164 eo
2891 4101 3177 4165 faciendi
3236 4104 3414 4184 quod
3465 4104 3617 4169 facit
3661 4109 3786 4169 Ec-

2243 4232 2463 4306 clesia,
2499 4230 2822 4294 diversam
2851 4230 2932 4293 ab
2966 4247 3067 4305 ea,
3100 4248 3243 4311 quae
3272 4237 3373 4294 est
3412 4230 3790 4311 proferendi

2237 4362 2463 4436 verba,
2527 4366 2592 4421 et
2650 4358 2984 4431 abluendi,
3040 4375 3284 4437 nempe
3343 4360 3465 4421 suh
3532 4361 3786 4424 ratione

2240 4489 2402 4549 ritus
2459 4493 2526 4549 et
2580 4488 3018 4560 coeremoniae3
3073 4491 3141 4548 et
3184 4488 3473 4549 excludit
3536 4493 3787 4550 tantum

2239 4616 2416 4677 illam
2459 4617 2889 4677 intentionem
2939 4628 3320 4690 expressam
3367 4618 3433 4674 et
3482 4628 3785 4675 necessa-

2241 4745 2424 4814 riam,
2476 4755 2606 4819 qua
2649 4739 2848 4800 vellet
2908 4738 3143 4799 imitari
3202 4738 3583 4810 Ecclesiam,
3641 4745 3770 4800 tan·

2243 4882 2439 4946 quam
2498 4881 2580 4927 ex
2643 4864 2767 4926 hoc
2823 4863 3067 4925 motivo
3148 4868 3566 4940 conceptam,
3640 4867 3785 4927 sine

2243 5005 2372 5068 qua
2446 4991 2665 5065 potest
2731 5001 3000 5047 manere
3072 4985 3564 5047 Sacramentum
3623 4987 3786 5048 vali-

2245 5116 2427 5191 dum,
2478 5115 2624 5195 quia
2669 5112 2984 5175 motivum
3032 5109 3363 5175 sufficiens
3404 5112 3785 5174 intentionis

2241 5242 2570 5325 generalis
2645 5241 2958 5313 subsistit,
3034 5239 3140 5301 vel
3213 5255 3290 5300 eo
3365 5239 3509 5317 ipso
3602 5238 3782 5317 quod

2240 5368 2542 5431 intendat
2617 5367 3021 5429 ablutionem
3079 5363 3342 5436 facere,
3441 5370 3508 5425 et
3581 5364 3780 5426 verba

2239 5493 2533 5575 proferre
2581 5510 2702 5572 per
2746 5492 3016 5556 modurn
3065 5494 3227 5556 ritus
3259 5495 3323 5551 et
3358 5492 3780 5566 caeremoniae,

2252 5633 2357 5699 vel
2406 5651 2536 5714 qua
2587 5637 2862 5695 utuntur
2909 5631 3037 5705 alii,
3067 5629 3176 5694 vel
3225 5645 3424 5709 quam
3461 5631 3540 5692 ad
3582 5626 3802 5704 requi-
