4287 6313
1653 420 1831 481 DlST
1876 423 2003 485 Vll.
2053 425 2415 499 QUAESTlO
2463 431 2506 492 l.

119 556 433 682 fflssffi
464 564 824 634 Romanum
914 572 1290 639 Pontificem
1341 597 1457 642 seu
1525 579 1881 647 Concilium
1937 583 2014 649 ab

108 742 144 790 h
179 680 431 792 ffiffisslss-
462 700 539 745 eo
595 683 1064 769 approbatum;
1141 704 1205 755 ct
1274 693 1628 760 necessitas
1675 716 1823 782 quae
1863 717 2012 784 sup·

145 758 174 791 ⁸
208 820 328 874 pem
365 868 375 879 ⁶
468 796 756 881 ponitur,
794 812 865 866 ut
895 822 1090 869 causa
1130 803 1660 893 dispensationis,
1730 832 1860 877 non
1893 834 2009 898 po-

96 867 422 983 cgffiffi‘ffl.
461 922 585 979 test
610 915 854 984 'cadere
886 919 950 985 in
1011 920 1385 992 districtum
1436 928 1632 994 unius
1662 928 2008 1015 Episcopa-

459 1041 587 1112 tus,
661 1053 808 1101 nam
850 1037 1057 1105 facilis
1115 1052 1216 1107 est
1282 1063 1586 1111 recursus
1641 1046 1717 1113 ad
1784 1046 2006 1133 ipsum

458 1146 848 1236 Episcopum
882 1155 1080 1221 semel
1117 1154 1180 1220 in
1214 1177 1421 1239 anno;
1462 1161 1819 1248 requiritur
1850 1183 2008 1250 ergo

455 1266 806 1334 necessitas
870 1270 1148 1359 alicujus
1222 1276 1609 1356 Provinciae,
1664 1290 1775 1346 aut
1815 1279 2003 1365 regni

451 1380 528 1446 ad
626 1383 995 1469 minimum,
1083 1410 1161 1456 ex
1275 1390 1529 1459 defectu
1635 1395 1995 1483 Episcopo-

460 1518 630 1565 rum.
1668 1586 1672 1589 Α

536 1617 614 1681 Et
636 1618 936 1704 quamvis
965 1621 1164 1710 aliqui
1199 1637 1429 1710 putant
1474 1628 1999 1696 benedictionem

454 1731 853 1813 chrismatiS‚
900 1758 1027 1824 quo
1095 1754 1433 1826 unguntur
1480 1744 1546 1808 in
1589 1746 1831 1812 vertice
1890 1736 1993 1813 ba-

454 1846 698 1931 ptizati,
804 1872 998 1937 posse
1098 1859 1417 1925 committi
1520 1863 1598 1928 ab
1674 1863 1995 1951 Episcopo

460 1965 815 2046 Sacerdoti,
857 1969 1009 2056 quia
1070 1973 1192 2040 hoc
1251 1985 1499 2042 tantum
1556 1981 2007 2046 caeremoniale

104 2090 411 2165 chrismatis
453 2092 575 2147 est.
638 2086 769 2151 Hoc
811 2085 1024 2172 ipsum
1084 2090 1278 2156 etiam
1338 2113 1532 2173 nunc,
1599 2117 1808 2183 neque
1848 2098 2001 2164 olim

132 2154 423 2282 Ἐζῖδῖιξὲἑο
458 2202 628 2271 forte
685 2194 995 2261 committi
1048 2218 1174 2263 non
1234 2201 1441 2285 potuit
1519 2204 1847 2270 Sacerdoti
1924 2227 2003 2271 ex

96 2289 416 2332 reservatur.
457 2310 837 2377 auctoritate
896 2314 1171 2399 privata,
1209 2317 1360 2405 quia
1410 2321 1532 2386 hoc
1581 2320 1794 2407 ipsum
1835 2323 2003 2389 chri·

460 2445 600 2491 sma
667 2448 745 2493 ex
802 2433 1130 2497 communi
1189 2453 1512 2503 consensu
1610 2443 1869 2508 Patrum
1938 2455 2004 2536 ¹et

453 2538 912 2624 Conciliorum,
1003 2565 1077 2610 ac
1153 2547 1564 2631 Pontificum,
1638 2566 1885 2639 spectat
1923 2555 1999 2621 ad

456 2672 693 2720 munus
742 2656 1123 2745 Episcopale
1153 2662 1557 2745 benedicere,
1597 2688 1677 2733 ex
1708 2672 2001 2735 commu-

454 2767 516 2833 ni
549 2772 1019 2840 consuetudine
1048 2777 1378 2861 Ecclesiae,
1417 2794 1481 2848 et
1528 2804 1606 2849 ex
1648 2785 1996 2853 traditione

452 2884 818 2969 Apostolica
850 2894 1179 2959 emanavit
1227 2895 1374 2962 talis
1415 2899 1635 2966 unctio
1682 2912 1746 2966 et
1803 2901 1994 2969 bene-

452 3002 646 3071 dictio
693 3007 1092 3090 chrismatis,
1138 3022 1210 3078 ut
1274 3025 1449 3100 patet
1506 3038 1584 3081 ex
1654 3016 1989 3105 Dionysi0‚

454 3122 692 3209 Cyrillo
738 3126 1076 3193 Cateclzesi
1127 3132 1189 3195 2.
1261 3132 1544 3198 Concilio
1582 3135 1880 3215 Vasensi,
1935 3149 1998 3204 et

97 3243 429 3357 ffissffsffigff
459 3241 878 3310 Bracharensi
912 3247 989 3312 11.
1027 3255 1177 3335 cap.
1242 3253 1350 3317 37.
1412 3251 1567 3317 Item
1613 3254 1890 3338 placuit,
1936 3256 1997 3321 si

99 3371 425 3442 nonpubsunt
455 3359 603 3442 quis
639 3360 994 3446 Presbyter
1039 3376 1185 3450 post
1237 3366 1355 3431 hoc
1406 3367 1831 3435 interdictum
1878 3392 1993 3435 au-

124 3435 393 3499 Ep¹⁸⁰⁰p⁰'
450 3491 560 3535 sus
586 3473 797 3556 fecerit
833 3478 1122 3543 chrisma
1154 3479 1550 3566 benedicere,
1588 3487 1983 3575 deponatur,

451 3609 606 3654 nam
646 3593 910 3678 aiz-tiqui
969 3595 1088 3659 hoc
1135 3618 1417 3665 canones
1455 3614 1820 3687 vetuerunt,
1858 3621 1980 3676 etc.

450 3708 573 3773 Sed
631 3710 857 3796 nequit
901 3712 1263 3801 Episcopus
1316 3716 1697 3806 dispensare
1745 3724 1810 3790 in
1844 3726 1988 3814 lege

451 3823 804 3892 universali
868 3827 1065 3895 totius
1122 3833 1449 3914 Ecclesioe,
1514 3849 1624 3905 aut
1692 3843 1993 3909 Summo-

454 3959 596 4004 rum
640 3942 1047 4022 Pontificum,
1129 3961 1239 4014 aut
1310 3951 1505 4017 etiam
1563 3960 1992 4026 cferemonias

461 4053 540 4119 ab
570 4056 855 4122 Ecclesia
899 4071 1172 4128 statutas
1213 4076 1276 4131 et
1307 4069 1694 4153 approbatas
1742 4088 1993 4144 mutare

464 4192 544 4237 ex
584 4172 874 4240 Trident.
909 4197 1062 4244 sess,
1101 4182 1162 4244 7.
1193 4181 1273 4245 de
1305 4183 1754 4254 Sacramencis
1785 4192 1858 4258 in
1884 4216 1992 4279 yc-

454 4309 612 4354 nere
640 4311 786 4357 can.
828 4295 930 4356 13.
969 4292 1093 4358 Sed
1127 4295 1280 4381 quid
1314 4297 1368 4362 si
1423 4298 1587 4367 fiat?
1621 4307 1991 4392 Responde-

452 4418 557 4473 tur
609 4407 892 4475 chrisma
973 4432 1098 4477 non
1175 4413 1495 4500 benedici,
1581 4444 1791 4510 neque
1848 4450 1992 4495 esse

451 4523 755 4590 idoneum
788 4525 864 4590 ad
920 4528 1084 4594 ritus
1160 4530 1603 4618 baptismales,
1651 4540 1799 4626 quia
1851 4543 1992 4610 haec

143 4190 380 4241 Trident.

450 4639 817 4707 benedictio
881 4646 1192 4730 supponit
1269 4650 1743 4736 auctoritatem,
1797 4652 2010 4743 quam'

452 4776 578 4822 non
622 4768 829 4844 potest
859 4758 1159 4847 delegare
1198 4764 1582 4852 Episcopus.

226 4923 305 4975 31.
541 4876 878 4941 Summum
914 4888 1127 4942 tamen
1172 4881 1545 4950 Pontificem
1583 4907 1698 4972 per
1753 4912 1845 4970 se,
1884 4908 1993 4961 aut

133 4986 387 5039 Pontifieis
450 4988 645 5056 alium
697 5012 814 5058 suo
847 4994 1107 5060 nomine
1138 4996 1438 5084 delegare
1470 5022 1663 5087 posse
1703 5006 1869 5073 hanc
1899 5009 1991 5076 fa-

110 5048 411 5168 νέιῗειιῗῗῗὲῗ.
449 5107 751 5175 cultatem
818 5113 1237 5178 consecrandi
1306 5115 1701 5198 chrismatis,
1757 5120 1990 5191 docent

448 5235 816 5321 CajetanuS,
862 5248 932 5302 ut
971 5239 1249 5307 Victoria
1303 5242 1365 5309 in
1426 5247 1692 5313 Summa
1742 5249 1819 5317 de
1868 5251 1990 5320 hoc

450 5352 903 5434 Sacrament03
951 5357 1348 5442 probabilem
1384 5362 1575 5428 etiam
1616 5364 1802 5433 docet
1831 5371 1986 5436 Sua-

448 5486 552 5530 rez
580 5478 728 5534 sect.
771 5473 835 5537 ⁶2.
879 5472 954 5536 in
988 5474 1144 5555 sine,
1194 5494 1403 5564 neque
1446 5495 1764 5566 repugnat
1808 5486 1980 5553 Sot0.

447 5588 525 5650 Et
600 5585 663 5650 id
713 5586 998 5657 insinuat
1053 5594 1131 5660 ad
1201 5594 1542 5663 minimum
1603 5602 1852 5683 Doctor‚
1919 5619 1988 5673 ut

591 5699 741 5754 Tom.
793 5702 929 5756 XVI.

3597 446 3711 509 673

2131 606 2280 672 quae
2338 591 2644 658 sustineri
2698 597 2925 681 possit,
3004 602 3309 688 quoniam
3372 606 3436 671 in
3514 609 3687 674 calce

2130 704 2518 787 quaestionis
2568 709 2722 775 citat
2792 713 3050 780 modum
3118 717 3373 786 dicendi
3434 722 3685 811 aliquo-

2127 837 2297 899 rum,
2373 814 2484 907 qui
2556 824 2642 890 ita
2701 810 3214 915 interpretantur
3288 836 3685 924 dispensati-

2123 925 2318 1001 onem
2353 939 2646 1025 Gregorii
2691 947 2905 1030 Papae,
2944 949 3023 1015 de
3065 973 3189 1039 qua
3232 953 3423 1035 infra,
3462 969 3532 1024 ut
3566 980 3685 1044 pu-

2126 1061 2266 1117 tent
2324 1074 2472 1121 eum
2562 1060 2979 1132 constituisse
3047 1068 3369 1156 singulos,
3442 1075 3683 1161 quibus

2130 1188 2278 1234 cum
2327 1171 2734 1258 dispensavit
2765 1181 2974 1266 quoad
3017 1183 3197 1252 illum
3238 1200 3479 1272 actum,
3528 1194 3682 1280 Epi-

2126 1304 2388 1374 scopOS,
2452 1290 2575 1358 hoc
2614 1294 2825 1364 dando
2883 1312 3237 1384 potuerunt
3301 1327 3683 1378 consecrare

2121 1400 2434 1487 chrisma,
2490 1408 2784 1492 dicende,
2864 1438 2990 1482 non
3054 1441 3198 1488 esse
3247 1422 3675 1495 differentiam

2122 1517 2294 1585 inter
2326 1523 2717 1613 Episcopum
2751 1544 2814 1597 et
2856 1535 3293 1619 Sacerdotem,
3360 1540 3485 1607 nisi
3522 1544 3679 1609 rati-

2119 1653 2256 1701 one
2301 1642 2659 1725 potestatiS,
2717 1659 2778 1711 et
2840 1668 2964 1715 non
3025 1653 3276 1721 ratione
3340 1656 3675 1749 characte-

2121 1752 2244 1821 ris.

2210 1872 2333 1938 Sed
2370 1876 2687 1964 quidquid
2720 1879 2795 1948 de
2838 1883 2960 1950 hoc
3017 1887 3122 1966 sit,
3172 1890 3428 1974 probari
3462 1904 3675 1979 potest

2121 1986 2227 2054 illa
2278 1995 2621 2075 sententia,
2699 2019 2826 2065 non
2901 2005 3110 2090 magis
3154 2005 3481 2075 declarant
3559 2013 3672 2075 Pa·

2119 2116 2273 2184 tres,
2314 2120 2376 2173 et
2451 2131 2731 2181 canones
2808 2138 2887 2184 ex
2949 2120 3359 2191 institutione
3416 2126 3661 2209 divina,

2116 2221 2286 2289 hanc
2325 2238 2709 2310 potestatem
2751 2238 3173 2304 consecrandi
3206 2242 3489 2310 chrisma
3524 2267 3667 2312 esse

3780 2367 3924 2419 Sicut

2118 2359 2318 2424 penes
2349 2342 2702 2432 Episcopus
2733 2350 2929 2433 solos,
2968 2375 3159 2442 quam
3197 2357 3410 2443 ipsum
3473 2361 3663 2428 mini·
3692 2430 4008 2482 Sacramenti

2117 2455 2391 2522 sterium
2426 2461 2847 2542 Sacramenti‚
2915 2469 3028 2535 sed
3081 2472 3517 2542 ministerium
3561 2477 3661 2565 ip-
3708 2492 3980 2543 ministeri-

2116 2591 2262 2638 sum
2297 2573 2580 2663 delegari
2631 2594 2865 2665 potest,
2929 2600 2998 2651 nt
3070 2588 3232 2655 infra
3290 2562 4010 2679 videbitumssfflkessissu‘ff

2114 2707 2272 2775 ergo
2356 2704 2419 2758 et
2466 2699 2867 2765 consecratio
2934 2702 3326 2772 chrismatis.
3392 2680 3984 2807 Αηῐροε-Οωζῖῗζὲἳδ

2114 2804 2276 2872 dens
2309 2821 2502 2894 patet,
2541 2813 2693 2898 quia
2726 2820 3129 2886 consecratio
3160 2823 3534 2892 chrismatis
3565 2842 3664 2895 est
3720 2804 3965 2872 detegam,

2052 2990 2075 3003 ‚
2113 2934 2376 3009 propter
2409 2947 2596 2993 usum
2631 2931 2774 3017 ejus
2805 2931 2871 2999 in
2907 2937 3346 3017 Sacrament0‚
3391 2942 3661 3031 ideoque

2023 3101 2026 3104 ,
2112 3036 2216 3104 hic
2257 3052 2356 3107 est
2386 3043 2598 3124 altior,
2637 3049 2790 3134 quia
2822 3050 3261 3122 immediatius
3301 3060 3548 3126 accedit
3580 3061 3659 3127 ad

2110 3159 2688 3231 sanctificationem
2779 3179 2842 3234 et
2882 3171 3184 3239 effectum
3226 3177 3651 3262 Sacramenti‚

2107 3293 2255 3339 cum
2290 3276 2651 3346 benedictio
2690 3283 2813 3350 olei
2857 3286 2941 3352 sit
2998 3301 3251 3356 tantum
3313 3292 3657 3381 dispositio

2107 3398 2169 3454 et
2199 3388 2516 3460 dedicatio
2558 3399 2869 3467 materiae.

2198 3505 2515 3589 SecundO‚
2553 3525 2835 3599 potestas
2866 3517 3284 3605 dispensandi
3317 3546 3432 3592 seu
3476 3526 3651 3593 dele·
3725 3532 3959 3645 soff-'da

2106 3621 2303 3706 gandi
2365 3624 2732 3695 facultatem
2795 3633 3207 3704 ministrandi
3267 3643 3648 3709 Sacramen-
3765 3655 3922 3710 ratio.

2104 3746 2267 3818 tum,
2314 3740 2588 3811 includit
2628 3760 3011 3832 potestatem
3044 3755 3238 3822 etiam
3271 3758 3648 3845 dispensan-
3678 3720 4004 3853 ὠξὲἑιῖἓῗιῗᾱὶ

2105 3853 2166 3919 di
2237 3866 2299 3921 et
2373 3857 2715 3949 delegandi
2784 3867 3154 3938 facultatem
3226 3875 3647 3945 benedicendi
3730 3847 3942 3979 ᾗῗςιὲἓῗι

2104 3971 2413 4054 chrisma,
2450 3979 2617 4045 sicut
2651 3991 2932 4068 potestas
2964 3986 3160 4054 linem
3211 3990 3481 4060 includit
3540 4018 3654 4082 po·
3708 3971 3950 4021 medmm.

2106 4099 2404 4158 testatem
2448 4094 2514 4161 in
2548 4098 2873 4181 medium;
2912 4123 3103 4172 casus
3143 4107 3317 4174 enim
3350 4132 3493 4178 esse
3540 4135 3654 4200 po-

2104 4212 2253 4287 test,
2300 4221 2370 4273 ut
2419 4230 2547 4277 non
2600 4216 2807 4298 possit
2847 4219 3072 4286 haberi
3121 4244 3426 4294 recursus
3498 4251 3656 4317 quo·

2102 4322 2320 4389 tannis
2359 4326 2434 4390 ad
2472 4328 2891 4419 Episcopum,
2927 4336 3030 4402 vel
3071 4356 3244 4407 certe
3276 4342 3443 4411 forte
3495 4347 3659 4413 mul-

2103 4439 2187 4504 tis
2218 4442 2429 4528 annis,
2477 4467 2634 4532 ergo
2678 4450 2996 4519 motivum
3042 4456 3237 4523 etiam
3272 4459 3661 4549 dispensan-

2105 4552 2192 4632 di,
2241 4557 2409 4643 quod
2443 4574 2542 4625 est
2576 4564 2906 4648 profectus
2940 4571 3184 4657 populi,
3251 4586 3314 4641 et
3373 4582 3658 4647 necessi-

2103 4680 2203 4736 tas
2269 4675 2695 4762 Sacramenti,
2790 4705 2864 4749 eo
2924 4687 3115 4754 modo
3181 4712 3309 4778 quo
3368 4715 3648 4766 necessa·

2108 4787 2277 4854 rium
2319 4805 2438 4872 est,
2476 4794 2747 4879 perinde
2777 4802 3042 4887 respicit
3075 4819 3453 4891 potestatem
3489 4813 3655 4881 dele·

2106 4905 2305 4987 gandi
2376 4915 3221 5000 utrumqueministerium.

2193 5022 2431 5103 Ter-tic,
2498 5027 2935 5099 ministerium
2996 5037 3392 5109 Sacramenti
3441 5048 3648 5135 magis

2100 5149 2201 5203 est
2295 5138 2797 5238 determinatum
2896 5151 3121 5221 divina
3214 5158 3642 5245 institutione,

2103 5269 2415 5340 quantum
2459 5261 2537 5327 ad
2590 5266 2924 5333 materiam
2967 5283 3031 5336 et
3071 5272 3369 5358 formam,
3432 5293 3495 5346 et
3526 5286 3649 5349 mi-

2105 5372 2409 5453 nistrum,
2507 5399 2700 5465 quam
2769 5383 3133 5455 benedictio
3248 5394 3640 5478 chrismatis,

2104 5490 2255 5575 quia
2341 5493 2482 5560 hacc
2549 5516 2677 5561 non
2721 5499 2915 5568 habet
2983 5504 3475 5580 determinatam
3529 5518 3649 5583 for·

2100 5629 2297 5690 mam,
2333 5624 2442 5678 aut
2477 5613 2696 5700 ritum,
2743 5617 2866 5685 nisi
2915 5623 2995 5687 ab
3049 5625 3186 5712 ipsa
3241 5629 3548 5712 Ecclesia,
3585 5650 3649 5703 et

3419 5747 3479 5796 43

3755 5048 3929 5099 Tertia

3759 5111 3908 5161 ratio.
