4287 6313
1617 384 1812 448 Dls'r.
1862 389 1933 449 111
1982 388 2348 462 QUAES'rlO
2396 389 2463 449 ΙΙ.

540 541 855 635 ptizans
917 549 1290 638 peccaret
1362 545 1860 632 mortaliter,
1914 546 2077 619 imo

537 662 862 733 omnino
930 683 1091 740 non
1151 663 1631 756 baptizaret.
1710 663 2076 738 Primum

530 777 953 870 probatur,
1032 778 1220 871 quia
1285 779 1550 871 legem
1620 778 2075 872 superioris

532 893 801 967 nullus
880 895 1224 968 inferior
1307 900 1576 990 potest
1660 917 2073 979 revocare,

535 1034 680 1089 nec
742 1015 1254 1107 simpliciter,
1327 1038 1471 1090 nec
1543 1016 1637 1090 ad
1709 1022 2072 1109 tempus3

529 1133 657 1205 lex
708 1132 799 1205 de
864 1132 1345 1225 baptizando
1417 1133 1496 1205 in
1569 1134 1729 1207 ista
1809 1132 2079 1207 forma

530 1250 1003 1323 communi:
1106 1252 1185 1319 In
1295 1256 1563 1319 nomine
1670 1255 1898 1320 Patris
2018 1267 2078 1321 ec

532 1369 750 1450 Filii,
860 1369 1012 1439 etc.
1139 1367 1663 1459 promulgata
1768 1364 1918 1442 fuit
2032 1389 2079 1440 a

533 1483 861 1559 Christo
928 1486 1156 1551 Matth.
1237 1487 1513 1564 ultimo;
1612 1503 1810 1575 ergo
1897 1504 2076 1556 eam

535 1621 682 1694 pro
753 1606 1153 1693 tempore,
1241 1620 1387 1693 pro
1461 1622 1617 1694 quo
1698 1601 2078 1677 Christus

529 1738 689 1789 non
733 1716 1178 1799 revocavit,
1216 1716 1486 1789 nullus
1538 1717 1745 1790 alius
1811 1721 2076 1811 potest

531 1855 945 1908 revocare.
1015 1835 1160 1909 Sed
1222 1834 1419 1908 licet
1479 1834 2075 1928 dispensaverit

528 1954 609 2026 in
644 1951 784 2024 illa
816 1951 1020 2043 lege,
1050 1971 1200 2043 pro
1238 1955 1605 2044 tempore
1640 1950 2077 2045 primitivae

527 2069 936 2149 Ecclesiae,
1012 2067 1200 2160 quia
1276 2066 1427 2138 fuit
1492 2066 1708 2140 ratio
1768 2067 2082 2160 dispen-

527 2187 779 2268 sandi,
818 2190 905 2260 ut
937 2185 1506 2277 divulgaretur
1536 2205 1827 2257 nomen
1855 2184 2081 2260 Chri-

531 2303 666 2400 sti,
730 2305 1004 2376 tamen
1075 2301 1214 2373 illa
1285 2301 1606 2375 ratione
1682 2307 2076 2385 cessante,

529 2438 691 2492 non
740 2417 1283 2512 dispensavit;
1356 2436 1556 2509 ergo
1626 2417 1897 2490 nullus
1969 2418 2079 2491 in-

534 2537 794 2608 ferior
834 2555 985 2628 pro
1020 2538 1389 2624 tempore
1429 2533 1569 2606 illo
1607 2533 2074 2627 posteriori,

533 2654 800 2745 potest
831 2650 1303 2743 aliqualiter
1335 2670 1381 2721 a
1421 2649 1598 2742 lege
1644 2650 1781 2722 illa
1823 2651 2080 2724 absol-

529 2768 635 2841 vi.

297 2905 374 2955 ιο.
620 2884 1182 2960 Consimiliter
1304 2884 1701 2978 probatur
1797 2905 2078 2958 secun-

525 3005 739 3084 dum,
787 3002 972 3094 quia
1027 3002 1297 3074 forma
1355 2999 1661 3073 tradita
1721 3022 2078 3074 commu-

524 3120 746 3194 niter
778 3139 1100 3214 semper
1136 3122 1405 3194 manct
1438 3118 1708 3192 forma
1741 3118 1900 3192 nisi
1935 3140 2078 3213 per

525 3236 812 3311 formae
919 3237 1480 3311 institutorem
1584 3257 1733 3329 pro
1803 3236 2076 3329 aliquo

523 3358 899 3446 tempore
975 3354 1117 3428 fiat
1204 3354 1477 3445 aliqua
1543 3354 2071 3445 dispensatio

527 3471 677 3545 Sed
755 3470 1022 3543 forma
1090 3490 1254 3541 non
1318 3469 1468 3543 fuit
1529 3470 2076 3563 dispensative

523 3587 831 3661 tradita
884 3587 1041 3660 nisi
1100 3608 1247 3680 pro
1292 3589 1665 3680 tempore
1719 3607 1867 3681 pro
1920 3609 2074 3682 quo

522 3705 676 3778 fuit
727 3704 1239 3799 dispensandi
1298 3704 1540 3787 ratio,
1613 3704 1925 3779 scilicet
1995 3706 2075 3778 in

524 3820 893 3895 Ecclesia
1023 3819 1467 3914 primitiva,
1573 3825 1658 3894 ut
1782 3841 2076 3895 nomen

530 3940 837 4015 Christi
869 3941 1475 4032 divulgaretur;
1519 3961 1717 4034 ergo
1773 3945 2079 4035 tempo-

531 4080 620 4132 re
692 4058 913 4132 illius
984 4058 1616 4152 dispensationis
1677 4064 2073 4143 cessante,

528 4175 799 4248 forma
867 4174 1009 4247 illa
1073 4173 1248 4247 sola
1315 4176 1612 4256 manet,
1682 4195 1853 4267 quae
1923 4171 2077 4249 fuit

530 4293 806 4365 forma
847 4313 946 4366 ex
981 4291 1524 4366 institutione.

292 4474 375 4522 A„
624 4408 822 4492 Quid
885 4415 1137 4500 ergo?
1208 4411 1387 4480 Non
1447 4408 1697 4479 audeo
1784 4408 2074 4489 dicere,

175 4536 489 4647 imum?
536 4526 743 4619 quod
808 4524 1265 4618 baptizatus
1327 4523 1559 4595 hodie
1614 4522 1693 4596 in
1754 4524 2079 4596 nomine

190 4658 381 4731 christi
414 4658 484 4707 eit
545 4643 876 4726 Christi,
932 4646 1149 4716 esset
1205 4640 1691 4734 baptizatus,
1755 4643 1885 4715 sed
1937 4662 2081 4714 nec

175 4721 502 4785 &⁹⁰³⁰ss
537 4762 790 4833 audeo
822 4758 1112 4839 dicere,
1152 4758 1353 4849 quod
1388 4778 1547 4831 non
1579 4762 1796 4831 esset
1826 4757 2082 4851 bapti-

534 4879 795 4956 zatus,
835 4873 1022 4965 quia
1054 4892 1210 4945 non
1254 4874 1436 4963 lego
1471 4872 1601 4944 ubi
1646 4871 1892 4946 fuerit
1941 4872 2081 4944 illa

532 4991 1029 5085 dispensatio
1082 4995 1492 5063 revocata.
1560 4991 1646 5062 In
1690 4989 1842 5062 hoc
1882 5008 2080 5081 ergo

533 5129 726 5183 casu
811 5111 1097 5200 reputo
1149 5106 1473 5179 dubium
1543 5126 1646 5178 an
1723 5106 1915 5181 talis
1977 5106 2084 5180 sit

543 5223 1067 5317 baptizatus?

627 5339 866 5415 Circa
946 5339 1197 5413 istum
1258 5341 1532 5411 autem
1598 5338 1764 5410 talc
1827 5358 2084 5410 reme-

533 5454 752 5528 dium
803 5454 1250 5528 habendum
1292 5458 1443 5535 est,
1502 5454 1714 5527 sicut
1768 5454 2084 5527 univcr-

543 5571 830 5646 saliter
864 5572 939 5645 in
975 5571 1158 5643 aliis
1208 5570 1466 5642 dubiis
1509 5570 1957 5667 adhibetur,
1995 5573 2085 5644 de

3628 391 3744 453 293

2196 568 2352 641 quo
2391 552 2673 619 Exti-av.
2727 552 2809 619 de
2853 554 3222 640 Raptis-mc,
3287 553 3365 623 et
3407 550 3583 644 ejus
3634 549 3739 623 ef-

2195 664 2436 751 fectu,
2507 667 2597 738 de
2667 667 2954 759 quibus
2985 719 2988 722 Α
3022 666 3346 739 dubium
3397 670 3545 749 est,
3640 687 3741 739 an

2196 782 2583 875 baptizati
2630 780 2958 863 fuerint,
3004 783 3521 875 baptizentur
3566 805 3744 856 ver-

2196 896 2317 968 bis
2373 895 2555 969 istis
2633 897 3086 990 praemissis
3142 925 3155 968 :
3224 902 3303 965 Si
3371 901 3745 988 baptizatus

2192 1035 2282 1095 eS,
2325 1036 2459 1081 non
2498 1016 2759 1102 baptizo
2811 1029 2911 1094 te:
2955 1017 3070 1083 sed
3116 1019 3178 1081 si
3228 1038 3363 1083 non
3414 1038 3480 1082 es
3530 1017 3742 1102 bapti-

2192 1139 2403 1208 zalus,
2440 1151 2554 1216 eqo
2604 1141 2662 1230 le
2702 1132 2971 1218 baptizo
3002 1134 3075 1197 in
3116 1134 3382 1198 nomine
3422 1132 3650 1197 Patris
3681 1141 3744 1196 et

2191 1244 2381 1322 Filii,
2429 1247 2578 1316 etc.
2621 1247 2716 1318 Et
2753 1245 3335 1321 universaliter
3376 1245 3456 1317 in
3493 1246 3743 1318 omni-

2192 1356 2337 1428 bus
2375 1358 2634 1431 dubiis
2705 1362 3093 1452 quantum
3153 1361 3247 1433 ad
3307 1360 3740 1435 materiam

2190 1477 2267 1545 et
2339 1473 2716 1556 formam,
2783 1481 2968 1550 sunt
3046 1482 3217 1552 tres
3299 1477 3674 1552 maximae
3718 1505 3733 1549 ε

2195 1591 2475 1664 Prima
2507 1598 2631 1667 est
2667 1593 2825 1667 ista
2871 1619 2884 1663 :
2929 1598 3007 1663 Si
3051 1597 3467 1684 possibilitas
3526 1599 3733 1677 adest,
3868 1626 3995 1675 'rres
4035 1685 4043 1694 ἱ

2192 1714 2303 1777 via
2365 1715 2695 1778 tutissima
2760 1727 2851 1779 est
2900 1715 3230 1798 elme-uda.
3308 1713 3664 1786 Secunda
3718 1689 4086 1801 εἷζῖἰὲῗὶῗγᾷῗ

2195 1829 2272 1892 Si
2310 1850 2446 1894 non
2494 1829 2679 1894 adest
2729 1831 3162 1916 possibilitas,
3209 1832 3335 1897 vice
3394 1833 3741 1900 tutissimae
3770 1817 4077 1862 mentorum.

2186 1948 2506 2033 promima
2546 1957 2638 2011 est
2682 1948 2991 2014 tenenda.
3029 1945 3309 2019 Tertia
3343 1949 3469 2019 est
3511 1946 3670 2019 ista
3719 1972 3736 2017 :

2197 2061 2511 2128 Cessante
2585 2064 3141 2150 impossibilitate,
3222 2077 3411 2131 cante
3457 2077 3551 2132 esc
3588 2087 3736 2151 sup-

2187 2178 2533 2266 plendum,
2570 2179 2747 2266 quod
2786 2181 3292 2267 impossibilitas
3317 2183 3737 2268 prohibebat.

2647 2437 3288 2501 COMMENTARIUS.

2272 2660 2361 2744 (θ)
2412 2663 2620 2724 Tertio
2651 2663 2729 2724 de
2754 2665 2979 2740 forma
3023 2663 3386 2723 necessaria
3431 2679 3516 2723 eoe
3546 2670 3740 2741 parte
3893 2683 3970 2734 17.

2192 2784 2630 2849 sacramenti,
2678 2784 2802 2841 etc,
2860 2778 3205 2841 Conclusio
3255 2780 3552 2842 Doctoris
3615 2786 3736 2852 esl,
3772 2747 4070 2858 Expxggmn-

2191 2895 2276 2960 ad
2329 2897 2796 2958 necessilatem
2867 2896 3270 2957 sacramenti
3324 2897 3594 2976 requiri,
3668 2900 3741 2957 ut
3796 2871 4062 2999 ffipft‘i’fflff

2192 3014 2591 3094 exprimatur
2665 3019 2849 3075 actus
2932 3011 3325 3090 baptizandi,
3401 3018 3468 3073 et
3535 3014 3738 3076 susci·

2190 3135 2379 3213 piens
2433 3149 2579 3194 cum
2651 3131 3067 3194 invocatione
3124 3131 3547 3194 sanctissimae
3596 3134 3733 3197 Tri-

2189 3216 2431 3321 nitatiS,
2475 3263 2610 3310 non
2670 3252 2879 3310 tamen
2939 3262 3222 3324 persona
3281 3249 3738 3322 minimi-nest

2192 3372 2486 3435 doctrina
2545 3372 2935 3442 communiS,
2988 3386 3131 3449 quae
3178 3371 3457 3432 habetur
3502 3388 3582 3432 ex
3627 3388 3732 3433 ca-

2190 3489 2420 3567 pilum,
2463 3488 2540 3546 Si
2593 3489 2758 3563 que‘S,
2820 3489 2947 3546 etc.
3007 3488 3085 3548 de
3143 3485 3482 3561 ὁαριιζςηιο,
3520 3485 3737 3566 ·quod

2190 3610 2291 3666 est
2336 3601 2692 3666 Alexandri
2747 3603 2850 3665 111.
2911 3604 2992 3663 Si
3029 3604 3172 3679 quis
3193 3617 3478 3678 puerum
3528 3607 3629 3663 ter
3673 3605 3740 3662 in

2189 3739 2432 3799 aquam
2490 3722 2876 3785 immerserit
2948 3726 3018 3784 in
3085 3723 3344 3783 nomine
3398 3725 3615 3783 Patris
3682 3728 3739 3782 et

2189 3838 2342 3900 Filii
2392 3844 2450 3901 et
2520 3841 2806 3915 Spiritus
2858 3841 3084 3901 sancti.
3162 3843 3384 3907 Amen,
3480 3842 3546 3900 et
3604 3855 3737 3901 non

2191 3953 2424 4017 dixerit
2459 3973 2474 4017 ε
2515 3959 2648 4032 qu
2703 3960 2763 4015 te
2819 3955 3073 4031 baptizo
3118 3956 3181 4015 in
3224 3956 3482 4017 nomine
3525 3958 3740 4017 Patris

2192 4079 2247 4134 et
2289 4071 2444 4134 Filii
2481 4077 2537 4131 ec
2582 4072 2871 4144 Spiritus
2909 4073 3136 4132 sancti.
3182 4075 3402 4139 Amen.
3469 4089 3596 4133 non
3650 4079 3740 4134 est

2185 4203 2356 4264 puer
2398 4188 2775 4263 baptizatus.

2273 4293 2381 4354 llla
2443 4296 2667 4354 aulem
2727 4293 2980 4367 baptizo
3045 4297 3105 4352 te
3165 4295 3591 4371 requiruntur
3649 4295 3734 4357 ad
3855 4346 4014 4395 Actus

2192 4412 2690 4488 expressionem
2742 4414 2929 4470 actus
2973 4409 3370 4486 baptizandi,
3423 4415 3488 4471 el
3519 4411 3736 4489 ipsum
3769 4406 4084 4517 misisti-gel}-

2192 4528 2686 4607 suscipientem,
2764 4538 2895 4588 non
2962 4527 3172 4597 aliter,
3241 4527 3392 4604 quia
3449 4542 3735 4604 persona
3770 4486 3966 4537 pumen

2192 4642 2462 4705 ministri
2532 4656 2667 4702 non
2750 4642 3124 4702 necessario
3184 4641 3591 4718 exprimitur,
3668 4649 3739 4704 ut

2192 4763 2376 4837 patet
2433 4774 2513 4818 ex
2582 4754 2790 4817 forma
2851 4756 3237 4828 Graecorum,
3304 4761 3368 4817 et
3432 4757 3551 4817 alia
3619 4772 3741 4833 per

2194 4875 2565 4952 baptizatur
2608 4879 2673 4935 et
2732 4874 3143 4949 baptizatam
3190 4887 3385 4949 quam
3456 4870 3739 4932 formam

2193 4997 2402 5056 ratam
2468 4991 2672 5052 habet
2747 4988 3105 5052 Concilium
3168 4988 3607 5050 Florentinum
3676 4991 3740 5050 in

2197 5112 2463 5174 decreto
2531 5109 2797 5172 Unionis
2845 5111 3276 5170 Armenorurn
3324 5108 3405 5170 de
3455 5108 3579 5168 hoc
3625 5108 3737 5167 Sa·
3815 5128 4045 5178 morem,

2199 5233 2559 5297 eramento,
2621 5227 2735 5288 ubi
2792 5226 3109 5303 triplicem
3180 5223 3451 5286 modum
3523 5228 3739 5301 expri-

2198 5344 2422 5407 mendi
2461 5343 2738 5405 formam
2805 5340 3081 5402 validam
3157 5341 3557 5402 Sacramenti
3624 5339 3745 5401 de-

2198 5466 2423 5526 clarat.
2502 5462 2754 5523 Primus
2814 5465 2936 5531 est,
3000 5463 3128 5536 qu
3186 5464 3245 5520 te
3303 5460 3598 5534 baptizo,-
3640 5475 3740 5519 se-

2199 5581 2478 5652 cunduS,
2552 5579 2921 5655 baptizatur
2988 5592 3208 5639 servus
3281 5575 3541 5648 Christi,
3611 5582 3734 5636 etc.
