4287 6313
1687 381 1883 442 nis'r.
1921 380 2020 441 lv.
2065 338 2424 455 QUAEs'rlo
2475 379 2575 439 iv.

1065 593 1470 651 SCHOLIUM.

466 873 470 877 ¹
566 805 869 863 Adultum
903 821 937 862 a
969 807 1295 863 nativitate
1346 808 1672 873 furiosum,
1722 805 2047 876 baptizan-

494 904 641 961 dum
727 920 883 974 esse,
952 907 1113 963 sicut
1179 905 1520 974 infantem,
1589 904 2044 977 expectandum

491 1010 700 1063 tamen
779 1003 1056 1060 lucidum
1122 1005 1552 1072 intervallum,
1606 1005 1658 1060 si
1716 1009 2043 1075 speratum

494 1103 829 1173 furiosum,
888 1104 1259 1175 quandoque
1319 1104 1560 1160 ratione
1607 1118 1810 1170 usum,
1863 1103 2045 1173 juxta

492 1200 879 1259 desiderium
931 1203 1095 1274 quod
1145 1206 1287 1260 ante
1327 1203 1559 1260 furiam
1613 1202 1831 1259 habuit
1896 1216 2045 1270 erga

494 1302 916 1370 Baptismum,
948 1300 1391 1372 baptizandum
1424 1316 1579 1371 esse,
1605 1300 1709 1356 vel
1759 1311 1901 1357 non.

589 1455 738 1527 Hic
796 1455 1206 1546 distinguo
1249 1458 1375 1545 (a),
1430 1459 1600 1528 tam
1649 1475 1747 1525 ex
1808 1457 2042 1546 parte

499 1571 700 1663 ejus,
756 1573 890 1665 qui
929 1572 1228 1646 dicitur
1276 1572 1621 1650 adultus,
1670 1590 1910 1663 quam
1944 1592 2041 1644 ex

294 1735 343 1787 2·
503 1693 735 1781 parte
775 1690 976 1782 ejus.
1014 1690 1148 1782 qui
1181 1689 1478 1762 dicitur
1520 1708 1679 1760 non
1729 1690 2035 1760 volens.

496 1809 611 1880 De
661 1807 949 1898 primo,
997 1812 1137 1880 aut
1179 1807 1497 1881 adultus
1554 1826 1715 1877 non
1779 1805 2043 1879 utitur

494 1944 702 1997 nunc
784 1924 1126 2006 ratione,
1208 1943 1352 1996 nec
1440 1927 1562 1996 est
1644 1945 1835 1995 usus
1905 1944 2075 2002 un-,

496 2062 764 2133 quam,
844 2046 930 2115 ut
992 2041 1379 2120 furiosus,
1451 2040 1577 2112 vel
1651 2040 1926 2112 fatuus
1996 2059 2043 2111 a

492 2158 966 2238 nativitate;
1048 2159 1186 2229 aut
1255 2178 1415 2229 non
1491 2157 1754 2230 utitur
1832 2178 2043 2229 nunc

496 2274 842 2355 ratione,
900 2276 1032 2347 sed
1101 2274 1539 2366 aliquando
1609 2280 1732 2348 est
1800 2295 2039 2354 usus;

494 2395 631 2462 aut
692 2391 940 2465 tertio
1003 2412 1213 2463 nunc
1274 2390 1539 2464 utitur
1605 2389 2046 2464 actualiter

496 2510 843 2581 ratione.

582 2628 698 2699 De
732 2626 996 2718 primo
1031 2624 1397 2697 breviter
1438 2623 1854 2695 dicendum
1892 2627 2041 2705 est,

499 2742 706 2815 sicut
750 2742 841 2814 de
885 2742 1254 2835 parvulo,
1314 2739 1469 2812 nisi
1515 2741 1723 2832 quod
1766 2740 1845 2813 in
1895 2739 2046 2813 hoc

192 2880 442 2953 Adultus,
498 2862 621 2930 est
655 2856 1140 2938 differentia,
1181 2856 1381 2948 quod
1419 2855 1485 2926 si
1522 2861 1906 2947 speratur
1939 2853 2049 2947 ip-

268 2958 353 3007 q⁰¹
502 2994 680 3046 sum
714 2974 1145 3066 aliquando
1198 2973 1667 3053 curandum,
1741 2977 1818 3045 et
1866 2994 2047 3044 usu·

507 3112 681 3165 rum
721 3091 1062 3174 ratione,
1084 3090 1663 3183 expectandum
1696 3092 1818 3161 est
1850 3092 2047 3163 tem-

503 3230 649 3300 pus
674 3207 890 3287 illud,
918 3210 1003 3278 ut
1037 3227 1220 3278 cum
1259 3205 1552 3296 maiori
1590 3206 2048 3278 reverentia

501 3323 893 3417 suscipiat
939 3325 1583 3396 Sacramentum.
1648 3322 1727 3396 Si
1772 3326 2044 3394 autem

495 3444 978 3534 desperatur
1042 3440 1134 3512 de
1201 3460 1295 3511 eo
1369 3439 1576 3530 quod
1643 3439 1736 3510 ad
1807 3459 2044 3509 usum

497 3560 841 3634 rationis
890 3575 1303 3648 nunquam
1341 3556 1721 3646 attingat,
1761 3555 2042 3628 statim

494 3674 1065 3750 conferendum
1144 3676 1265 3745 est
1339 3671 1487 3744 sibi
1567 3674 2043 3745 Sacramen-

492 3796 694 3875 tum,
777 3778 966 3884 quia
1005 3790 1208 3862 nulli
1252 3791 1464 3861 Deus
1515 3788 1865 3862 excludit
1926 3809 2045 3860 re-

499 3909 845 3982 medium
898 3907 990 3978 ad
1038 3906 1410 3978 salutem.

582 4024 698 4095 De
768 4019 1140 4100 secundo,
1226 4018 1537 4091 scilicet
1616 4038 1825 4089 nunc
1885 4035 2044 4088 non

497 4141 796 4217 utente,
846 4135 980 4227 qui
1042 4134 1472 4227 aliquando
1525 4138 1797 4207 tamen
1849 4153 2043 4203 usus

176 4292 441 4355 Furiosus,
498 4256 619 4325 est
675 4252 1022 4333 ratione,
1077 4250 1247 4322 dico
1304 4251 1507 4341 quod
1560 4248 2045 4341 supponitur

167 4356 472 4485 quaggssque
500 4390 710 4441 nunc
762 4366 1293 4441 habitualiter
1355 4365 1869 4439 consentiens
1918 4363 2043 4435 vel

145 4549 227 4595 est
256 4496 471 4604 3332„ss
501 4485 1009 4565 dissentiens,
1056 4484 1489 4556 secundum
1536 4483 1738 4575 quod
1781 4504 1863 4553 se
1905 4481 2044 4553 ha-

174 4609 448 4720 iffau‘iinzffiff
502 4606 672 4678 buit
732 4604 812 4676 in
864 4601 1240 4683 sanitate,
1286 4605 1471 4674 ante
1541 4600 1752 4675 istud
1803 4599 2046 4690 impe-

244 4684 374 4781 ξω·
498 4722 941 4794 dimentum
1019 4717 1505 4798 immediate,
1596 4716 1909 4790 scilicet
1977 4715 2044 4787 si

398 4832 401 4835 ’
500 4842 689 4911 tunc
716 4836 1155 4911 actualiter
1180 4834 2042 4927 consensit,judicatur

501 4976 709 5028 nunc
752 4952 1289 5027 habitualiter
1348 4951 1911 5032 consentiens;
1976 4951 2044 5022 si

504 5079 694 5147 tunc
744 5071 1186 5145 actualiter
1235 5069 1636 5151 dissensit,
1680 5089 1890 5142 nunc
1924 5070 2045 5162 ju-

503 5189 822 5265 dicatur
852 5186 1385 5260 habitualiter
1415 5186 1923 5259 dissentiens.
1946 5190 2046 5262 Et

504 5306 693 5387 dixi,
740 5306 1145 5384 immediate,
1193 5302 1311 5376 ita
1382 5303 1590 5394 quod
1652 5302 1866 5376 inter
1924 5323 2051 5375 ac-

504 5428 681 5497 tum
723 5423 953 5496 illum
984 5425 1065 5495 et
1104 5420 1317 5493 istud
1359 5420 2044 5513 impedimentum,

506 5561 664 5613 non
737 5539 1177 5613 intervenit
1255 5543 1524 5612 motus
1601 5536 2050 5612 voluntatis

638 5662 972 5719 Tom.xvl.

172 3023 437 3074 nunquam

259 3089 382 3124 usus

147 3146 230 3193 est
256 3138 470 3199 ratione,

221 3207 274 3252 in
282 3205 390 3253 sans

183 3272 442 3318 censetur.

3597 376 3714 440 417

2163 537 2611 629 oppositus.
2720 540 2819 610 Et
2914 537 3028 609 sic
3125 533 3708 608 universaliter

2160 653 2360 736 dicO‚
2428 652 2632 745 quod
2676 653 2830 726 iste
2881 651 3409 725 habitualiter
3452 672 3535 722 se
3576 650 3707 722 ha-

2160 768 2377 851 bens,
2450 774 2720 863 potest
2794 770 3157 862 recipere
3237 773 3707 842 Sacramen-

2160 887 2359 968 tum,
2434 886 2640 959 sicut
2721 887 2986 980 patuit
3056 886 3310 979 prius,
3397 884 3709 977 quando

2163 1007 2343 1076 actu
2421 1001 2535 1075 sic
2599 1002 2726 1074 vel
2809 1001 2924 1074 sic
2995 1023 3079 1074 se
3140 1000 3442 1074 habuit.
3511 1004 3712 1083 Qua-

2162 1118 2353 1192 liter
2393 1125 2665 1192 autem
2710 1120 3148 1193 actualiter
3217 1140 3301 1191 se
3378 1117 3704 1198 habens,

2160 1236 2417 1329 possit
2458 1235 2887 1329 baptizari,
2945 1237 3225 1311 statim
3275 1236 3593 1310 dicetur
3629 1235 3708 1308 in

2159 1351 2409 1426 tertio
2470 1352 2859 1425 membro.

2251 1470 2422 1552 Sed,
2479 1471 2903 1560 expeditne
2956 1471 3203 1545 talem
3254 1472 3707 1567 baptizari?

2162 1587 2421 1659 Multa
2470 1588 2683 1660 enim
2753 1588 2966 1670 licet,
3028 1611 3202 1682 quae
3252 1611 3414 1663 non
3474 1612 3708 1684 expe-

2159 1705 2411 1788 diunt,
2473 1708 2536 1777 1.
2604 1710 2906 1776 Corinth.
2952 1709 3016 1779 6.
3067 1707 3568 1800 Respondeo,
3607 1707 3706 1779 'si

2161 1827 2539 1915 speretur
2596 1845 2779 1896 eum
2841 1825 3293 1898 rediturum
3335 1826 3429 1898 ad
3472 1846 3707 1898 usum

2163 1938 2535 2022 rationiS,
2635 1939 2896 2032 magis
2977 1942 3295 2034 expedit
3384 1946 3704 2034 tempus

2159 2060 2618 2148 expectare,
2685 2077 2841 2148 quo
2912 2062 3288 2131 uteretur
3358 2058 3704 2139 ratione,

2161 2176 2355 2263 puta
2395 2174 2485 2245 de
2525 2174 3001 2256 dormiente,
3046 2178 3365 2268 tempus
3404 2175 3709 2268 vigiliae

2159 2290 2478 2382 expedit
2543 2294 3002 2383 expectare,
3074 2298 3154 2366 et
3234 2293 3324 2365 de
3395 2292 3709 2365 furioso

2163 2407 2481 2497 tempus
2524 2406 2765 2479 lucidi
2811 2407 3250 2481 intervalli.
3308 2409 3388 2483 Si
3432 2413 3704 2483 autem

2160 2541 2322 2594 non
2420 2528 2822 2616 speretur,
2926 2529 3120 2618 puta
3203 2528 3295 2599 de
3374 2548 3494 2609 eo,
3569 2527 3705 2619 qui

2163 2636 2439 2712 incidit
2511 2640 2589 2712 in
2668 2645 3147 2734 perpetuum
3192 2642 3708 2736 impedimen-

2161 2758 2334 2827 tum
2403 2779 2597 2829 usus
2661 2758 3035 2841 rationis,
3116 2781 3296 2832 eum
3387 2761 3704 2854 expedit

2161 2874 2602 2968 baptizare,
2705 2877 2773 2947 si
2868 2881 3139 2950 tamen
3235 2882 3358 2951 est
3450 2898 3708 2971 capax

2161 2991 2586 3082 Baptismi,
2653 2992 2839 3084 quia
2907 2992 3110 3064 alias
3161 2999 3712 3087 exponeretur

2163 3108 2524 3201 periculo
2558 3108 3129 3183 damnationis.
3178 3109 3549 3194 Qualiter
3582 3130 3714 3183 au-

2164 3232 2327 3299 tem
2392 3226 2499 3301 sit
2557 3248 2839 3321 capax,
2893 3228 3176 3300 statim
3245 3229 3561 3302 dicetur
3619 3229 3711 3301 de

2163 3349 2439 3418 utente
2474 3345 2821 3420 ratione.

2618 3583 3249 3646 COMMENTARIUS.

2238 3807 2327 3889 (a)
2355 3812 2472 3870 Hic
2519 3810 2835 3885 distz‘nyuo
2878 3814 3016 3868 tam
3045 3826 3129 3870 ex
3162 3815 3355 3885 parte
3398 3811 3538 3887 ejus
3595 3811 3711 3886 qui
3869 3827 3920 3878 1.

2159 3927 2398 3987 dicitur
2427 3925 2704 3998 adultus,
2739 3931 2864 3987 etc.
2926 3924 3253 3986 Resolutio
3298 3924 3494 4005 hujus
3525 3941 3703 4002 quae-
3754 3888 4033 4003 D‘ffl'i'fflss.

2157 4038 2387 4102 slionis
2421 4044 2519 4101 est
2564 4039 2924 4101 communis
2953 4038 3460 4118 Theologorum,
3501 4042 3696 4101 Alen·
3763 4016 4050 4128 Dffifflfflss‘

2140 4156 2243 4221 ,sis
2263 4156 2323 4215 4.
2350 4162 2531 4232 part.
2567 4163 2782 4231 quaest.
2816 4156 2877 4216 8.
2913 4172 2997 4214 m.
3045 4155 3107 4214 7.
3135 4163 3261 4217 are.
3295 4158 3355 4217 2.
3389 4156 3696 4231 §ultima
3739 4140 4046 4191 Paladanus.

3780 4202 4006 4254 Gabriel.

2119 4274 2234 4344 ‚D.
2305 4274 2568 4335 Thomae
2636 4273 2695 4335 3.
2740 4279 2914 4349 part.
2963 4280 3171 4349 quoest.
3228 4273 3330 4335 69.
3396 4278 3524 4335 art.
3603 4275 3697 4335 12.
3757 4264 4054 4316 Durandus.

2156 4387 2561 4464 reliquorum
2593 4389 2657 4449 in
2685 4388 2744 4447 4.
2779 4388 2919 4448 dist.
2962 4388 3022 4447 4.
3074 4388 3186 4450 ubi
3235 4388 3310 4448 D.
3356 4388 3701 4449 Bonaven-
3755 4328 4028 4439 hffigirlliffs’·

2159 4509 2302 4563 tura
2344 4505 2555 4563 art.·2.
2620 4509 2839 4579 quaest.
2902 4505 2954 4564 1.
3016 4502 3375 4565 Richardus
3445 4505 3589 4564 dist.
3638 4503 3701 4564 6.
3791 4452 4007 4566 Αὲἰὲιιιῗξ

2161 4626 2290 4680 art.
2331 4622 2388 4681 l.
2423 4624 2641 4695 quaesc.
2686 4620 2752 4679 2.
2806 4618 3179 4681 Paludanus
3211 4621 3448 4682 ibidem
3500 4628 3703 4696 quoest.

2160 4738 2218 4797 2.
2269 4742 2394 4796 art.
2447 4736 2503 4796 l.
2571 4740 2626 4795 et
2682 4737 2742 4795 2.
2804 4751 2862 4811 q.
2926 4738 2986 4797 2.
3048 4734 3400 4797 Durandus
3456 4738 3599 4798 dist.
3645 4739 3705 4796 4.

2162 4855 2380 4927 quaesl.
2428 4853 2488 4912 7.
2580 4850 2830 4911 Gabriel
2875 4854 3100 4914 eadem
3157 4855 3301 4914 dist.
3377 4859 3595 4928 quaest.
3642 4855 3706 4913 2.

2164 4976 2290 5029 art.
2348 4969 2407 5028 2.
2442 4968 2758 5030 Max-silius
2815 4970 2881 5029 in
2949 4969 3007 5031 4.
3070 4976 3285 5048 quaest.
3347 4973 3406 5032 4.
3476 4983 3601 5033 art.
3650 4975 3711 5035 4.

2164 5084 2313 5146 dub.
2376 5087 2434 5147 3.
2495 5082 2819 5146 Adrianus
2863 5093 3082 5160 quaest.
3139 5088 3196 5147 1.
3241 5089 3318 5148 de
3369 5089 3713 5176 Baptismo,

2166 5205 2294 5261 arc.
2347 5202 2407 5262 3.
2466 5200 2659 5262 Sotus
2715 5203 2785 5261 in
2830 5200 2888 5260 4.
2937 5201 3076 5263 dist.
3140 5209 3356 5279 quaest.
3410 5204 3464 5265 1.
3504 5211 3620 5265 art.
3654 5206 3716 5265 7.

2168 5325 2232 5379 et
2277 5315 2572 5380 moderni
2606 5319 2970 5395 Scriptores
3001 5323 3061 5382 3.
3111 5326 3293 5397 part.
3362 5328 3576 5397 quaesl.
3609 5321 3710 5382 64.

2166 5438 2293 5495 art.
2335 5435 2428 5496 10.
2479 5440 2535 5495 et
2578 5433 2678 5495 69.
2717 5440 2841 5496 art.
2899 5436 2991 5496 12.
3055 5435 3158 5496 vel
3213 5438 3281 5498 in
3337 5436 3716 5516 Magistrum

2165 5553 2232 5611 in
2276 5549 2333 5610 4.
2370 5551 2514 5611 disc.
2548 5549 2606 5610 4.
2634 5551 2693 5611 5.
2729 5555 2784 5609 et
2829 5554 2889 5612 6.
2923 5551 2995 5612 Hi
3045 5567 3278 5613 omnes
3320 5552 3563 5615 docent
3608 5571 3712 5615 re-

3512 5669 3571 5719 27
