<?xml version="1.0" encoding="UTF-8"?>
<!DOCTYPE html PUBLIC "-//W3C//DTD XHTML 1.0 Transitional//EN"
    "http://www.w3.org/TR/xhtml1/DTD/xhtml1-transitional.dtd">
<html xmlns="http://www.w3.org/1999/xhtml" xml:lang="en" lang="en">
 <head>
  <title>
</title>
<meta http-equiv="Content-Type" content="text/html;charset=utf-8" />
  <meta name='ocr-system' content='tesseract 3.04.00' />
  <meta name='ocr-capabilities' content='ocr_page ocr_carea ocr_par ocr_line ocrx_word'/>
</head>
<body>
  <div class='ocr_page' id='page_1' title='image "./joannisdunsscot01waddgoog_0603.png"; bbox 0 0 4287 6313; ppageno 0'>
   <div class='ocr_carea' id='block_1_1' title="bbox 1562 402 2498 480">
    <p class='ocr_par' dir='ltr' id='par_1_1' title="bbox 1562 402 2498 480">
     <span class='ocr_line' id='line_1_1' title="bbox 1562 402 2498 480; baseline -0.006 -9"><span class='ocrx_word' id='word_1_1' title='bbox 1562 408 1764 471; x_wconf 88' lang='lat' dir='ltr'><strong>DIST.</strong></span> <span class='ocrx_word' id='word_1_2' title='bbox 1809 407 1912 470; x_wconf 84' lang='lat' dir='ltr'>VI.</span> <span class='ocrx_word' id='word_1_3' title='bbox 1947 403 2311 480; x_wconf 85' lang='lat' dir='ltr'>QUAESTIO</span> <span class='ocrx_word' id='word_1_4' title='bbox 2341 402 2498 465; x_wconf 87' lang='lat' dir='ltr'><strong>vln.</strong></span> 
     </span>
    </p>
   </div>
   <div class='ocr_carea' id='block_1_2' title="bbox 126 564 2019 3573">
    <p class='ocr_par' dir='ltr' id='par_1_2' title="bbox 126 564 2019 3445">
     <span class='ocr_line' id='line_1_2' title="bbox 475 564 2014 665; baseline -0.005 -21"><span class='ocrx_word' id='word_1_5' title='bbox 475 573 617 644; x_wconf 92' lang='lat' dir='ltr'>illa</span> <span class='ocrx_word' id='word_1_6' title='bbox 693 591 950 665; x_wconf 90' lang='lat' dir='ltr'>poena,</span> <span class='ocrx_word' id='word_1_7' title='bbox 1049 571 1324 662; x_wconf 87' lang='lat' dir='ltr'>aliqua</span> <span class='ocrx_word' id='word_1_8' title='bbox 1401 568 1741 643; x_wconf 91' lang='lat' dir='ltr'>scientia</span> <span class='ocrx_word' id='word_1_9' title='bbox 1799 564 2014 660; x_wconf 90' lang='lat' dir='ltr'>juris</span> 
     </span>
     <span class='ocr_line' id='line_1_3' title="bbox 473 684 2015 777; baseline -0.006 -16"><span class='ocrx_word' id='word_1_10' title='bbox 473 689 870 770; x_wconf 88' lang='lat' dir='ltr'>canonici,</span> <span class='ocrx_word' id='word_1_11' title='bbox 958 689 1090 760; x_wconf 84' lang='lat' dir='ltr'>sed</span> <span class='ocrx_word' id='word_1_12' title='bbox 1146 687 1445 760; x_wconf 85' lang='lat' dir='ltr'>sufficit</span> <span class='ocrx_word' id='word_1_13' title='bbox 1534 684 1738 777; x_wconf 90' lang='lat' dir='ltr'>quod</span> <span class='ocrx_word' id='word_1_14' title='bbox 1806 688 2015 755; x_wconf 91' lang='lat' dir='ltr'>tene·</span> 
     </span>
     <span class='ocr_line' id='line_1_4' title="bbox 476 799 2011 897; baseline -0.005 -21"><span class='ocrx_word' id='word_1_15' title='bbox 476 809 666 877; x_wconf 89' lang='lat' dir='ltr'>atur</span> <span class='ocrx_word' id='word_1_16' title='bbox 745 805 956 878; x_wconf 89' lang='lat' dir='ltr'>scire</span> <span class='ocrx_word' id='word_1_17' title='bbox 1038 806 1533 897; x_wconf 83' lang='lat' dir='ltr'>praeceptum</span> <span class='ocrx_word' id='word_1_18' title='bbox 1602 799 2011 878; x_wconf 88' lang='lat' dir='ltr'>divinum;</span> 
     </span>
     <span class='ocr_line' id='line_1_5' title="bbox 389 917 2016 1011; baseline -0.005 -18"><span class='ocrx_word' id='word_1_19' title='bbox 389 991 400 1002; x_wconf 82' lang='grc'><strong>,</strong></span> <span class='ocrx_word' id='word_1_20' title='bbox 481 922 613 994; x_wconf 92' lang='lat' dir='ltr'>sed</span> <span class='ocrx_word' id='word_1_21' title='bbox 666 920 733 994; x_wconf 89' lang='lat' dir='ltr'>si</span> <span class='ocrx_word' id='word_1_22' title='bbox 766 921 960 993; x_wconf 92' lang='lat' dir='ltr'>illud</span> <span class='ocrx_word' id='word_1_23' title='bbox 998 919 1682 1011; x_wconf 67' lang='lat' dir='ltr'>transgrediatur,</span> <span class='ocrx_word' id='word_1_24' title='bbox 1754 917 2016 987; x_wconf 90' lang='lat' dir='ltr'>incur-</span> 
     </span>
     <span class='ocr_line' id='line_1_6' title="bbox 142 997 2017 1126; baseline -0.005 -16"><span class='ocrx_word' id='word_1_25' title='bbox 142 997 435 1110; x_wconf 47' lang='grc' dir='ltr'>Ῑὲἒιῗὲιῗὲιιὲἃ</span> <span class='ocrx_word' id='word_1_26' title='bbox 483 1033 593 1107; x_wconf 92' lang='lat' dir='ltr'>rit</span> <span class='ocrx_word' id='word_1_27' title='bbox 670 1054 985 1126; x_wconf 87' lang='lat' dir='ltr'>poenam</span> <span class='ocrx_word' id='word_1_28' title='bbox 1082 1033 1584 1115; x_wconf 87' lang='lat' dir='ltr'>canonicam,</span> <span class='ocrx_word' id='word_1_29' title='bbox 1689 1029 2017 1104; x_wconf 87' lang='lat' dir='ltr'>etiamsi</span> 
     </span>
     <span class='ocr_line' id='line_1_7' title="bbox 126 1126 2017 1241; baseline -0.008 -9"><span class='ocrx_word' id='word_1_30' title='bbox 126 1136 213 1239; x_wconf 54' lang='lat'>³2²1&gt;</span> <span class='ocrx_word' id='word_1_31' title='bbox 241 1126 790 1232; x_wconf 54' lang='lat' dir='ltr'>{Zssssffi‘nesciat</span> <span class='ocrx_word' id='word_1_32' title='bbox 850 1171 894 1220; x_wconf 89' lang='lat' dir='ltr'>a</span> <span class='ocrx_word' id='word_1_33' title='bbox 945 1149 1132 1241; x_wconf 88' lang='lat' dir='ltr'>jure</span> <span class='ocrx_word' id='word_1_34' title='bbox 1221 1148 1615 1222; x_wconf 83' lang='lat' dir='ltr'>canonico</span> <span class='ocrx_word' id='word_1_35' title='bbox 1706 1165 2017 1238; x_wconf 84' lang='lat' dir='ltr'>poena-m</span> 
     </span>
     <span class='ocr_line' id='line_1_8' title="bbox 204 1259 2015 1340; baseline -0.003 -1"><span class='ocrx_word' id='word_1_36' title='bbox 204 1259 372 1310; x_wconf 73' lang='lat' dir='ltr'><strong>Poe¹²⁸·</strong></span> <span class='ocrx_word' id='word_1_37' title='bbox 477 1287 654 1340; x_wconf 91' lang='lat' dir='ltr'>esse</span> <span class='ocrx_word' id='word_1_38' title='bbox 722 1266 1136 1339; x_wconf 84' lang='lat' dir='ltr'>inflictam.</span> <span class='ocrx_word' id='word_1_39' title='bbox 1232 1267 1401 1338; x_wconf 91' lang='lat' dir='ltr'>Hoc</span> <span class='ocrx_word' id='word_1_40' title='bbox 1485 1265 1699 1337; x_wconf 91' lang='lat' dir='ltr'>enim</span> <span class='ocrx_word' id='word_1_41' title='bbox 1786 1264 2015 1335; x_wconf 91' lang='lat' dir='ltr'>modo</span> 
     </span>
     <span class='ocr_line' id='line_1_9' title="bbox 472 1378 2017 1477; baseline -0.002 -22"><span class='ocrx_word' id='word_1_42' title='bbox 472 1383 937 1477; x_wconf 79' lang='lat' dir='ltr'>percutiens</span> <span class='ocrx_word' id='word_1_43' title='bbox 1011 1382 1429 1463; x_wconf 88' lang='lat' dir='ltr'>clericum,</span> <span class='ocrx_word' id='word_1_44' title='bbox 1505 1401 1690 1454; x_wconf 90' lang='lat' dir='ltr'>cum</span> <span class='ocrx_word' id='word_1_45' title='bbox 1770 1378 2017 1453; x_wconf 90' lang='lat' dir='ltr'>faciat</span> 
     </span>
     <span class='ocr_line' id='line_1_10' title="bbox 467 1493 2016 1592; baseline -0.005 -19"><span class='ocrx_word' id='word_1_46' title='bbox 467 1505 760 1574; x_wconf 89' lang='lat' dir='ltr'>contra</span> <span class='ocrx_word' id='word_1_47' title='bbox 801 1502 1292 1592; x_wconf 84' lang='lat' dir='ltr'>praeceptum</span> <span class='ocrx_word' id='word_1_48' title='bbox 1324 1497 1681 1571; x_wconf 86' lang='lat' dir='ltr'>divinum</span> <span class='ocrx_word' id='word_1_49' title='bbox 1714 1497 1804 1567; x_wconf 89' lang='lat' dir='ltr'>de</span> <span class='ocrx_word' id='word_1_50' title='bbox 1837 1493 2016 1567; x_wconf 90' lang='lat' dir='ltr'>cha-</span> 
     </span>
     <span class='ocr_line' id='line_1_11' title="bbox 465 1614 2015 1700; baseline -0.005 -10"><span class='ocrx_word' id='word_1_51' title='bbox 465 1618 714 1692; x_wconf 83' lang='lat' dir='ltr'>ritate</span> <span class='ocrx_word' id='word_1_52' title='bbox 766 1615 1162 1700; x_wconf 88' lang='lat' dir='ltr'>fraterna,</span> <span class='ocrx_word' id='word_1_53' title='bbox 1236 1616 1392 1689; x_wconf 87' lang='lat' dir='ltr'>etsi</span> <span class='ocrx_word' id='word_1_54' title='bbox 1462 1614 1817 1687; x_wconf 90' lang='lat' dir='ltr'>nesciret</span> <span class='ocrx_word' id='word_1_55' title='bbox 1885 1634 2015 1684; x_wconf 82' lang='lat' dir='ltr'>ex-</span> 
     </span>
     <span class='ocr_line' id='line_1_12' title="bbox 466 1730 2016 1805; baseline -0.004 0"><span class='ocrx_word' id='word_1_56' title='bbox 466 1731 1286 1805; x_wconf 79' lang='lat' dir='ltr'>communicationem</span> <span class='ocrx_word' id='word_1_57' title='bbox 1319 1730 1573 1801; x_wconf 87' lang='lat' dir='ltr'>latam</span> <span class='ocrx_word' id='word_1_58' title='bbox 1615 1748 1661 1800; x_wconf 92' lang='lat' dir='ltr'>a</span> <span class='ocrx_word' id='word_1_59' title='bbox 1710 1748 2016 1800; x_wconf 85' lang='lat' dir='ltr'>canone</span> 
     </span>
     <span class='ocr_line' id='line_1_13' title="bbox 469 1845 2016 1942; baseline -0.005 -21"><span class='ocrx_word' id='word_1_60' title='bbox 469 1868 715 1942; x_wconf 89' lang='lat' dir='ltr'>super</span> <span class='ocrx_word' id='word_1_61' title='bbox 774 1848 922 1923; x_wconf 91' lang='lat' dir='ltr'>tali</span> <span class='ocrx_word' id='word_1_62' title='bbox 989 1849 1235 1931; x_wconf 83' lang='lat' dir='ltr'>facto,</span> <span class='ocrx_word' id='word_1_63' title='bbox 1308 1852 1581 1921; x_wconf 90' lang='lat' dir='ltr'>tamen</span> <span class='ocrx_word' id='word_1_64' title='bbox 1649 1845 2016 1917; x_wconf 89' lang='lat' dir='ltr'>incurre-</span> 
     </span>
     <span class='ocr_line' id='line_1_14' title="bbox 470 1961 2010 2046; baseline -0.004 -9"><span class='ocrx_word' id='word_1_65' title='bbox 470 1970 595 2038; x_wconf 88' lang='lat' dir='ltr'>ret</span> <span class='ocrx_word' id='word_1_66' title='bbox 661 1984 891 2045; x_wconf 89' lang='lat' dir='ltr'>eam;</span> <span class='ocrx_word' id='word_1_67' title='bbox 957 1969 1037 2036; x_wconf 89' lang='lat' dir='ltr'>et</span> <span class='ocrx_word' id='word_1_68' title='bbox 1099 1962 1469 2046; x_wconf 90' lang='lat' dir='ltr'>occidens</span> <span class='ocrx_word' id='word_1_69' title='bbox 1573 1961 2010 2040; x_wconf 88' lang='lat' dir='ltr'>hominem,</span> 
     </span>
     <span class='ocr_line' id='line_1_15' title="bbox 467 2078 2013 2171; baseline -0.005 -17"><span class='ocrx_word' id='word_1_70' title='bbox 467 2082 655 2154; x_wconf 89' lang='lat' dir='ltr'>licet</span> <span class='ocrx_word' id='word_1_71' title='bbox 691 2080 1044 2154; x_wconf 90' lang='lat' dir='ltr'>nesciret</span> <span class='ocrx_word' id='word_1_72' title='bbox 1094 2101 1488 2153; x_wconf 90' lang='lat' dir='ltr'>canonem</span> <span class='ocrx_word' id='word_1_73' title='bbox 1550 2078 2013 2171; x_wconf 83' lang='lat' dir='ltr'>punientem</span> 
     </span>
     <span class='ocr_line' id='line_1_16' title="bbox 466 2197 2010 2289; baseline -0.003 -19"><span class='ocrx_word' id='word_1_74' title='bbox 466 2197 955 2270; x_wconf 81' lang='lat' dir='ltr'>homicidam</span> <span class='ocrx_word' id='word_1_75' title='bbox 1022 2218 1247 2289; x_wconf 84' lang='lat' dir='ltr'>poena</span> <span class='ocrx_word' id='word_1_76' title='bbox 1334 2197 2010 2287; x_wconf 84' lang='lat' dir='ltr'>irregularitatis,</span> 
     </span>
     <span class='ocr_line' id='line_1_17' title="bbox 471 2313 2017 2404; baseline -0.003 -17"><span class='ocrx_word' id='word_1_77' title='bbox 471 2321 743 2388; x_wconf 88' lang='lat' dir='ltr'>tamen</span> <span class='ocrx_word' id='word_1_78' title='bbox 823 2313 1311 2404; x_wconf 89' lang='lat' dir='ltr'>irregularis</span> <span class='ocrx_word' id='word_1_79' title='bbox 1392 2318 1631 2393; x_wconf 87' lang='lat' dir='ltr'>esset,</span> <span class='ocrx_word' id='word_1_80' title='bbox 1703 2317 1783 2384; x_wconf 93' lang='lat' dir='ltr'>et</span> <span class='ocrx_word' id='word_1_81' title='bbox 1887 2332 2017 2382; x_wconf 88' lang='lat' dir='ltr'>ea-</span> 
     </span>
     <span class='ocr_line' id='line_1_18' title="bbox 472 2431 2012 2514; baseline -0.003 -10"><span class='ocrx_word' id='word_1_82' title='bbox 472 2433 649 2505; x_wconf 93' lang='lat' dir='ltr'>dem</span> <span class='ocrx_word' id='word_1_83' title='bbox 727 2437 852 2505; x_wconf 89' lang='lat' dir='ltr'>est</span> <span class='ocrx_word' id='word_1_84' title='bbox 916 2434 1129 2505; x_wconf 90' lang='lat' dir='ltr'>ratio</span> <span class='ocrx_word' id='word_1_85' title='bbox 1193 2433 1271 2504; x_wconf 92' lang='lat' dir='ltr'>in</span> <span class='ocrx_word' id='word_1_86' title='bbox 1345 2432 1717 2504; x_wconf 86' lang='lat' dir='ltr'>omnibus</span> <span class='ocrx_word' id='word_1_87' title='bbox 1805 2431 2012 2514; x_wconf 85' lang='lat' dir='ltr'>istis,</span> 
     </span>
     <span class='ocr_line' id='line_1_19' title="bbox 472 2546 2012 2640; baseline 0.001 -25"><span class='ocrx_word' id='word_1_88' title='bbox 472 2548 661 2640; x_wconf 83' lang='lat' dir='ltr'>quia</span> <span class='ocrx_word' id='word_1_89' title='bbox 693 2546 884 2620; x_wconf 90' lang='lat' dir='ltr'>talis</span> <span class='ocrx_word' id='word_1_90' title='bbox 934 2548 1069 2622; x_wconf 92' lang='lat' dir='ltr'>dat</span> <span class='ocrx_word' id='word_1_91' title='bbox 1122 2568 1459 2640; x_wconf 89' lang='lat' dir='ltr'>operam</span> <span class='ocrx_word' id='word_1_92' title='bbox 1505 2546 1623 2618; x_wconf 92' lang='lat' dir='ltr'>rei</span> <span class='ocrx_word' id='word_1_93' title='bbox 1679 2546 2012 2627; x_wconf 77' lang='lat' dir='ltr'>illicitae,</span> 
     </span>
     <span class='ocr_line' id='line_1_20' title="bbox 468 2662 2019 2757; baseline 0 -22"><span class='ocrx_word' id='word_1_94' title='bbox 468 2665 560 2736; x_wconf 94' lang='lat' dir='ltr'>de</span> <span class='ocrx_word' id='word_1_95' title='bbox 638 2685 790 2757; x_wconf 85' lang='lat' dir='ltr'>qua</span> <span class='ocrx_word' id='word_1_96' title='bbox 864 2685 949 2736; x_wconf 90' lang='lat' dir='ltr'>re</span> <span class='ocrx_word' id='word_1_97' title='bbox 1006 2665 1232 2736; x_wconf 91' lang='lat' dir='ltr'>debet</span> <span class='ocrx_word' id='word_1_98' title='bbox 1295 2662 1531 2746; x_wconf 90' lang='lat' dir='ltr'>scire,</span> <span class='ocrx_word' id='word_1_99' title='bbox 1635 2663 1839 2753; x_wconf 90' lang='lat' dir='ltr'>quod</span> <span class='ocrx_word' id='word_1_100' title='bbox 1910 2662 2019 2736; x_wconf 91' lang='lat' dir='ltr'>sit</span> 
     </span>
     <span class='ocr_line' id='line_1_21' title="bbox 473 2779 2016 2862; baseline -0.001 -10"><span class='ocrx_word' id='word_1_101' title='bbox 473 2779 801 2862; x_wconf 89' lang='lat' dir='ltr'>illicita;</span> <span class='ocrx_word' id='word_1_102' title='bbox 854 2785 936 2856; x_wconf 93' lang='lat' dir='ltr'>et</span> <span class='ocrx_word' id='word_1_103' title='bbox 979 2782 1045 2853; x_wconf 91' lang='lat' dir='ltr'>si</span> <span class='ocrx_word' id='word_1_104' title='bbox 1107 2782 1443 2862; x_wconf 89' lang='lat' dir='ltr'>nesciat,</span> <span class='ocrx_word' id='word_1_105' title='bbox 1505 2779 1730 2852; x_wconf 91' lang='lat' dir='ltr'>nullo</span> <span class='ocrx_word' id='word_1_106' title='bbox 1783 2779 2016 2851; x_wconf 90' lang='lat' dir='ltr'>modo</span> 
     </span>
     <span class='ocr_line' id='line_1_22' title="bbox 466 2897 2017 2989; baseline -0.002 -21"><span class='ocrx_word' id='word_1_107' title='bbox 466 2897 694 2971; x_wconf 90' lang='lat' dir='ltr'>debet</span> <span class='ocrx_word' id='word_1_108' title='bbox 729 2898 954 2970; x_wconf 89' lang='lat' dir='ltr'>illam</span> <span class='ocrx_word' id='word_1_109' title='bbox 1017 2897 1331 2989; x_wconf 83' lang='lat' dir='ltr'>exequi,</span> <span class='ocrx_word' id='word_1_110' title='bbox 1381 2916 1797 2988; x_wconf 87' lang='lat' dir='ltr'>quousque</span> <span class='ocrx_word' id='word_1_111' title='bbox 1838 2916 2017 2968; x_wconf 94' lang='lat' dir='ltr'>con-</span> 
     </span>
     <span class='ocr_line' id='line_1_23' title="bbox 469 3012 2016 3108; baseline -0.003 -21"><span class='ocrx_word' id='word_1_112' title='bbox 469 3016 685 3089; x_wconf 91' lang='lat' dir='ltr'>sulat</span> <span class='ocrx_word' id='word_1_113' title='bbox 728 3015 1066 3106; x_wconf 89' lang='lat' dir='ltr'>peritos,</span> <span class='ocrx_word' id='word_1_114' title='bbox 1126 3036 1269 3107; x_wconf 84' lang='lat' dir='ltr'>per</span> <span class='ocrx_word' id='word_1_115' title='bbox 1321 3035 1519 3108; x_wconf 91' lang='lat' dir='ltr'>quos</span> <span class='ocrx_word' id='word_1_116' title='bbox 1574 3015 1833 3106; x_wconf 88' lang='lat' dir='ltr'>possit</span> <span class='ocrx_word' id='word_1_117' title='bbox 1870 3012 2016 3085; x_wconf 91' lang='lat' dir='ltr'>sci-</span> 
     </span>
     <span class='ocr_line' id='line_1_24' title="bbox 474 3131 2015 3221; baseline -0.001 -18"><span class='ocrx_word' id='word_1_118' title='bbox 474 3153 560 3205; x_wconf 91' lang='lat' dir='ltr'>re</span> <span class='ocrx_word' id='word_1_119' title='bbox 621 3132 845 3205; x_wconf 90' lang='lat' dir='ltr'>illam</span> <span class='ocrx_word' id='word_1_120' title='bbox 905 3152 1083 3205; x_wconf 92' lang='lat' dir='ltr'>esse</span> <span class='ocrx_word' id='word_1_121' title='bbox 1153 3131 1554 3206; x_wconf 88' lang='lat' dir='ltr'>illicitam.</span> <span class='ocrx_word' id='word_1_122' title='bbox 1620 3131 1748 3206; x_wconf 86' lang='lat' dir='ltr'>Sic</span> <span class='ocrx_word' id='word_1_123' title='bbox 1818 3148 2015 3221; x_wconf 91' lang='lat' dir='ltr'>ergo</span> 
     </span>
     <span class='ocr_line' id='line_1_25' title="bbox 474 3249 2015 3341; baseline -0.003 -20"><span class='ocrx_word' id='word_1_124' title='bbox 474 3270 632 3321; x_wconf 92' lang='lat' dir='ltr'>non</span> <span class='ocrx_word' id='word_1_125' title='bbox 668 3252 994 3341; x_wconf 83' lang='lat' dir='ltr'>oportet</span> <span class='ocrx_word' id='word_1_126' title='bbox 1035 3249 1545 3340; x_wconf 80' lang='lat' dir='ltr'>distinguere</span> <span class='ocrx_word' id='word_1_127' title='bbox 1604 3249 1683 3321; x_wconf 93' lang='lat' dir='ltr'>in</span> <span class='ocrx_word' id='word_1_128' title='bbox 1728 3268 2015 3341; x_wconf 87' lang='lat' dir='ltr'>propo-</span> 
     </span>
     <span class='ocr_line' id='line_1_26' title="bbox 472 3361 2018 3445; baseline -0.002 -8"><span class='ocrx_word' id='word_1_129' title='bbox 472 3366 655 3445; x_wconf 91' lang='lat' dir='ltr'>sito,</span> <span class='ocrx_word' id='word_1_130' title='bbox 692 3364 849 3437; x_wconf 90' lang='lat' dir='ltr'>nisi</span> <span class='ocrx_word' id='word_1_131' title='bbox 889 3364 979 3436; x_wconf 94' lang='lat' dir='ltr'>de</span> <span class='ocrx_word' id='word_1_132' title='bbox 1021 3363 1458 3437; x_wconf 81' lang='lat' dir='ltr'>iteratione</span> <span class='ocrx_word' id='word_1_133' title='bbox 1522 3363 1876 3436; x_wconf 90' lang='lat' dir='ltr'>scienter</span> <span class='ocrx_word' id='word_1_134' title='bbox 1906 3361 2018 3435; x_wconf 87' lang='lat' dir='ltr'>fa-</span> 
     </span>
    </p>

    <p class='ocr_par' dir='ltr' id='par_1_3' title="bbox 470 3481 1329 3573">
     <span class='ocr_line' id='line_1_27' title="bbox 470 3481 1329 3573; baseline -0.009 -17"><span class='ocrx_word' id='word_1_135' title='bbox 470 3488 603 3557; x_wconf 91' lang='lat' dir='ltr'>cta</span> <span class='ocrx_word' id='word_1_136' title='bbox 652 3482 778 3553; x_wconf 86' lang='lat' dir='ltr'>vel</span> <span class='ocrx_word' id='word_1_137' title='bbox 824 3481 1329 3573; x_wconf 89' lang='lat' dir='ltr'>ignoranter.</span> 
     </span>
    </p>
   </div>
   <div class='ocr_carea' id='block_1_3' title="bbox 1049 3731 1448 3789">
    <p class='ocr_par' dir='ltr' id='par_1_4' title="bbox 1049 3731 1448 3789">
     <span class='ocr_line' id='line_1_28' title="bbox 1049 3731 1448 3789; baseline 0 -2"><span class='ocrx_word' id='word_1_138' title='bbox 1049 3731 1448 3789; x_wconf 86' lang='lat' dir='ltr'><strong>SCHOLIUM.</strong></span> 
     </span>
    </p>
   </div>
   <div class='ocr_carea' id='block_1_4' title="bbox 466 3908 2017 5654">
    <p class='ocr_par' dir='ltr' id='par_1_5' title="bbox 466 3908 2017 5654">
     <span class='ocr_line' id='line_1_29' title="bbox 536 3908 2015 3978; baseline -0.003 -10"><span class='ocrx_word' id='word_1_139' title='bbox 536 3911 817 3969; x_wconf 83' lang='lat' dir='ltr'>Resolvit</span> <span class='ocrx_word' id='word_1_140' title='bbox 864 3909 1285 3978; x_wconf 80' lang='lat' dir='ltr'>ignorantiam</span> <span class='ocrx_word' id='word_1_141' title='bbox 1327 3908 1499 3977; x_wconf 87' lang='lat' dir='ltr'>juris</span> <span class='ocrx_word' id='word_1_142' title='bbox 1538 3922 1662 3964; x_wconf 90' lang='lat' dir='ltr'>non</span> <span class='ocrx_word' id='word_1_143' title='bbox 1716 3922 2015 3965; x_wconf 83' lang='lat' dir='ltr'>excusare</span> 
     </span>
     <span class='ocr_line' id='line_1_30' title="bbox 466 4005 2014 4080; baseline -0.002 -14"><span class='ocrx_word' id='word_1_144' title='bbox 466 4008 953 4080; x_wconf 87' lang='lat' dir='ltr'>rebaptizantem</span> <span class='ocrx_word' id='word_1_145' title='bbox 984 4007 1059 4063; x_wconf 92' lang='lat' dir='ltr'>ab</span> <span class='ocrx_word' id='word_1_146' title='bbox 1092 4006 1583 4075; x_wconf 86' lang='lat' dir='ltr'>irregularitate,</span> <span class='ocrx_word' id='word_1_147' title='bbox 1615 4005 1775 4063; x_wconf 91' lang='lat' dir='ltr'>bene</span> <span class='ocrx_word' id='word_1_148' title='bbox 1807 4011 2014 4063; x_wconf 89' lang='lat' dir='ltr'>tamen</span> 
     </span>
     <span class='ocr_line' id='line_1_31' title="bbox 469 4104 2016 4176; baseline -0.002 -12"><span class='ocrx_word' id='word_1_149' title='bbox 469 4111 723 4165; x_wconf 79' lang='lat' dir='ltr'>excusat</span> <span class='ocrx_word' id='word_1_150' title='bbox 752 4106 1107 4176; x_wconf 82' lang='lat' dir='ltr'>ignorantia</span> <span class='ocrx_word' id='word_1_151' title='bbox 1140 4104 1305 4172; x_wconf 78' lang='lat' dir='ltr'>sacti,</span> <span class='ocrx_word' id='word_1_152' title='bbox 1339 4110 1399 4161; x_wconf 90' lang='lat' dir='ltr'>et</span> <span class='ocrx_word' id='word_1_153' title='bbox 1431 4106 1496 4161; x_wconf 92' lang='lat' dir='ltr'>in</span> <span class='ocrx_word' id='word_1_154' title='bbox 1531 4108 1898 4162; x_wconf 84' lang='lat' dir='ltr'>universum</span> <span class='ocrx_word' id='word_1_155' title='bbox 1931 4110 2016 4162; x_wconf 89' lang='lat' dir='ltr'>te-</span> 
     </span>
     <span class='ocr_line' id='line_1_32' title="bbox 468 4205 2012 4275; baseline -0.001 -12"><span class='ocrx_word' id='word_1_156' title='bbox 468 4210 574 4263; x_wconf 89' lang='lat' dir='ltr'>net</span> <span class='ocrx_word' id='word_1_157' title='bbox 603 4205 1022 4275; x_wconf 86' lang='lat' dir='ltr'>ignorantiam</span> <span class='ocrx_word' id='word_1_158' title='bbox 1082 4217 1389 4259; x_wconf 84' lang='lat' dir='ltr'>canonum</span> <span class='ocrx_word' id='word_1_159' title='bbox 1449 4218 1569 4260; x_wconf 90' lang='lat' dir='ltr'>non</span> <span class='ocrx_word' id='word_1_160' title='bbox 1631 4219 1931 4261; x_wconf 83' lang='lat' dir='ltr'>excusare</span> <span class='ocrx_word' id='word_1_161' title='bbox 1979 4220 2012 4261; x_wconf 90' lang='lat' dir='ltr'>a</span> 
     </span>
     <span class='ocr_line' id='line_1_33' title="bbox 466 4298 2008 4372; baseline -0.003 -11"><span class='ocrx_word' id='word_1_162' title='bbox 466 4303 752 4361; x_wconf 85' lang='lat' dir='ltr'>censuris</span> <span class='ocrx_word' id='word_1_163' title='bbox 783 4320 799 4372; x_wconf 83' lang='lat'>3</span> <span class='ocrx_word' id='word_1_164' title='bbox 838 4298 1002 4372; x_wconf 85' lang='lat' dir='ltr'>quod</span> <span class='ocrx_word' id='word_1_165' title='bbox 1032 4298 1254 4355; x_wconf 88' lang='lat' dir='ltr'>docent</span> <span class='ocrx_word' id='word_1_166' title='bbox 1280 4298 1462 4356; x_wconf 89' lang='lat' dir='ltr'>Gabr.</span> <span class='ocrx_word' id='word_1_167' title='bbox 1496 4299 1598 4356; x_wconf 81' lang='lat' dir='ltr'>hic</span> <span class='ocrx_word' id='word_1_168' title='bbox 1630 4316 1689 4372; x_wconf 86' lang='lat' dir='ltr'>q.</span> <span class='ocrx_word' id='word_1_169' title='bbox 1721 4304 1773 4355; x_wconf 90' lang='lat'>2.</span> <span class='ocrx_word' id='word_1_170' title='bbox 1808 4306 1926 4357; x_wconf 88' lang='lat' dir='ltr'>art.</span> <span class='ocrx_word' id='word_1_171' title='bbox 1955 4302 2008 4357; x_wconf 89' lang='lat'>3.</span> 
     </span>
     <span class='ocr_line' id='line_1_34' title="bbox 467 4396 2013 4470; baseline -0.001 -12"><span class='ocrx_word' id='word_1_172' title='bbox 467 4400 613 4457; x_wconf 92' lang='lat' dir='ltr'>dub.</span> <span class='ocrx_word' id='word_1_173' title='bbox 644 4402 698 4456; x_wconf 89' lang='lat'>8.</span> <span class='ocrx_word' id='word_1_174' title='bbox 733 4396 911 4455; x_wconf 90' lang='lat' dir='ltr'>Cord.</span> <span class='ocrx_word' id='word_1_175' title='bbox 943 4396 1052 4454; x_wconf 90' lang='lat' dir='ltr'>lib.</span> <span class='ocrx_word' id='word_1_176' title='bbox 1086 4399 1140 4452; x_wconf 87' lang='lat'>2.</span> <span class='ocrx_word' id='word_1_177' title='bbox 1176 4413 1236 4468; x_wconf 86' lang='lat' dir='ltr'>q.</span> <span class='ocrx_word' id='word_1_178' title='bbox 1268 4399 1356 4453; x_wconf 88' lang='grc'>27.</span> <span class='ocrx_word' id='word_1_179' title='bbox 1388 4399 1643 4455; x_wconf 84' lang='lat' dir='ltr'>Covarr.</span> <span class='ocrx_word' id='word_1_180' title='bbox 1677 4413 1811 4470; x_wconf 90' lang='lat' dir='ltr'>cap.</span> <span class='ocrx_word' id='word_1_181' title='bbox 1847 4400 2013 4456; x_wconf 90' lang='lat' dir='ltr'>alma</span> 
     </span>
     <span class='ocr_line' id='line_1_35' title="bbox 470 4494 2011 4566; baseline -0.002 -13"><span class='ocrx_word' id='word_1_182' title='bbox 470 4500 668 4553; x_wconf 91' lang='lat' dir='ltr'>mater</span> <span class='ocrx_word' id='word_1_183' title='bbox 702 4496 747 4549; x_wconf 89' lang='lat'>1.</span> <span class='ocrx_word' id='word_1_184' title='bbox 802 4509 859 4566; x_wconf 90' lang='lat' dir='ltr'>p.</span> <span class='ocrx_word' id='word_1_185' title='bbox 898 4500 933 4561; x_wconf 67' lang='lat'>5</span> <span class='ocrx_word' id='word_1_186' title='bbox 986 4494 1073 4549; x_wconf 88' lang='lat'>10.</span> <span class='ocrx_word' id='word_1_187' title='bbox 1120 4509 1293 4550; x_wconf 90' lang='lat' dir='ltr'>num.</span> <span class='ocrx_word' id='word_1_188' title='bbox 1359 4495 1445 4550; x_wconf 87' lang='lat'>11.</span> <span class='ocrx_word' id='word_1_189' title='bbox 1504 4495 1704 4552; x_wconf 91' lang='lat' dir='ltr'>citans</span> <span class='ocrx_word' id='word_1_190' title='bbox 1761 4495 2011 4560; x_wconf 79' lang='lat' dir='ltr'>multos„</span> 
     </span>
     <span class='ocr_line' id='line_1_36' title="bbox 470 4590 2013 4663; baseline -0.001 -11"><span class='ocrx_word' id='word_1_191' title='bbox 470 4593 728 4652; x_wconf 85' lang='lat' dir='ltr'>Adrian.</span> <span class='ocrx_word' id='word_1_192' title='bbox 768 4594 822 4649; x_wconf 84' lang='lat'>4.</span> <span class='ocrx_word' id='word_1_193' title='bbox 873 4595 950 4650; x_wconf 87' lang='lat' dir='ltr'>de</span> <span class='ocrx_word' id='word_1_194' title='bbox 1006 4592 1234 4650; x_wconf 85' lang='lat' dir='ltr'>clavib.</span> <span class='ocrx_word' id='word_1_195' title='bbox 1269 4608 1328 4663; x_wconf 85' lang='lat' dir='ltr'>q.</span> <span class='ocrx_word' id='word_1_196' title='bbox 1388 4592 1441 4648; x_wconf 88' lang='lat'>3.</span> <span class='ocrx_word' id='word_1_197' title='bbox 1486 4590 1603 4647; x_wconf 90' lang='lat' dir='ltr'>Sed</span> <span class='ocrx_word' id='word_1_198' title='bbox 1664 4592 1820 4649; x_wconf 82' lang='lat' dir='ltr'>sorte</span> <span class='ocrx_word' id='word_1_199' title='bbox 1882 4592 2013 4650; x_wconf 78' lang='lat' dir='ltr'>haec</span> 
     </span>
     <span class='ocr_line' id='line_1_37' title="bbox 469 4689 2012 4762; baseline -0.002 -13"><span class='ocrx_word' id='word_1_200' title='bbox 469 4692 777 4749; x_wconf 89' lang='lat' dir='ltr'>sententia</span> <span class='ocrx_word' id='word_1_201' title='bbox 808 4692 1084 4762; x_wconf 83' lang='lat' dir='ltr'>intelligi</span> <span class='ocrx_word' id='word_1_202' title='bbox 1133 4691 1317 4749; x_wconf 87' lang='lat' dir='ltr'>debet</span> <span class='ocrx_word' id='word_1_203' title='bbox 1364 4695 1604 4747; x_wconf 90' lang='lat' dir='ltr'>tantum</span> <span class='ocrx_word' id='word_1_204' title='bbox 1653 4689 1730 4745; x_wconf 86' lang='lat' dir='ltr'>de</span> <span class='ocrx_word' id='word_1_205' title='bbox 1778 4704 2012 4746; x_wconf 87' lang='lat' dir='ltr'>canone</span> 
     </span>
     <span class='ocr_line' id='line_1_38' title="bbox 467 4787 2014 4862; baseline 0 -16"><span class='ocrx_word' id='word_1_206' title='bbox 467 4790 808 4858; x_wconf 85' lang='lat' dir='ltr'>Pontificio,</span> <span class='ocrx_word' id='word_1_207' title='bbox 840 4796 1097 4862; x_wconf 87' lang='lat' dir='ltr'>propter</span> <span class='ocrx_word' id='word_1_208' title='bbox 1123 4805 1258 4861; x_wconf 90' lang='lat' dir='ltr'>cap.</span> <span class='ocrx_word' id='word_1_209' title='bbox 1291 4798 1353 4845; x_wconf 77' lang='lat' dir='ltr'>ut</span> <span class='ocrx_word' id='word_1_210' title='bbox 1382 4793 1736 4857; x_wconf 81' lang='lat' dir='ltr'>animarum,</span> <span class='ocrx_word' id='word_1_211' title='bbox 1769 4787 1845 4845; x_wconf 89' lang='lat' dir='ltr'>de</span> <span class='ocrx_word' id='word_1_212' title='bbox 1876 4804 2014 4846; x_wconf 88' lang='lat' dir='ltr'>con·</span> 
     </span>
     <span class='ocr_line' id='line_1_39' title="bbox 468 4888 2014 4961; baseline -0.001 -14"><span class='ocrx_word' id='word_1_213' title='bbox 468 4891 589 4947; x_wconf 87' lang='lat' dir='ltr'>stit.</span> <span class='ocrx_word' id='word_1_214' title='bbox 620 4891 674 4946; x_wconf 88' lang='lat'>6.</span> <span class='ocrx_word' id='word_1_215' title='bbox 710 4888 1033 4961; x_wconf 86' lang='lat' dir='ltr'>probabile</span> <span class='ocrx_word' id='word_1_216' title='bbox 1066 4893 1273 4945; x_wconf 91' lang='lat' dir='ltr'>tamen</span> <span class='ocrx_word' id='word_1_217' title='bbox 1314 4894 1426 4956; x_wconf 87' lang='lat' dir='ltr'>est,</span> <span class='ocrx_word' id='word_1_218' title='bbox 1460 4892 1516 4943; x_wconf 91' lang='lat' dir='ltr'>et</span> <span class='ocrx_word' id='word_1_219' title='bbox 1554 4889 1703 4944; x_wconf 88' lang='lat' dir='ltr'>satis</span> <span class='ocrx_word' id='word_1_220' title='bbox 1733 4903 2014 4945; x_wconf 89' lang='lat' dir='ltr'>commu-</span> 
     </span>
     <span class='ocr_line' id='line_1_40' title="bbox 469 4988 2013 5062; baseline 0 -15"><span class='ocrx_word' id='word_1_221' title='bbox 469 5006 569 5058; x_wconf 91' lang='lat' dir='ltr'>ne,</span> <span class='ocrx_word' id='word_1_222' title='bbox 628 4990 1050 5061; x_wconf 85' lang='lat' dir='ltr'>ignorantiam</span> <span class='ocrx_word' id='word_1_223' title='bbox 1108 4988 1500 5061; x_wconf 90' lang='lat' dir='ltr'>probabilem</span> <span class='ocrx_word' id='word_1_224' title='bbox 1562 4990 2013 5062; x_wconf 86' lang='lat' dir='ltr'>cujuscumque</span> 
     </span>
     <span class='ocr_line' id='line_1_41' title="bbox 468 5090 2010 5160; baseline -0.001 -13"><span class='ocrx_word' id='word_1_225' title='bbox 468 5092 724 5147; x_wconf 88' lang='lat' dir='ltr'>canonis</span> <span class='ocrx_word' id='word_1_226' title='bbox 754 5103 1056 5146; x_wconf 82' lang='lat' dir='ltr'>excusare</span> <span class='ocrx_word' id='word_1_227' title='bbox 1087 5090 1163 5145; x_wconf 90' lang='lat' dir='ltr'>ab</span> <span class='ocrx_word' id='word_1_228' title='bbox 1193 5090 1331 5160; x_wconf 78' lang='lat' dir='ltr'>eJus</span> <span class='ocrx_word' id='word_1_229' title='bbox 1378 5103 1561 5160; x_wconf 90' lang='lat' dir='ltr'>poena</span> <span class='ocrx_word' id='word_1_230' title='bbox 1618 5093 1679 5146; x_wconf 89' lang='lat' dir='ltr'>et</span> <span class='ocrx_word' id='word_1_231' title='bbox 1725 5104 2010 5146; x_wconf 85' lang='lat' dir='ltr'>censura.</span> 
     </span>
     <span class='ocr_line' id='line_1_42' title="bbox 468 5186 2010 5259; baseline 0.001 -15"><span class='ocrx_word' id='word_1_232' title='bbox 468 5187 624 5245; x_wconf 90' lang='lat' dir='ltr'>Vide</span> <span class='ocrx_word' id='word_1_233' title='bbox 680 5191 857 5258; x_wconf 85' lang='lat' dir='ltr'>Sayr.</span> <span class='ocrx_word' id='word_1_234' title='bbox 895 5186 970 5243; x_wconf 90' lang='lat' dir='ltr'>de</span> <span class='ocrx_word' id='word_1_235' title='bbox 1020 5202 1265 5243; x_wconf 90' lang='lat' dir='ltr'>censur.</span> <span class='ocrx_word' id='word_1_236' title='bbox 1296 5188 1404 5244; x_wconf 92' lang='lat' dir='ltr'>lib.</span> <span class='ocrx_word' id='word_1_237' title='bbox 1446 5190 1497 5246; x_wconf 93' lang='lat'>1.</span> <span class='ocrx_word' id='word_1_238' title='bbox 1538 5202 1673 5259; x_wconf 88' lang='lat' dir='ltr'>cap.</span> <span class='ocrx_word' id='word_1_239' title='bbox 1716 5190 1799 5245; x_wconf 89' lang='lat'>18.</span> <span class='ocrx_word' id='word_1_240' title='bbox 1830 5187 2010 5245; x_wconf 84' lang='lat' dir='ltr'>Suar.</span> 
     </span>
     <span class='ocr_line' id='line_1_43' title="bbox 469 5285 2015 5343; baseline -0.001 0"><span class='ocrx_word' id='word_1_241' title='bbox 469 5291 615 5343; x_wconf 88' lang='lat' dir='ltr'>tom.</span> <span class='ocrx_word' id='word_1_242' title='bbox 646 5287 696 5341; x_wconf 90' lang='lat'>5.</span> <span class='ocrx_word' id='word_1_243' title='bbox 727 5286 783 5343; x_wconf 87' lang='lat' dir='ltr'><strong>d.</strong></span> <span class='ocrx_word' id='word_1_244' title='bbox 810 5287 861 5342; x_wconf 83' lang='lat'>4.</span> <span class='ocrx_word' id='word_1_245' title='bbox 892 5301 938 5342; x_wconf 92' lang='lat' dir='ltr'><strong>s.</strong></span> <span class='ocrx_word' id='word_1_246' title='bbox 962 5287 1014 5341; x_wconf 85' lang='lat'>9.</span> <span class='ocrx_word' id='word_1_247' title='bbox 1046 5286 1380 5342; x_wconf 88' lang='lat' dir='ltr'>Sanchium</span> <span class='ocrx_word' id='word_1_248' title='bbox 1414 5286 1519 5343; x_wconf 93' lang='lat' dir='ltr'>lib.</span> <span class='ocrx_word' id='word_1_249' title='bbox 1546 5287 1601 5342; x_wconf 90' lang='lat'><strong>9.</strong></span> <span class='ocrx_word' id='word_1_250' title='bbox 1654 5285 1711 5341; x_wconf 86' lang='lat' dir='ltr'><strong>d.</strong></span> <span class='ocrx_word' id='word_1_251' title='bbox 1746 5287 1836 5341; x_wconf 89' lang='grc'><strong>32.</strong></span> <span class='ocrx_word' id='word_1_252' title='bbox 1871 5287 2015 5342; x_wconf 91' lang='lat' dir='ltr'>Sco-</span> 
     </span>
     <span class='ocr_line' id='line_1_44' title="bbox 474 5384 2017 5455; baseline -0.001 -15"><span class='ocrx_word' id='word_1_253' title='bbox 474 5389 574 5440; x_wconf 88' lang='lat' dir='ltr'>tus</span> <span class='ocrx_word' id='word_1_254' title='bbox 605 5385 791 5441; x_wconf 90' lang='lat' dir='ltr'>etiam</span> <span class='ocrx_word' id='word_1_255' title='bbox 822 5384 974 5442; x_wconf 77' lang='lat' dir='ltr'>infr.</span> <span class='ocrx_word' id='word_1_256' title='bbox 1008 5384 1065 5441; x_wconf 90' lang='lat' dir='ltr'><strong>d.</strong></span> <span class='ocrx_word' id='word_1_257' title='bbox 1104 5384 1191 5440; x_wconf 90' lang='lat'>13.</span> <span class='ocrx_word' id='word_1_258' title='bbox 1226 5399 1283 5455; x_wconf 87' lang='lat' dir='ltr'>q.</span> <span class='ocrx_word' id='word_1_259' title='bbox 1316 5388 1371 5441; x_wconf 91' lang='grc'><strong>2.</strong></span> <span class='ocrx_word' id='word_1_260' title='bbox 1405 5398 1579 5451; x_wconf 84' lang='lat' dir='ltr'>num,</span> <span class='ocrx_word' id='word_1_261' title='bbox 1612 5385 1696 5438; x_wconf 88' lang='lat'>10.</span> <span class='ocrx_word' id='word_1_262' title='bbox 1730 5385 1814 5439; x_wconf 89' lang='lat' dir='ltr'>ait</span> <span class='ocrx_word' id='word_1_263' title='bbox 1844 5385 2017 5452; x_wconf 87' lang='lat' dir='ltr'>igno·</span> 
     </span>
     <span class='ocr_line' id='line_1_45' title="bbox 473 5483 2013 5555; baseline -0.002 -15"><span class='ocrx_word' id='word_1_264' title='bbox 473 5484 744 5540; x_wconf 89' lang='lat' dir='ltr'>rantiam</span> <span class='ocrx_word' id='word_1_265' title='bbox 775 5483 1154 5555; x_wconf 87' lang='lat' dir='ltr'>culpabilem</span> <span class='ocrx_word' id='word_1_266' title='bbox 1212 5496 1333 5539; x_wconf 88' lang='lat' dir='ltr'>non</span> <span class='ocrx_word' id='word_1_267' title='bbox 1375 5497 1677 5540; x_wconf 78' lang='lat' dir='ltr'>excusare</span> <span class='ocrx_word' id='word_1_268' title='bbox 1724 5498 1760 5539; x_wconf 89' lang='lat' dir='ltr'>a</span> <span class='ocrx_word' id='word_1_269' title='bbox 1788 5497 2013 5539; x_wconf 83' lang='lat' dir='ltr'>censu-</span> 
     </span>
     <span class='ocr_line' id='line_1_46' title="bbox 474 5581 2013 5654; baseline -0.001 -15"><span class='ocrx_word' id='word_1_270' title='bbox 474 5598 565 5650; x_wconf 91' lang='lat' dir='ltr'>ra,</span> <span class='ocrx_word' id='word_1_271' title='bbox 599 5583 737 5639; x_wconf 86' lang='lat' dir='ltr'>vult</span> <span class='ocrx_word' id='word_1_272' title='bbox 765 5597 914 5653; x_wconf 87' lang='lat' dir='ltr'>ergo</span> <span class='ocrx_word' id='word_1_273' title='bbox 962 5582 1408 5654; x_wconf 86' lang='lat' dir='ltr'>inculpabilem</span> <span class='ocrx_word' id='word_1_274' title='bbox 1461 5597 1778 5639; x_wconf 81' lang='lat' dir='ltr'>excusare.</span> <span class='ocrx_word' id='word_1_275' title='bbox 1841 5581 2013 5637; x_wconf 85' lang='lat' dir='ltr'>Adde</span> 
     </span>
    </p>
   </div>
   <div class='ocr_carea' id='block_1_5' title="bbox 3594 395 3714 459">
    <p class='ocr_par' dir='ltr' id='par_1_6' title="bbox 3594 395 3714 459">
     <span class='ocr_line' id='line_1_47' title="bbox 3594 395 3714 459; baseline 0 -2"><span class='ocrx_word' id='word_1_276' title='bbox 3594 395 3714 459; x_wconf 86' lang='lat'>587</span> 
     </span>
    </p>
   </div>
   <div class='ocr_carea' id='block_1_6' title="bbox 2130 559 3682 827">
    <p class='ocr_par' dir='ltr' id='par_1_7' title="bbox 2130 559 3682 827">
     <span class='ocr_line' id='line_1_48' title="bbox 2132 559 3679 635; baseline -0.006 -14"><span class='ocrx_word' id='word_1_277' title='bbox 2132 565 2321 622; x_wconf 85' lang='lat' dir='ltr'>etiam</span> <span class='ocrx_word' id='word_1_278' title='bbox 2351 563 2772 635; x_wconf 86' lang='lat' dir='ltr'>ignorantiam</span> <span class='ocrx_word' id='word_1_279' title='bbox 2802 563 2997 620; x_wconf 89' lang='lat' dir='ltr'>solius</span> <span class='ocrx_word' id='word_1_280' title='bbox 3021 574 3303 618; x_wconf 80' lang='lat' dir='ltr'>censurae</span> <span class='ocrx_word' id='word_1_281' title='bbox 3356 559 3434 617; x_wconf 91' lang='lat' dir='ltr'>ab</span> <span class='ocrx_word' id='word_1_282' title='bbox 3463 571 3539 615; x_wconf 91' lang='lat' dir='ltr'>ea</span> <span class='ocrx_word' id='word_1_283' title='bbox 3566 571 3679 612; x_wconf 85' lang='lat' dir='ltr'>ex-</span> 
     </span>
     <span class='ocr_line' id='line_1_49' title="bbox 2130 658 3682 733; baseline -0.003 -14"><span class='ocrx_word' id='word_1_284' title='bbox 2130 676 2354 721; x_wconf 89' lang='lat' dir='ltr'>cusare</span> <span class='ocrx_word' id='word_1_285' title='bbox 2384 661 2729 717; x_wconf 91' lang='lat' dir='ltr'>secundum</span> <span class='ocrx_word' id='word_1_286' title='bbox 2777 659 3163 733; x_wconf 89' lang='lat' dir='ltr'>probabilem</span> <span class='ocrx_word' id='word_1_287' title='bbox 3207 661 3378 730; x_wconf 89' lang='lat' dir='ltr'>opin.</span> <span class='ocrx_word' id='word_1_288' title='bbox 3430 661 3516 715; x_wconf 90' lang='lat' dir='ltr'>ita</span> <span class='ocrx_word' id='word_1_289' title='bbox 3566 658 3682 715; x_wconf 93' lang='lat' dir='ltr'>Co-</span> 
     </span>
     <span class='ocr_line' id='line_1_50' title="bbox 2131 757 3681 827; baseline -0.002 -13"><span class='ocrx_word' id='word_1_290' title='bbox 2131 774 2267 815; x_wconf 86' lang='lat' dir='ltr'>var.</span> <span class='ocrx_word' id='word_1_291' title='bbox 2304 760 2481 814; x_wconf 89' lang='lat' dir='ltr'>Suar.</span> <span class='ocrx_word' id='word_1_292' title='bbox 2514 763 2575 814; x_wconf 91' lang='lat' dir='ltr'>et</span> <span class='ocrx_word' id='word_1_293' title='bbox 2632 757 2938 813; x_wconf 87' lang='lat' dir='ltr'>Sancbius</span> <span class='ocrx_word' id='word_1_294' title='bbox 2977 758 3171 824; x_wconf 89' lang='lat' dir='ltr'>citati,</span> <span class='ocrx_word' id='word_1_295' title='bbox 3204 758 3358 813; x_wconf 73' lang='lat' dir='ltr'>NaV.</span> <span class='ocrx_word' id='word_1_296' title='bbox 3418 770 3554 827; x_wconf 90' lang='lat' dir='ltr'>cap.</span> <span class='ocrx_word' id='word_1_297' title='bbox 3587 757 3681 811; x_wconf 87' lang='lat'>27.</span> 
     </span>
    </p>
   </div>
   <div class='ocr_carea' id='block_1_7' title="bbox 2131 854 3685 1112">
    <p class='ocr_par' dir='ltr' id='par_1_8' title="bbox 2131 854 3685 1112">
     <span class='ocr_line' id='line_1_51' title="bbox 2133 854 3679 930; baseline -0.001 -18"><span class='ocrx_word' id='word_1_298' title='bbox 2133 871 2307 912; x_wconf 91' lang='lat' dir='ltr'>num.</span> <span class='ocrx_word' id='word_1_299' title='bbox 2345 859 2428 912; x_wconf 89' lang='grc'><strong>16.</strong></span> <span class='ocrx_word' id='word_1_300' title='bbox 2466 858 2600 913; x_wconf 91' lang='lat' dir='ltr'>Soto</span> <span class='ocrx_word' id='word_1_301' title='bbox 2629 857 2688 913; x_wconf 92' lang='lat' dir='ltr'><strong>d.</strong></span> <span class='ocrx_word' id='word_1_302' title='bbox 2714 860 2805 912; x_wconf 88' lang='grc'><strong>22.</strong></span> <span class='ocrx_word' id='word_1_303' title='bbox 2832 874 2894 930; x_wconf 86' lang='lat' dir='ltr'>q.</span> <span class='ocrx_word' id='word_1_304' title='bbox 2915 859 3004 914; x_wconf 87' lang='lat'>12.</span> <span class='ocrx_word' id='word_1_305' title='bbox 3037 857 3142 913; x_wconf 88' lang='lat' dir='ltr'><strong>fin.</strong></span> <span class='ocrx_word' id='word_1_306' title='bbox 3174 858 3434 929; x_wconf 85' lang='lat' dir='ltr'>Henriq.</span> <span class='ocrx_word' id='word_1_307' title='bbox 3458 854 3566 912; x_wconf 93' lang='lat' dir='ltr'>lib.</span> <span class='ocrx_word' id='word_1_308' title='bbox 3594 857 3679 912; x_wconf 89' lang='lat'>13.</span> 
     </span>
     <span class='ocr_line' id='line_1_52' title="bbox 2131 954 3685 1027; baseline -0.001 -17"><span class='ocrx_word' id='word_1_309' title='bbox 2131 968 2262 1025; x_wconf 88' lang='lat' dir='ltr'>cap.</span> <span class='ocrx_word' id='word_1_310' title='bbox 2291 956 2382 1010; x_wconf 87' lang='lat'>21.</span> <span class='ocrx_word' id='word_1_311' title='bbox 2418 954 2581 1026; x_wconf 85' lang='lat' dir='ltr'>quod</span> <span class='ocrx_word' id='word_1_312' title='bbox 2615 959 2827 1013; x_wconf 88' lang='lat' dir='ltr'>notare</span> <span class='ocrx_word' id='word_1_313' title='bbox 2857 956 3031 1012; x_wconf 85' lang='lat' dir='ltr'>volui</span> <span class='ocrx_word' id='word_1_314' title='bbox 3071 957 3324 1027; x_wconf 88' lang='lat' dir='ltr'>propter</span> <span class='ocrx_word' id='word_1_315' title='bbox 3374 954 3685 1011; x_wconf 83' lang='lat' dir='ltr'>consessa·</span> 
     </span>
     <span class='ocr_line' id='line_1_53' title="bbox 2131 1050 3683 1112; baseline -0.003 -3"><span class='ocrx_word' id='word_1_316' title='bbox 2131 1054 2257 1109; x_wconf 89' lang='lat' dir='ltr'>rios</span> <span class='ocrx_word' id='word_1_317' title='bbox 2289 1067 2409 1109; x_wconf 90' lang='lat' dir='ltr'>non</span> <span class='ocrx_word' id='word_1_318' title='bbox 2441 1054 2738 1110; x_wconf 88' lang='lat' dir='ltr'>habentes</span> <span class='ocrx_word' id='word_1_319' title='bbox 2770 1055 3210 1112; x_wconf 87' lang='lat' dir='ltr'>auctoritatem</span> <span class='ocrx_word' id='word_1_320' title='bbox 3243 1050 3611 1111; x_wconf 86' lang='lat' dir='ltr'>absolvendi</span> <span class='ocrx_word' id='word_1_321' title='bbox 3647 1064 3683 1106; x_wconf 97' lang='lat' dir='ltr'>a</span> 
     </span>
    </p>
   </div>
   <div class='ocr_carea' id='block_1_8' title="bbox 2132 1156 3687 1605">
    <p class='ocr_par' dir='ltr' id='par_1_9' title="bbox 2132 1156 3687 1605">
     <span class='ocr_line' id='line_1_54' title="bbox 2133 1156 3687 1227; baseline 0.003 -19"><span class='ocrx_word' id='word_1_322' title='bbox 2133 1157 2440 1223; x_wconf 86' lang='lat' dir='ltr'>censuris,</span> <span class='ocrx_word' id='word_1_323' title='bbox 2474 1170 2618 1212; x_wconf 90' lang='lat' dir='ltr'>nam</span> <span class='ocrx_word' id='word_1_324' title='bbox 2651 1159 2702 1213; x_wconf 90' lang='lat' dir='ltr'>si</span> <span class='ocrx_word' id='word_1_325' title='bbox 2735 1156 3018 1215; x_wconf 85' lang='lat' dir='ltr'>viderint</span> <span class='ocrx_word' id='word_1_326' title='bbox 3072 1159 3328 1214; x_wconf 83' lang='lat' dir='ltr'>affuisse</span> <span class='ocrx_word' id='word_1_327' title='bbox 3397 1160 3687 1227; x_wconf 88' lang='lat' dir='ltr'>ignoran-</span> 
     </span>
     <span class='ocr_line' id='line_1_55' title="bbox 2132 1252 3686 1321; baseline 0.003 -15"><span class='ocrx_word' id='word_1_328' title='bbox 2132 1252 2281 1308; x_wconf 86' lang='lat' dir='ltr'>tiam</span> <span class='ocrx_word' id='word_1_329' title='bbox 2322 1253 2492 1320; x_wconf 80' lang='lat' dir='ltr'>sacti,</span> <span class='ocrx_word' id='word_1_330' title='bbox 2526 1255 2783 1310; x_wconf 90' lang='lat' dir='ltr'>canonis</span> <span class='ocrx_word' id='word_1_331' title='bbox 2831 1254 2937 1309; x_wconf 82' lang='lat' dir='ltr'>vel</span> <span class='ocrx_word' id='word_1_332' title='bbox 2968 1268 3274 1321; x_wconf 80' lang='lat' dir='ltr'>censurae,</span> <span class='ocrx_word' id='word_1_333' title='bbox 3307 1258 3441 1310; x_wconf 90' lang='lat' dir='ltr'>tute</span> <span class='ocrx_word' id='word_1_334' title='bbox 3482 1254 3686 1310; x_wconf 86' lang='lat' dir='ltr'>absol-</span> 
     </span>
     <span class='ocr_line' id='line_1_56' title="bbox 2134 1353 3684 1424; baseline 0.003 -19"><span class='ocrx_word' id='word_1_335' title='bbox 2134 1356 2313 1417; x_wconf 88' lang='lat' dir='ltr'>vunt,</span> <span class='ocrx_word' id='word_1_336' title='bbox 2374 1353 2521 1424; x_wconf 86' lang='lat' dir='ltr'>quia</span> <span class='ocrx_word' id='word_1_337' title='bbox 2570 1367 2838 1409; x_wconf 89' lang='lat' dir='ltr'>censura</span> <span class='ocrx_word' id='word_1_338' title='bbox 2879 1369 2999 1410; x_wconf 93' lang='lat' dir='ltr'>non</span> <span class='ocrx_word' id='word_1_339' title='bbox 3062 1360 3154 1410; x_wconf 88' lang='lat' dir='ltr'>est</span> <span class='ocrx_word' id='word_1_340' title='bbox 3211 1355 3487 1412; x_wconf 85' lang='lat' dir='ltr'>incursa.</span> <span class='ocrx_word' id='word_1_341' title='bbox 3523 1354 3684 1411; x_wconf 83' lang='lat' dir='ltr'>Vide</span> 
     </span>
     <span class='ocr_line' id='line_1_57' title="bbox 2134 1450 3677 1523; baseline 0.003 -19"><span class='ocrx_word' id='word_1_342' title='bbox 2134 1450 2474 1506; x_wconf 88' lang='lat' dir='ltr'>Sanchium</span> <span class='ocrx_word' id='word_1_343' title='bbox 2503 1455 2554 1506; x_wconf 87' lang='lat'>2.</span> <span class='ocrx_word' id='word_1_344' title='bbox 2586 1452 2653 1507; x_wconf 94' lang='lat' dir='ltr'>in</span> <span class='ocrx_word' id='word_1_345' title='bbox 2687 1452 2892 1507; x_wconf 88' lang='lat' dir='ltr'>Decal.</span> <span class='ocrx_word' id='word_1_346' title='bbox 2927 1466 3059 1523; x_wconf 88' lang='lat' dir='ltr'>cap.</span> <span class='ocrx_word' id='word_1_347' title='bbox 3088 1454 3144 1508; x_wconf 91' lang='lat'>8.</span> <span class='ocrx_word' id='word_1_348' title='bbox 3180 1467 3354 1508; x_wconf 91' lang='lat' dir='ltr'>num.</span> <span class='ocrx_word' id='word_1_349' title='bbox 3387 1454 3437 1508; x_wconf 84' lang='lat'>5.</span> <span class='ocrx_word' id='word_1_350' title='bbox 3500 1453 3677 1508; x_wconf 90' lang='lat' dir='ltr'>Suar.</span> 
     </span>
     <span class='ocr_line' id='line_1_58' title="bbox 2137 1545 3110 1605; baseline 0.007 -4"><span class='ocrx_word' id='word_1_351' title='bbox 2137 1551 2282 1602; x_wconf 91' lang='lat' dir='ltr'>tom.</span> <span class='ocrx_word' id='word_1_352' title='bbox 2313 1549 2366 1602; x_wconf 87' lang='lat'>4.</span> <span class='ocrx_word' id='word_1_353' title='bbox 2392 1548 2452 1603; x_wconf 93' lang='lat' dir='ltr'><strong>d.</strong></span> <span class='ocrx_word' id='word_1_354' title='bbox 2484 1551 2573 1604; x_wconf 85' lang='lat'>29.</span> <span class='ocrx_word' id='word_1_355' title='bbox 2614 1564 2662 1604; x_wconf 82' lang='lat' dir='ltr'>S.</span> <span class='ocrx_word' id='word_1_356' title='bbox 2694 1553 2750 1605; x_wconf 89' lang='lat'>2.</span> <span class='ocrx_word' id='word_1_357' title='bbox 3105 1545 3110 1546; x_wconf 43' lang='lat'><em>⁷</em></span> 
     </span>
    </p>
   </div>
   <div class='ocr_carea' id='block_1_9' title="bbox 2125 1843 4032 5202">
    <p class='ocr_par' dir='ltr' id='par_1_10' title="bbox 2127 1843 4032 4160">
     <span class='ocr_line' id='line_1_59' title="bbox 2221 1843 3949 1957; baseline 0.003 -39"><span class='ocrx_word' id='word_1_358' title='bbox 2221 1843 2650 1936; x_wconf 91' lang='lat' dir='ltr'>Loquendo</span> <span class='ocrx_word' id='word_1_359' title='bbox 2708 1847 2801 1919; x_wconf 91' lang='lat' dir='ltr'>de</span> <span class='ocrx_word' id='word_1_360' title='bbox 2861 1849 3204 1923; x_wconf 91' lang='lat' dir='ltr'>scientia</span> <span class='ocrx_word' id='word_1_361' title='bbox 3269 1849 3396 1922; x_wconf 85' lang='lat' dir='ltr'>vel</span> <span class='ocrx_word' id='word_1_362' title='bbox 3459 1849 3678 1941; x_wconf 89' lang='lat' dir='ltr'>igno·</span> <span class='ocrx_word' id='word_1_363' title='bbox 3797 1843 3949 1957; x_wconf 49' lang='lat' dir='ltr'>M‘Z‘io</span> 
     </span>
     <span class='ocr_line' id='line_1_60' title="bbox 2134 1957 4022 2082; baseline 0.005 -51"><span class='ocrx_word' id='word_1_364' title='bbox 2134 1962 2405 2033; x_wconf 90' lang='lat' dir='ltr'>rantia</span> <span class='ocrx_word' id='word_1_365' title='bbox 2438 1957 2820 2043; x_wconf 88' lang='lat' dir='ltr'>facti‚hoc</span> <span class='ocrx_word' id='word_1_366' title='bbox 2849 1965 2997 2046; x_wconf 91' lang='lat' dir='ltr'>est,</span> <span class='ocrx_word' id='word_1_367' title='bbox 3027 1968 3110 2035; x_wconf 90' lang='lat' dir='ltr'>ut</span> <span class='ocrx_word' id='word_1_368' title='bbox 3147 1963 3216 2036; x_wconf 91' lang='lat' dir='ltr'>si</span> <span class='ocrx_word' id='word_1_369' title='bbox 3247 1965 3680 2056; x_wconf 88' lang='lat' dir='ltr'>ignoretur</span> <span class='ocrx_word' id='word_1_370' title='bbox 3711 1973 4022 2082; x_wconf 55' lang='lat' dir='ltr'>Eeonsstagm</span> 
     </span>
     <span class='ocr_line' id='line_1_61' title="bbox 2132 2047 3943 2172; baseline 0.008 -26"><span class='ocrx_word' id='word_1_371' title='bbox 2132 2075 2379 2149; x_wconf 90' lang='lat' dir='ltr'>istum</span> <span class='ocrx_word' id='word_1_372' title='bbox 2432 2075 2684 2149; x_wconf 86' lang='lat' dir='ltr'>fuisse</span> <span class='ocrx_word' id='word_1_373' title='bbox 2755 2078 3280 2172; x_wconf 88' lang='lat' dir='ltr'>baptizatum,</span> <span class='ocrx_word' id='word_1_374' title='bbox 3328 2085 3407 2154; x_wconf 93' lang='lat' dir='ltr'>et</span> <span class='ocrx_word' id='word_1_375' title='bbox 3466 2101 3676 2153; x_wconf 89' lang='lat' dir='ltr'>nunc</span> <span class='ocrx_word' id='word_1_376' title='bbox 3756 2047 3943 2167; x_wconf 42' lang='grc' dir='ltr'><strong>1)ιέἷὲἶὲ</strong></span> 
     </span>
     <span class='ocr_line' id='line_1_62' title="bbox 2134 2157 4023 2294; baseline 0.002 -30"><span class='ocrx_word' id='word_1_377' title='bbox 2134 2193 2436 2267; x_wconf 89' lang='lat' dir='ltr'>iterum</span> <span class='ocrx_word' id='word_1_378' title='bbox 2503 2194 2931 2286; x_wconf 87' lang='lat' dir='ltr'>baptizari,</span> <span class='ocrx_word' id='word_1_379' title='bbox 2969 2196 3145 2269; x_wconf 91' lang='lat' dir='ltr'>dico</span> <span class='ocrx_word' id='word_1_380' title='bbox 3203 2199 3422 2277; x_wconf 90' lang='lat' dir='ltr'>tunc,</span> <span class='ocrx_word' id='word_1_381' title='bbox 3475 2199 3678 2289; x_wconf 91' lang='lat' dir='ltr'>quod</span> <span class='ocrx_word' id='word_1_382' title='bbox 3725 2157 4023 2294; x_wconf 49' lang='lat' dir='ltr'>ffssssssgitf</span> 
     </span>
     <span class='ocr_line' id='line_1_63' title="bbox 2133 2283 4032 2406; baseline 0.006 -25"><span class='ocrx_word' id='word_1_383' title='bbox 2133 2310 2201 2381; x_wconf 90' lang='lat' dir='ltr'>si</span> <span class='ocrx_word' id='word_1_384' title='bbox 2243 2309 2384 2382; x_wconf 91' lang='lat' dir='ltr'>illo</span> <span class='ocrx_word' id='word_1_385' title='bbox 2449 2312 2683 2383; x_wconf 85' lang='lat' dir='ltr'>modo</span> <span class='ocrx_word' id='word_1_386' title='bbox 2754 2312 3097 2385; x_wconf 82' lang='lat' dir='ltr'>scienter</span> <span class='ocrx_word' id='word_1_387' title='bbox 3136 2319 3259 2387; x_wconf 90' lang='lat' dir='ltr'>est</span> <span class='ocrx_word' id='word_1_388' title='bbox 3313 2314 3671 2400; x_wconf 90' lang='lat' dir='ltr'>iterati0,</span> <span class='ocrx_word' id='word_1_389' title='bbox 3738 2283 4032 2406; x_wconf 50' lang='grc' dir='ltr'>ιῖζῗὲῗιῖῗ</span> 
     </span>
     <span class='ocr_line' id='line_1_64' title="bbox 2132 2408 4030 2552; baseline 0.003 -52"><span class='ocrx_word' id='word_1_390' title='bbox 2132 2430 2303 2500; x_wconf 90' lang='lat' dir='ltr'>tam</span> <span class='ocrx_word' id='word_1_391' title='bbox 2390 2427 2844 2520; x_wconf 90' lang='lat' dir='ltr'>suscipiens</span> <span class='ocrx_word' id='word_1_392' title='bbox 2913 2450 3153 2521; x_wconf 92' lang='lat' dir='ltr'>quam</span> <span class='ocrx_word' id='word_1_393' title='bbox 3247 2429 3675 2505; x_wconf 88' lang='lat' dir='ltr'>conferens</span> <span class='ocrx_word' id='word_1_394' title='bbox 3708 2408 4030 2552; x_wconf 47' lang='lat' dir='ltr'>T‘cifffff·</span> 
     </span>
     <span class='ocr_line' id='line_1_65' title="bbox 2128 2544 3679 2636; baseline -0.001 -20"><span class='ocrx_word' id='word_1_395' title='bbox 2128 2550 2254 2616; x_wconf 91' lang='lat' dir='ltr'>est</span> <span class='ocrx_word' id='word_1_396' title='bbox 2290 2544 2808 2636; x_wconf 81' lang='lat' dir='ltr'>irregulariS,</span> <span class='ocrx_word' id='word_1_397' title='bbox 2875 2547 3083 2620; x_wconf 85' lang='lat' dir='ltr'>sicut</span> <span class='ocrx_word' id='word_1_398' title='bbox 3135 2545 3480 2622; x_wconf 89' lang='lat' dir='ltr'>habetur</span> <span class='ocrx_word' id='word_1_399' title='bbox 3536 2553 3679 2616; x_wconf 74' lang='lat' dir='ltr'>Ex-</span> 
     </span>
     <span class='ocr_line' id='line_1_66' title="bbox 2131 2661 3676 2753; baseline 0.006 -26"><span class='ocrx_word' id='word_1_400' title='bbox 2131 2675 2303 2729; x_wconf 81' lang='lat' dir='ltr'>trav.</span> <span class='ocrx_word' id='word_1_401' title='bbox 2349 2661 2440 2733; x_wconf 82' lang='lat' dir='ltr'>de</span> <span class='ocrx_word' id='word_1_402' title='bbox 2473 2663 2903 2753; x_wconf 74' lang='lat' dir='ltr'>apostatis,</span> <span class='ocrx_word' id='word_1_403' title='bbox 2948 2689 3030 2732; x_wconf 70' lang='lat' dir='ltr'>ex</span> <span class='ocrx_word' id='word_1_404' title='bbox 3065 2668 3470 2733; x_wconf 77' lang='lat' dir='ltr'>litterarum.</span> <span class='ocrx_word' id='word_1_405' title='bbox 3528 2665 3676 2739; x_wconf 83' lang='lat' dir='ltr'>Sed</span> 
     </span>
     <span class='ocr_line' id='line_1_67' title="bbox 2129 2777 3678 2871; baseline 0.003 -23"><span class='ocrx_word' id='word_1_406' title='bbox 2129 2777 2591 2851; x_wconf 85' lang='lat' dir='ltr'>differentia</span> <span class='ocrx_word' id='word_1_407' title='bbox 2621 2783 2747 2852; x_wconf 92' lang='lat' dir='ltr'>est</span> <span class='ocrx_word' id='word_1_408' title='bbox 2807 2779 2875 2851; x_wconf 87' lang='lat' dir='ltr'>si</span> <span class='ocrx_word' id='word_1_409' title='bbox 2953 2779 3493 2871; x_wconf 78' lang='lat' dir='ltr'>publice‹fiat,</span> <span class='ocrx_word' id='word_1_410' title='bbox 3553 2782 3678 2852; x_wconf 80' lang='lat' dir='ltr'>vel</span> 
     </span>
     <span class='ocr_line' id='line_1_68' title="bbox 2132 2891 3682 2991; baseline 0.004 -26"><span class='ocrx_word' id='word_1_411' title='bbox 2132 2894 2212 2966; x_wconf 92' lang='lat' dir='ltr'>in</span> <span class='ocrx_word' id='word_1_412' title='bbox 2275 2891 2620 2977; x_wconf 80' lang='lat' dir='ltr'>occult0‚</span> <span class='ocrx_word' id='word_1_413' title='bbox 2678 2900 3066 2987; x_wconf 89' lang='lat' dir='ltr'>quantum</span> <span class='ocrx_word' id='word_1_414' title='bbox 3130 2898 3225 2969; x_wconf 92' lang='lat' dir='ltr'>ad</span> <span class='ocrx_word' id='word_1_415' title='bbox 3267 2895 3415 2970; x_wconf 92' lang='lat' dir='ltr'>hoc</span> <span class='ocrx_word' id='word_1_416' title='bbox 3478 2899 3682 2991; x_wconf 87' lang='lat' dir='ltr'>quod</span> 
     </span>
     <span class='ocr_line' id='line_1_69' title="bbox 2130 3009 3680 3107; baseline 0.005 -26"><span class='ocrx_word' id='word_1_417' title='bbox 2130 3009 2455 3082; x_wconf 88' lang='lat' dir='ltr'>facilius</span> <span class='ocrx_word' id='word_1_418' title='bbox 2488 3010 3011 3103; x_wconf 89' lang='lat' dir='ltr'>dispensatur</span> <span class='ocrx_word' id='word_1_419' title='bbox 3046 3012 3126 3083; x_wconf 90' lang='lat' dir='ltr'>in</span> <span class='ocrx_word' id='word_1_420' title='bbox 3170 3034 3328 3086; x_wconf 91' lang='lat' dir='ltr'>una</span> <span class='ocrx_word' id='word_1_421' title='bbox 3360 3016 3680 3107; x_wconf 89' lang='lat' dir='ltr'>irregu-</span> 
     </span>
     <span class='ocr_line' id='line_1_70' title="bbox 2132 3109 3677 3223; baseline 0.005 -24"><span class='ocrx_word' id='word_1_422' title='bbox 2132 3126 2494 3211; x_wconf 88' lang='lat' dir='ltr'>laritate,</span> <span class='ocrx_word' id='word_1_423' title='bbox 2533 3109 2775 3219; x_wconf 83' lang='lat' dir='ltr'>quani</span> <span class='ocrx_word' id='word_1_424' title='bbox 2811 3127 2890 3202; x_wconf 90' lang='lat' dir='ltr'>in</span> <span class='ocrx_word' id='word_1_425' title='bbox 2932 3129 3324 3223; x_wconf 89' lang='lat' dir='ltr'>alia‚quia</span> <span class='ocrx_word' id='word_1_426' title='bbox 3363 3132 3445 3204; x_wconf 93' lang='lat' dir='ltr'>in</span> <span class='ocrx_word' id='word_1_427' title='bbox 3491 3153 3677 3219; x_wconf 90' lang='lat' dir='ltr'>una,</span> 
     </span>
     <span class='ocr_line' id='line_1_71' title="bbox 2134 3247 3674 3345; baseline 0.005 -27"><span class='ocrx_word' id='word_1_428' title='bbox 2134 3252 2223 3319; x_wconf 92' lang='lat' dir='ltr'>ut</span> <span class='ocrx_word' id='word_1_429' title='bbox 2266 3247 2616 3340; x_wconf 85' lang='lat' dir='ltr'>privata,</span> <span class='ocrx_word' id='word_1_430' title='bbox 2661 3247 2876 3322; x_wconf 88' lang='lat' dir='ltr'>forte</span> <span class='ocrx_word' id='word_1_431' title='bbox 2939 3270 3083 3343; x_wconf 92' lang='lat' dir='ltr'>per</span> <span class='ocrx_word' id='word_1_432' title='bbox 3152 3250 3674 3345; x_wconf 86' lang='lat' dir='ltr'>Episcopum,</span> 
     </span>
     <span class='ocr_line' id='line_1_72' title="bbox 2132 3365 3678 3463; baseline 0.006 -29"><span class='ocrx_word' id='word_1_433' title='bbox 2132 3365 2213 3435; x_wconf 92' lang='lat' dir='ltr'>in</span> <span class='ocrx_word' id='word_1_434' title='bbox 2253 3365 2415 3436; x_wconf 90' lang='lat' dir='ltr'>alia</span> <span class='ocrx_word' id='word_1_435' title='bbox 2450 3386 2634 3448; x_wconf 93' lang='lat' dir='ltr'>non,</span> <span class='ocrx_word' id='word_1_436' title='bbox 2672 3367 2831 3440; x_wconf 91' lang='lat' dir='ltr'>nisi</span> <span class='ocrx_word' id='word_1_437' title='bbox 2884 3388 3028 3459; x_wconf 90' lang='lat' dir='ltr'>per</span> <span class='ocrx_word' id='word_1_438' title='bbox 3061 3370 3364 3462; x_wconf 87' lang='lat' dir='ltr'>Papam</span> <span class='ocrx_word' id='word_1_439' title='bbox 3402 3397 3417 3454; x_wconf 89' lang='grc'><strong>;</strong></span> <span class='ocrx_word' id='word_1_440' title='bbox 3456 3372 3678 3463; x_wconf 89' lang='lat' dir='ltr'>patet</span> 
     </span>
     <span class='ocr_line' id='line_1_73' title="bbox 2132 3483 3677 3577; baseline 0.004 -24"><span class='ocrx_word' id='word_1_441' title='bbox 2132 3483 2266 3565; x_wconf 91' lang='lat' dir='ltr'>ibi,</span> <span class='ocrx_word' id='word_1_442' title='bbox 2340 3488 2418 3556; x_wconf 91' lang='lat' dir='ltr'>et</span> <span class='ocrx_word' id='word_1_443' title='bbox 2485 3484 2980 3577; x_wconf 87' lang='lat' dir='ltr'>intelligitur</span> <span class='ocrx_word' id='word_1_444' title='bbox 3050 3486 3119 3559; x_wconf 92' lang='lat' dir='ltr'>si</span> <span class='ocrx_word' id='word_1_445' title='bbox 3192 3488 3298 3561; x_wconf 90' lang='lat' dir='ltr'>sit</span> <span class='ocrx_word' id='word_1_446' title='bbox 3341 3487 3677 3561; x_wconf 90' lang='lat' dir='ltr'>iteratio</span> 
     </span>
     <span class='ocr_line' id='line_1_74' title="bbox 2131 3598 3679 3696; baseline 0.004 -26"><span class='ocrx_word' id='word_1_447' title='bbox 2131 3598 2524 3674; x_wconf 90' lang='lat' dir='ltr'>absolute.</span> <span class='ocrx_word' id='word_1_448' title='bbox 2567 3601 2649 3674; x_wconf 87' lang='lat' dir='ltr'>Si</span> <span class='ocrx_word' id='word_1_449' title='bbox 2689 3602 2906 3673; x_wconf 91' lang='lat' dir='ltr'>enim</span> <span class='ocrx_word' id='word_1_450' title='bbox 2953 3609 3296 3695; x_wconf 89' lang='lat' dir='ltr'>propter</span> <span class='ocrx_word' id='word_1_451' title='bbox 3356 3603 3679 3696; x_wconf 89' lang='lat' dir='ltr'>aliquod</span> 
     </span>
     <span class='ocr_line' id='line_1_75' title="bbox 2129 3716 3678 3800; baseline 0.003 -11"><span class='ocrx_word' id='word_1_452' title='bbox 2129 3716 2453 3789; x_wconf 91' lang='lat' dir='ltr'>dubium</span> <span class='ocrx_word' id='word_1_453' title='bbox 2537 3717 3010 3800; x_wconf 83' lang='lat' dir='ltr'>verisimile,</span> <span class='ocrx_word' id='word_1_454' title='bbox 3059 3741 3215 3792; x_wconf 94' lang='lat' dir='ltr'>non</span> <span class='ocrx_word' id='word_1_455' title='bbox 3289 3721 3678 3795; x_wconf 87' lang='lat' dir='ltr'>trufatice</span> 
     </span>
     <span class='ocr_line' id='line_1_76' title="bbox 2132 3832 3680 3927; baseline 0.005 -25"><span class='ocrx_word' id='word_1_456' title='bbox 2132 3835 2418 3907; x_wconf 87' lang='lat' dir='ltr'>utatur</span> <span class='ocrx_word' id='word_1_457' title='bbox 2521 3832 2696 3927; x_wconf 88' lang='lat' dir='ltr'>quis</span> <span class='ocrx_word' id='word_1_458' title='bbox 2801 3834 3025 3908; x_wconf 87' lang='lat' dir='ltr'>circa</span> <span class='ocrx_word' id='word_1_459' title='bbox 3080 3837 3335 3909; x_wconf 89' lang='lat' dir='ltr'>alium</span> <span class='ocrx_word' id='word_1_460' title='bbox 3407 3836 3680 3910; x_wconf 85' lang='lat' dir='ltr'>forma</span> 
     </span>
     <span class='ocr_line' id='line_1_77' title="bbox 2129 3948 3674 4043; baseline 0.003 -23"><span class='ocrx_word' id='word_1_461' title='bbox 2129 3948 2371 4042; x_wconf 86' lang='lat' dir='ltr'>hujus</span> <span class='ocrx_word' id='word_1_462' title='bbox 2441 3951 2805 4043; x_wconf 75' lang='lat' dir='ltr'>capituli,</span> <span class='ocrx_word' id='word_1_463' title='bbox 2853 3956 2934 4021; x_wconf 82' lang='lat' dir='ltr'>de</span> <span class='ocrx_word' id='word_1_464' title='bbox 2973 3957 3207 4042; x_wconf 78' lang='lat' dir='ltr'>quibus</span> <span class='ocrx_word' id='word_1_465' title='bbox 3235 3968 3329 4023; x_wconf 78' lang='lat' dir='ltr'>est</span> <span class='ocrx_word' id='word_1_466' title='bbox 3377 3958 3674 4035; x_wconf 76' lang='lat' dir='ltr'>dubium,</span> 
     </span>
     <span class='ocr_line' id='line_1_78' title="bbox 2127 4066 3051 4160; baseline 0.003 -26"><span class='ocrx_word' id='word_1_467' title='bbox 2127 4084 2288 4136; x_wconf 95' lang='lat' dir='ltr'>non</span> <span class='ocrx_word' id='word_1_468' title='bbox 2344 4069 2465 4138; x_wconf 89' lang='lat' dir='ltr'>est</span> <span class='ocrx_word' id='word_1_469' title='bbox 2537 4066 3051 4160; x_wconf 86' lang='lat' dir='ltr'>irregularis.</span> 
     </span>
    </p>

    <p class='ocr_par' dir='ltr' id='par_1_11' title="bbox 2125 4180 3682 5202">
     <span class='ocr_line' id='line_1_79' title="bbox 2218 4180 3678 4277; baseline 0.002 -22"><span class='ocrx_word' id='word_1_470' title='bbox 2218 4180 2595 4255; x_wconf 88' lang='lat' dir='ltr'>Siautem</span> <span class='ocrx_word' id='word_1_471' title='bbox 2653 4184 2797 4258; x_wconf 90' lang='lat' dir='ltr'>fiat</span> <span class='ocrx_word' id='word_1_472' title='bbox 2840 4184 3002 4257; x_wconf 89' lang='lat' dir='ltr'>ista</span> <span class='ocrx_word' id='word_1_473' title='bbox 3069 4184 3403 4258; x_wconf 90' lang='lat' dir='ltr'>iteratio</span> <span class='ocrx_word' id='word_1_474' title='bbox 3457 4185 3678 4277; x_wconf 91' lang='lat' dir='ltr'>igno-</span> 
     </span>
     <span class='ocr_line' id='line_1_80' title="bbox 2129 4300 3674 4395; baseline 0.005 -27"><span class='ocrx_word' id='word_1_475' title='bbox 2129 4303 2437 4380; x_wconf 90' lang='lat' dir='ltr'>ranter,</span> <span class='ocrx_word' id='word_1_476' title='bbox 2511 4300 2811 4376; x_wconf 89' lang='lat' dir='ltr'>dicitur</span> <span class='ocrx_word' id='word_1_477' title='bbox 2880 4303 3085 4391; x_wconf 86' lang='lat' dir='ltr'>quod</span> <span class='ocrx_word' id='word_1_478' title='bbox 3199 4303 3674 4395; x_wconf 80' lang='lat' dir='ltr'>suscipienS,</span> 
     </span>
     <span class='ocr_line' id='line_1_81' title="bbox 2126 4414 3674 4511; baseline 0.002 -26"><span class='ocrx_word' id='word_1_479' title='bbox 2126 4414 2315 4487; x_wconf 93' lang='lat' dir='ltr'>licet</span> <span class='ocrx_word' id='word_1_480' title='bbox 2397 4416 2899 4507; x_wconf 85' lang='lat' dir='ltr'>ignoranter,</span> <span class='ocrx_word' id='word_1_481' title='bbox 2974 4422 3100 4493; x_wconf 93' lang='lat' dir='ltr'>est</span> <span class='ocrx_word' id='word_1_482' title='bbox 3160 4419 3674 4511; x_wconf 82' lang='lat' dir='ltr'>irregularis,</span> 
     </span>
     <span class='ocr_line' id='line_1_82' title="bbox 2127 4532 3675 4625; baseline 0.001 -22"><span class='ocrx_word' id='word_1_483' title='bbox 2127 4532 2538 4604; x_wconf 89' lang='lat' dir='ltr'>Probatur</span> <span class='ocrx_word' id='word_1_484' title='bbox 2568 4554 2713 4625; x_wconf 91' lang='lat' dir='ltr'>per</span> <span class='ocrx_word' id='word_1_485' title='bbox 2736 4533 2928 4607; x_wconf 90' lang='lat' dir='ltr'>illud</span> <span class='ocrx_word' id='word_1_486' title='bbox 2958 4537 3041 4603; x_wconf 81' lang='lat' dir='ltr'>de</span> <span class='ocrx_word' id='word_1_487' title='bbox 3087 4559 3334 4604; x_wconf 77' lang='lat' dir='ltr'>consec.</span> <span class='ocrx_word' id='word_1_488' title='bbox 3407 4538 3564 4604; x_wconf 80' lang='lat' dir='ltr'>disc.</span> <span class='ocrx_word' id='word_1_489' title='bbox 3611 4543 3675 4604; x_wconf 76' lang='lat'>4.</span> 
     </span>
     <span class='ocr_line' id='line_1_83' title="bbox 2125 4648 3682 4742; baseline 0.004 -28"><span class='ocrx_word' id='word_1_490' title='bbox 2125 4653 2242 4737; x_wconf 84' lang='lat' dir='ltr'>qui</span> <span class='ocrx_word' id='word_1_491' title='bbox 2273 4650 2392 4730; x_wconf 81' lang='lat' dir='ltr'>bis,</span> <span class='ocrx_word' id='word_1_492' title='bbox 2431 4648 2564 4720; x_wconf 87' lang='lat' dir='ltr'>ubi</span> <span class='ocrx_word' id='word_1_493' title='bbox 2594 4648 2898 4723; x_wconf 84' lang='lat' dir='ltr'>dicitur·</span> <span class='ocrx_word' id='word_1_494' title='bbox 2930 4679 2951 4719; x_wconf 92' lang='lat'>.·</span> <span class='ocrx_word' id='word_1_495' title='bbox 2991 4655 3120 4730; x_wconf 78' lang='lat' dir='ltr'>Qui</span> <span class='ocrx_word' id='word_1_496' title='bbox 3151 4655 3248 4720; x_wconf 80' lang='lat' dir='ltr'>bis</span> <span class='ocrx_word' id='word_1_497' title='bbox 3287 4656 3682 4742; x_wconf 74' lang='lat' dir='ltr'>iynoranter</span> 
     </span>
     <span class='ocr_line' id='line_1_84' title="bbox 2126 4769 3681 4859; baseline 0.004 -27"><span class='ocrx_word' id='word_1_498' title='bbox 2126 4769 2455 4854; x_wconf 79' lang='lat' dir='ltr'>baptizati</span> <span class='ocrx_word' id='word_1_499' title='bbox 2510 4782 2688 4849; x_wconf 80' lang='lat' dir='ltr'>sunt,</span> <span class='ocrx_word' id='word_1_500' title='bbox 2753 4792 2890 4837; x_wconf 76' lang='lat' dir='ltr'>non</span> <span class='ocrx_word' id='word_1_501' title='bbox 2921 4771 3226 4859; x_wconf 69' lang='lat' dir='ltr'>ivzdiyerzc</span> <span class='ocrx_word' id='word_1_502' title='bbox 3275 4794 3400 4859; x_wconf 87' lang='lat' dir='ltr'>pro</span> <span class='ocrx_word' id='word_1_503' title='bbox 3433 4794 3506 4838; x_wconf 85' lang='lat' dir='ltr'>eo</span> <span class='ocrx_word' id='word_1_504' title='bbox 3540 4794 3681 4859; x_wconf 85' lang='lat' dir='ltr'>poe-</span> 
     </span>
     <span class='ocr_line' id='line_1_85' title="bbox 2125 4876 3681 4963; baseline 0.003 -24"><span class='ocrx_word' id='word_1_505' title='bbox 2125 4876 2360 4954; x_wconf 77' lang='lat' dir='ltr'>nitere,</span> <span class='ocrx_word' id='word_1_506' title='bbox 2397 4878 2537 4942; x_wconf 77' lang='lat' dir='ltr'>nisi</span> <span class='ocrx_word' id='word_1_507' title='bbox 2566 4878 2742 4963; x_wconf 78' lang='lat' dir='ltr'>qnod</span> <span class='ocrx_word' id='word_1_508' title='bbox 2772 4878 3133 4944; x_wconf 80' lang='lat' dir='ltr'>secundum</span> <span class='ocrx_word' id='word_1_509' title='bbox 3165 4899 3450 4944; x_wconf 75' lang='lat' dir='ltr'>canones</span> <span class='ocrx_word' id='word_1_510' title='bbox 3487 4878 3681 4944; x_wconf 83' lang='lat' dir='ltr'>ordi-</span> 
     </span>
     <span class='ocr_line' id='line_1_86' title="bbox 2125 4994 3681 5081; baseline 0.003 -26"><span class='ocrx_word' id='word_1_511' title='bbox 2125 4994 2283 5057; x_wconf 77' lang='lat' dir='ltr'>nari</span> <span class='ocrx_word' id='word_1_512' title='bbox 2351 5013 2489 5057; x_wconf 80' lang='lat' dir='ltr'>non</span> <span class='ocrx_word' id='word_1_513' title='bbox 2513 5005 2811 5079; x_wconf 76' lang='lat' dir='ltr'>possunt,</span> <span class='ocrx_word' id='word_1_514' title='bbox 2858 4996 2995 5060; x_wconf 80' lang='lat' dir='ltr'>nisi</span> <span class='ocrx_word' id='word_1_515' title='bbox 3033 5017 3278 5081; x_wconf 69' lang='lat' dir='ltr'>mayna</span> <span class='ocrx_word' id='word_1_516' title='bbox 3326 4997 3681 5060; x_wconf 77' lang='lat' dir='ltr'>necessitas</span> 
     </span>
     <span class='ocr_line' id='line_1_87' title="bbox 2125 5107 3679 5202; baseline 0.006 -28"><span class='ocrx_word' id='word_1_517' title='bbox 2125 5122 2335 5196; x_wconf 64' lang='grc' dir='ltr'><strong>εσθαι.</strong></span> <span class='ocrx_word' id='word_1_518' title='bbox 2421 5109 2654 5181; x_wconf 86' lang='lat' dir='ltr'>Patet</span> <span class='ocrx_word' id='word_1_519' title='bbox 2689 5109 2894 5201; x_wconf 91' lang='lat' dir='ltr'>quod</span> <span class='ocrx_word' id='word_1_520' title='bbox 2986 5107 3178 5181; x_wconf 91' lang='lat' dir='ltr'>illud</span> <span class='ocrx_word' id='word_1_521' title='bbox 3231 5108 3679 5202; x_wconf 87' lang='lat' dir='ltr'>capitulum</span> 
     </span>
    </p>
   </div>
   <div class='ocr_carea' id='block_1_10' title="bbox 2126 5225 3679 5427">
    <p class='ocr_par' dir='ltr' id='par_1_12' title="bbox 2126 5225 3679 5427">
     <span class='ocr_line' id='line_1_88' title="bbox 2126 5225 3679 5319; baseline 0.003 -23"><span class='ocrx_word' id='word_1_522' title='bbox 2126 5225 2496 5317; x_wconf 89' lang='lat' dir='ltr'>loquitur</span> <span class='ocrx_word' id='word_1_523' title='bbox 2527 5227 2617 5299; x_wconf 90' lang='lat' dir='ltr'>de</span> <span class='ocrx_word' id='word_1_524' title='bbox 2639 5227 3108 5319; x_wconf 90' lang='lat' dir='ltr'>ignorantia</span> <span class='ocrx_word' id='word_1_525' title='bbox 3137 5225 3439 5309; x_wconf 87' lang='lat' dir='ltr'>facti;si</span> <span class='ocrx_word' id='word_1_526' title='bbox 3461 5230 3679 5301; x_wconf 91' lang='lat' dir='ltr'>enim</span> 
     </span>
     <span class='ocr_line' id='line_1_89' title="bbox 2127 5334 3678 5427; baseline 0.003 -23"><span class='ocrx_word' id='word_1_527' title='bbox 2127 5337 2343 5406; x_wconf 90' lang='lat' dir='ltr'>esset</span> <span class='ocrx_word' id='word_1_528' title='bbox 2374 5334 2464 5405; x_wconf 89' lang='lat' dir='ltr'>de</span> <span class='ocrx_word' id='word_1_529' title='bbox 2509 5334 3234 5426; x_wconf 82' lang='lat' dir='ltr'>ignorantiaJ‘uriS,</span> <span class='ocrx_word' id='word_1_530' title='bbox 3258 5340 3678 5427; x_wconf 90' lang='lat' dir='ltr'>oporteret</span> 
     </span>
    </p>
   </div>
   <div class='ocr_carea' id='block_1_11' title="bbox 2127 5450 3680 5660">
    <p class='ocr_par' dir='ltr' id='par_1_13' title="bbox 2127 5450 3680 5660">
     <span class='ocr_line' id='line_1_90' title="bbox 2128 5450 3676 5545; baseline 0.001 -23"><span class='ocrx_word' id='word_1_531' title='bbox 2128 5450 2522 5542; x_wconf 89' lang='lat' dir='ltr'>poenitere</span> <span class='ocrx_word' id='word_1_532' title='bbox 2560 5477 2574 5531; x_wconf 89' lang='lat'>;</span> <span class='ocrx_word' id='word_1_533' title='bbox 2611 5470 2756 5524; x_wconf 94' lang='lat' dir='ltr'>nec</span> <span class='ocrx_word' id='word_1_534' title='bbox 2801 5452 2990 5523; x_wconf 90' lang='lat' dir='ltr'>illud</span> <span class='ocrx_word' id='word_1_535' title='bbox 3025 5453 3227 5545; x_wconf 89' lang='lat' dir='ltr'>quod</span> <span class='ocrx_word' id='word_1_536' title='bbox 3282 5453 3676 5535; x_wconf 89' lang='lat' dir='ltr'>subditur,</span> 
     </span>
     <span class='ocr_line' id='line_1_91' title="bbox 2127 5568 3680 5660; baseline 0.005 -27"><span class='ocrx_word' id='word_1_537' title='bbox 2127 5570 2265 5634; x_wconf 80' lang='lat' dir='ltr'>nisi</span> <span class='ocrx_word' id='word_1_538' title='bbox 2303 5591 2545 5657; x_wconf 70' lang='lat' dir='ltr'>magma</span> <span class='ocrx_word' id='word_1_539' title='bbox 2577 5573 2947 5651; x_wconf 76' lang='lat' dir='ltr'>necessitas,</span> <span class='ocrx_word' id='word_1_540' title='bbox 2985 5568 3204 5642; x_wconf 76' lang='lat' dir='ltr'>tollit</span> <span class='ocrx_word' id='word_1_541' title='bbox 3248 5568 3436 5660; x_wconf 88' lang='lat' dir='ltr'>quin</span> <span class='ocrx_word' id='word_1_542' title='bbox 3490 5569 3680 5643; x_wconf 78' lang='lat' dir='ltr'>talis</span> 
     </span>
    </p>
   </div>
  </div>
 </body>
</html>
