4287 6313
295 4684 546 4814 ngiam

356 4830 487 4880 aqua

258 4878 541 4946 requiritur
559 4881 579 4931 i

603 429 720 493 332

615 591 1023 686 phlegma,
1061 595 1192 668 sed
1223 615 1421 668 vera
1454 615 1686 689 aqua.
1725 597 1944 679 Quod
1979 615 2163 689 pro-

615 710 749 786 bat
781 732 881 783 ex
918 711 1189 785 verbis
1233 713 1827 806 Evangelistae:
1890 716 1978 781 Ει
2047 716 2166 799 qui
2230 785 2240 799 ,

611 831 807 910 vidit,
899 834 1344 900 testimonium
1428 833 1768 920 perhibuit
1859 832 2155 899 veritati.

615 944 996 1017 Profecto
1038 965 1200 1017 non
1249 965 1569 1039 aquam,
1610 945 1741 1018 sed
1783 945 2163 1038 phlegma

612 1058 977 1145 dixisset,
1033 1059 1101 1134 si
1169 1081 1330 1133 non
1372 1060 1660 1137 fuisset
1719 1081 1953 1154 aqua,
2028 1062 2161 1134 sed

617 1174 1032 1268 phlegma.
1098 1177 1402 1252 Probat
1481 1177 1731 1251 etiam
1782 1198 1829 1249 a
1899 1179 2163 1269 poste-

616 1291 821 1365 riori
903 1313 1048 1386 per
1120 1295 1553 1369 materiam
1650 1293 2162 1369 Sacramenti

614 1409 1015 1501 Baptismi
1067 1436 1083 1480 ε
1168 1414 1300 1480 Nec
1365 1416 1437 1480 in
1491 1418 1635 1499 hoc,
1699 1411 1986 1504 inquit,
2049 1435 2160 1480 ve-

608 1548 759 1592 rum
820 1531 1344 1615 reqenerationis
1392 1531 1893 1597 Sacramentum
1923 1531 2161 1614 fuisset

608 1656 962 1723 ostensum,
1032 1667 1179 1711 cum
1259 1667 1381 1733 per
1446 1648 1947 1713 Sacramentum
2023 1648 2159 1711 Ba-

605 1765 860 1850 ptismi,
905 1785 1043 1830 non
1107 1776 1580 1853 reqenerentur
1630 1766 1704 1831 in
1756 1766 2152 1852 phleqmate,

605 1883 721 1949 sed
750 1883 825 1949 in
843 1905 1046 1971 aqua.
1095 1881 1398 1954 Probat
1418 1879 1665 1955 etiam
1692 1900 1837 1973 per
1859 1899 2158 1972 aquam

614 1997 1107 2070 miscendam
1194 1997 1275 2070 in
1381 2000 1911 2071 Sacramento
2002 1998 2156 2068 Eu-

606 2111 1048 2186 charistiae.
1138 2113 1440 2186 Probat
1531 2111 1781 2185 etiam
1861 2114 2156 2203 quarto

611 2259 757 2329 per
815 2238 1189 2329 figuram,
1228 2256 1403 2331 quae
1438 2235 1858 2330 praecessit
1912 2255 2160 2328 super

608 2356 786 2437 hoc,
834 2354 913 2426 in
945 2354 1206 2428 veteri
1247 2355 1790 2432 Testamento,
1842 2353 2156 2445 quando

615 2474 938 2566 Moyses
1013 2472 1416 2566 percussit
1493 2470 1829 2552 silicem,
1892 2475 1973 2545 et
2056 2491 2158 2543 ex

603 2612 699 2663 ca
731 2611 889 2663 non
923 2589 1325 2684 phlegma,
1364 2589 1494 2662 sed
1514 2608 1721 2682 aqua
1768 2587 2153 2661 manavit.

694 2708 809 2781 Ad
872 2707 1435 2800 probationem
1524 2706 1951 2798 respondet
2015 2704 2149 2787 ibi,

609 2824 814 2917 quod
851 2823 981 2896 vel
1043 2822 1184 2896 illa
1215 2842 1424 2918 aqua
1464 2821 1618 2895 fuit
1651 2821 1758 2894 ibi
1816 2821 1908 2894 de
1940 2841 2152 2893 novo

599 2944 879 3014 creata
914 2941 1430 3023 miraculose,
1465 2941 1556 3012 de
1605 2936 2154 3032 componenti-

603 3059 748 3130 bus
795 3057 1182 3131 resoluta.
1256 3058 1401 3132 Sed
1453 3055 2152 3148 qualitercumque

602 3176 926 3250 dicatur
1016 3175 1107 3248 de
1174 3195 1383 3268 aqua
1451 3172 1738 3247 lateris
1812 3172 2148 3254 Christi,

606 3292 792 3386 quia
825 3291 1059 3366 fluxit
1101 3291 1314 3366 sicut
1376 3291 1526 3363 sibi
1580 3291 1907 3383 placuit,
1988 3309 2151 3362 non

601 3412 945 3502 propter
977 3407 1128 3481 hoc
1171 3408 1276 3481 ibi
1312 3411 1844 3483 Sacramenta
1890 3427 2152 3479 susce-

601 3531 889 3619 perunt
938 3525 1410 3608 efficaciam,
1440 3528 1524 3598 ut
1560 3542 1807 3617 supra
1846 3524 2149 3598 dictum

594 3646 746 3723 est,
805 3643 935 3716 sed
988 3648 1332 3737 propter
1374 3643 1799 3736 quamdam
1860 3640 2151 3715 simili-

592 3759 952 3833 tudinem
1007 3759 1586 3853 perfectiorem
1662 3759 1758 3833 ad
1833 3759 2147 3853 Baptis-

602 3895 822 3948 mum
900 3879 977 3949 et
1085 3875 1716 3950 Eucharistiam.
1813 3880 2147 3951 Certum

591 3998 717 4068 est
790 3995 1091 4075 tamen,
1159 3994 1365 4086 quod
1426 3993 1898 4088 Baptismus
1989 4014 2147 4065 non

595 4112 866 4204 potest
938 4109 1141 4195 fieri,
1222 4110 1378 4183 nisi
1433 4111 1512 4182 in
1580 4128 1792 4204 aqua
1851 4111 2145 4195 usuali,

596 4227 780 4321 quia
845 4226 1222 4303 Christus
1281 4228 1429 4300 hoc
1483 4227 1862 4302 instituit.

1041 4478 1702 4546 COMMENTARIUS.

700 4673 792 4759 (d)
834 4671 1029 4756 Quod
1075 4685 1291 4739 autem
1332 4674 1406 4740 in
1462 4676 1821 4761 quoestione
1871 4677 2150 4761 ponitur

607 4791 966 4868 naturalis,
1014 4802 1133 4857 etc.
1200 4787 1502 4858 Excludit
1568 4811 1802 4878 aquam
1879 4790 2148 4859 artifici-

604 4907 798 4985 alem,
862 4928 1011 4994 quae
1070 4908 1507 4973 communiter
1561 4906 1798 4973 dicitur
1857 4905 2028 4987 talis,
2084 4920 2149 4973 et

606 5023 677 5090 fit
751 5043 866 5109 per
922 5021 1414 5110 expressionem
1480 5034 1592 5088 aut
1657 5021 2145 5089 distillationem

603 5145 818 5223 mixti,
865 5166 1014 5233 quae
1065 5164 1192 5210 non
1248 5157 1347 5213 est
1402 5165 1571 5232 aqua
1631 5144 1969 5224 naturalis,
2038 5158 2151 5212 aut

599 5258 1045 5339 elementariS,
1132 5259 1246 5326 sed
1331 5260 1699 5327 substantia
1782 5259 1968 5326 mixti
2036 5283 2151 5328 ex-

605 5398 852 5465 pressa,
892 5375 994 5443 vel
1026 5375 1179 5464 quid
1213 5376 1386 5442 aliud
1418 5376 1709 5443 tertium.
1771 5378 2006 5444 Littera
2051 5388 2146 5445 est

600 5493 795 5561 clara.
836 5490 1135 5560 Excludit
1165 5492 1359 5559 etiam
1404 5493 1566 5558 infra
1607 5513 1839 5581 aquam
1876 5495 2147 5561 mixtam

605 5632 719 5679 seu
801 5611 1153 5697 impuram,
1216 5630 1292 5678 ea
1348 5609 1687 5692 mixtione,
1761 5632 1909 5699 quae
1972 5623 2152 5680 vetat

1728 433 1872 496 Lm.
1911 433 2012 495 w.
2047 432 2646 498 SENTENTIARUM

2274 597 2695 676 ablutionem,
2765 597 2863 665 sic
2920 618 3132 685 neque
3188 617 3356 685 aqua
3395 596 3461 662 in
3510 593 3808 682 spongia,

2273 733 2390 781 seu
2459 726 2666 801 pasta,
2723 735 2853 782 non
2918 725 3018 781 est
3075 723 3223 799 apta
3281 710 3554 778 materia
3611 710 3817 776 donec

2274 829 2701 916 exprimatur,
2755 830 2926 896 sicut
2964 850 3177 918 neque
3225 829 3361 909 nix,
3411 848 3621 915 neque
3679 825 3817 913 gla—
3926 831 3929 832 ’

2272 948 2407 1014 cies
2465 947 2671 1014 donec
2710 946 3109 1015 resolutione
3164 945 3276 1013 fiat
3340 957 3489 1033 apta
3558 943 3810 1011 lotioni.

2274 1063 2575 1131 Excludit
2629 1065 2825 1132 etiam
2894 1064 3231 1141 humoreS,
3294 1073 3365 1130 ut
3421 1060 3693 1128 salivam
3754 1073 3816 1128 et

2274 1182 2553 1250 urinam.
2596 1187 2683 1250 De
2712 1182 2859 1248 aliis
2890 1180 3385 1250 alterationibus
3445 1193 3516 1247 ut
3574 1179 3809 1260 brodii‚

2276 1300 2595 1379 farinatae,
2648 1299 2952 1379 cervisia,
3006 1298 3306 1379 medone,
3370 1296 3623 1377 lixivio,
3686 1317 3813 1363 non

2272 1428 2373 1483 est
2430 1415 2589 1483 adeo
2655 1428 2906 1483 certum
2948 1415 3024 1483 ad
3067 1434 3358 1492 sensum,
3422 1434 3504 1481 an
3560 1413 3818 1480 varient

2272 1531 2599 1619 speciem,
2674 1531 2848 1619 quod
2890 1530 3267 1616 Philosophi
3314 1529 3645 1597 Naturalis
3711 1530 3815 1596 de·

2272 1645 2623 1712 terminare
2679 1657 2799 1726 est,
2845 1665 2974 1711 non
3033 1644 3375 1732 Theologi,
3421 1664 3634 1731 neque
3698 1647 3814 1710 Ca-

2272 1763 2570 1833 nonistae.

2359 1877 2553 1962 Quod
2597 1879 2660 1943 si
2704 1878 2788 1944 de
2834 1878 3190 1964 aliquibus,
3258 1876 3493 1964 inquit,
3546 1876 3635 1941 sit
3689 1877 3809 1942 du·

2270 1996 2473 2073 biam,
2534 1994 2881 2062 seruandae
2962 2005 3117 2060 sunt
3201 1994 3448 2081 requloe
3504 1992 3813 2078 superius

2271 2112 2446 2179 datoe
2491 2112 2672 2177 circa
2702 2111 2990 2199 formam
3041 2113 3116 2177 in
3172 2111 3533 2197 quoestione
3567 2130 3810 2195 praece-

2270 2228 2478 2293 denti.
2522 2226 2738 2314 Aliqui
2768 2239 2985 2294 autem
3026 2231 3334 2294 Doctores
3383 2223 3686 2291 dubitant
3736 2223 3817 2290 de

2270 2344 2396 2423 his,
2440 2356 2554 2410 aut
2591 2343 2981 2431 quibusdam
3016 2364 3096 2410 ex
3126 2341 3316 2429 ipsis,
3343 2352 3415 2408 ut
3444 2341 3525 2407 de
3555 2338 3814 2418 brodio,

2270 2459 2323 2527 si
2362 2459 2629 2526 nimiam
2679 2459 2914 2526 habeat
2952 2458 3309 2526 admixtam
3380 2456 3812 2523 substantiam

2267 2575 2484 2644 carnis
2522 2575 2905 2655 decolatam,
2950 2574 3030 2641 de
3067 2573 3347 2641 cervisia
3386 2572 3584 2640 etiam
3621 2573 3810 2640 vide-

2267 2703 2374 2758 tur
2439 2691 2628 2780 plane
2699 2691 3003 2770 diversa;

2268 2807 2526 2893 quando
2556 2807 2758 2874 trahit
2814 2826 3038 2873 secum
3082 2804 3425 2893 qualitates
3457 2802 3698 2870 cineris
3748 2803 3812 2870 in

2266 2923 2553 3010 perfecto
2609 2923 2841 3011 gradu.
2887 2921 3388 2989 Considerandae
3445 2940 3604 3008 ergo
3661 2932 3815 2987 sunt

2267 3040 2612 3128 qualitates
2670 3039 3244 3128 praedominanteS,
3308 3048 3372 3104 et
3429 3057 3509 3103 an
3575 3055 3810 3104 nomen

2265 3170 2515 3235 mutet;
2550 3158 2948 3246 gravissime
2988 3167 3309 3245 peccaret,
3342 3153 3452 3243 qui
3494 3152 3628 3221 illis
3676 3166 3812 3220 ute-

2263 3288 2464 3354 retur,
2508 3286 2573 3341 et
2603 3276 2973 3361 Baptismus
3030 3284 3204 3341 esset
3262 3272 3529 3351 dubius,
3580 3282 3646 3338 et
3692 3269 3815 3336 sub

2262 3395 2640 3464 conditione
2691 3393 3049 3473 iterandae,

2352 3513 2532 3580 Sicut
2577 3523 2792 3578 autem
2842 3509 3162 3598 ejusmodi
3216 3508 3506 3596 liquores
3567 3511 3813 3580 habent

2261 3630 2636 3703 differentes
2683 3627 2951 3715 graduS,
2987 3628 3076 3694 ita
3126 3626 3560 3713 Philosophus
3600 3628 3679 3695 de
3712 3629 3813 3717 ip-

2262 3747 2353 3814 sis
2381 3746 2705 3834 judicaret
2757 3766 2839 3812 ex
2891 3756 3119 3811 natura
3168 3743 3626 3811 accidentium.
3688 3745 3814 3811 Ad-

2260 3863 2570 3931 vertenda
2604 3863 2710 3930 illa
2769 3863 2931 3929 ratio
2962 3861 3277 3940 DoctoriS,
3327 3862 3500 3929 unde
3545 3862 3813 3951 colligat

2259 4000 2494 4067 aquam
2552 3976 2953 4045 artificialem
3022 3998 3151 4043 non
3209 3998 3357 4045 esse
3415 3979 3801 4060 naturalem,

2262 4098 2421 4184 quia
2459 4117 2571 4161 ars
2627 4116 2710 4161 ex
2757 4096 2971 4160 miaeto
3003 4115 3137 4160 non
3172 4106 3383 4181 potest
3423 4096 3810 4163 immediate
3880 4103 4135 4159 Maxima.

2263 4215 2752 4296 transformare
2780 4212 3191 4290 elementum,
3231 4212 3391 4298 quia
3456 4213 3599 4297 aqit
3632 4224 3810 4278 motu

2260 4330 2575 4397 ordinato
2620 4349 2743 4415 per
2799 4328 3056 4394 medias
3124 4330 3403 4413 formas,
3457 4330 3629 4395 sicut
3654 4351 3811 4416 pro-

2260 4447 2559 4514 ducendo
2595 4447 2902 4519 miaetum,
2979 4446 3077 4510 ita
3143 4446 3344 4511 etiam
3393 4446 3806 4527 resolvendo,

2262 4564 2537 4651 ideoque
2575 4583 2751 4648 saepe
2807 4582 2936 4627 non
2983 4561 3309 4649 contingit
3381 4564 3659 4629 mixtum
3719 4583 3814 4630 re-

2261 4678 2429 4746 solvi
2479 4678 2545 4744 in
2578 4676 2746 4743 idem
2793 4676 3216 4761 elementum,
3261 4697 3341 4743 ex
3382 4697 3511 4764 quo
3568 4676 3664 4760 fit,
3700 4678 3813 4746 sed

2263 4794 2328 4859 in
2375 4792 2548 4860 aliud
2609 4793 2913 4870 mixtum,
2980 4803 3048 4860 ut
3105 4791 3358 4879 lignum
3400 4793 3463 4858 in
3531 4793 3807 4861 cinereS.

2261 4917 2415 4979 Haec
2479 4910 2764 4978 maxima
2833 4909 3098 4977 videtur
3155 4910 3351 4976 etiam
3401 4930 3667 4977 currere
3746 4910 3812 4978 in

2263 5027 2542 5116 Angelo,
2587 5027 2695 5116 qui
2766 5026 3093 5093 mediante
3135 5026 3311 5113 igne,
3354 5026 3539 5095 verbi
3572 5026 3808 5113 gratia,

2263 5144 2491 5233 nequit
2519 5144 2738 5211 statim
2761 5155 3148 5210 convertere
3185 5142 3462 5210 mixtum
3486 5142 3551 5208 in
3574 5164 3812 5231 aquam

2262 5262 2750 5341 elementarem,
2799 5260 3097 5348 ideoque,
3150 5260 3323 5347 quod
3373 5258 3530 5327 dicit
3573 5260 3655 5327 de
3687 5265 3817 5327 An-

2260 5379 2409 5467 gelo
2451 5379 2621 5445 bono
2686 5378 2788 5445 vel
2823 5377 3016 5455 main,
3064 5377 3454 5465 intelligitur
3486 5379 3673 5465 juxta
3734 5378 3815 5444 il-

2261 5495 2387 5561 lam
2423 5498 2809 5573 maximam;
2847 5508 2911 5562 et
2941 5495 3230 5582 loquitur
3268 5494 3347 5560 de
3381 5495 3815 5562 conversione

2266 5613 2450 5680 mixti
2495 5613 2557 5679 in
2600 5634 2832 5701 aquam
2893 5613 3381 5692 elementarem,
3446 5634 3594 5700 quae
3659 5633 3812 5679 con·

3102 2690 3182 2756 de
3261 2688 3496 2755 lixivio
3552 2689 3805 2768 etiam,
3916 2741 3929 2757 .

3968 1880 4044 1931 ¹3.
