4287 6313
176 2121 283 2171 Gur
302 2131 406 2167 non

140 2178 455 2248 exprimatur

276 2260 338 2292 ex

172 2307 406 2357 Patribus
417 2343 430 2356 .
448 2356 449 2359 ,

162 5262 235 5311 De
250 5201 486 5312 egsz'ntia-

266 5324 395 5374 libus

230 5389 251 5436 s
250 5401 421 5438 ermae.

458 344 577 409 694

469 524 707 599 quaest.
751 515 815 579 8.
853 510 932 577 de
964 512 1362 593 charactere,
1393 533 1473 578 ex
1513 533 1575 579 c.
1608 512 1715 577 Ad
1745 512 2010 578 aboleu-

468 627 625 693 dam
665 628 745 693 dc
793 628 1143 707 licereticis,
1192 627 1416 715 nequit
1465 627 1750 694 Ecclesia
1789 649 2009 694 errare

470 744 536 809 in
599 743 892 810 doctrina
932 746 1528 811 Sacramentorum.

555 865 706 927 Haec
774 872 987 926 autem
1056 860 1259 925 forma
1316 881 1397 926 ex
1447 860 1792 928 ritualibus
1851 862 2011 927 anti-

470 976 810 1062 quissimis
860 975 1160 1055 habetur,
1220 996 1382 1062 quos
1431 973 1634 1040 citant
1693 973 2010 1039 Alcuinus

471 1105 535 1160 et
566 1092 966 1170 AlmarinuS,
1004 1091 1115 1179 qui
1159 1090 1525 1157 floruerunt
1562 1093 1715 1156 800.
1776 1088 2016 1155 abhinc

472 1210 686 1286 annis,
739 1207 964 1294 nequit
1023 1227 1151 1272 non
1209 1226 1355 1272 esse
1414 1205 1774 1286 sufficiens,
1823 1220 1885 1271 et
1934 1226 2016 1271 ex

474 1326 741 1413 antiqua
788 1326 1289 1393 consuetudine.
1336 1328 1411 1391 Et
1451 1336 1628 1411 patet
1655 1324 1796 1411 ejus
1828 1323 2016 1390 suffi-

476 1442 736 1523 cientia,
800 1443 952 1528 quia
1018 1442 1326 1529 exprimit
1392 1441 1728 1507 materiam
1799 1438 2017 1526 proxi-

481 1579 651 1624 mam
710 1570 774 1624 et
841 1570 1180 1638 remotam,
1255 1558 1332 1623 de
1408 1558 1648 1644 quibus
1715 1556 2019 1642 superius

476 1675 760 1760 egimuS,
807 1693 1070 1740 causam
1121 1672 1686 1740 instrumentalem
1729 1683 1793 1737 et
1837 1672 2018 1757 prin-

477 1790 779 1878 cipalem,
862 1791 1228 1877 subjectum
1312 1800 1376 1854 et
1455 1788 1753 1855 effectum
1822 1787 2020 1873 hujus

482 1906 906 1974 Sacramenti.

570 2022 750 2098 Quod
782 2036 995 2089 autem
1039 2023 1243 2089 forma
1288 2024 1429 2090 haec
1477 2042 1605 2087 non
1656 2020 2026 2086 inveniatur

488 2163 524 2209 a
573 2142 870 2208 Patribus
921 2162 1255 2227 expressa,
1311 2142 1629 2207 rationem
1686 2139 1888 2206 habes
1945 2160 2025 2204 ex

491 2259 867 2325 Innocentio
917 2259 1105 2345 episc.
1148 2264 1207 2327 1.
1252 2281 1397 2345 cap.
1435 2262 1499 2323 3.
1553 2258 1633 2323 de
1663 2256 2024 2323 Confirma-

492 2378 667 2443 tione
698 2377 971 2464 loquens
1009 2399 1023 2442 :
1082 2378 1308 2456 Verba,
1357 2376 1588 2462 inquit,
1634 2376 1853 2441 dicere
1894 2396 2028 2438 uon

487 2516 750 2579 possum
807 2516 891 2559 ue
946 2496 1161 2581 maqis
1204 2495 1491 2579 prodere
1539 2494 1796 2572 videar,
1834 2516 2030 2581 quam

488 2611 577 2676 ad
644 2612 1189 2676 consultationem
1286 2609 1704 2696 respondere,
1778 2622 1901 2675 etc.
1967 2623 2032 2676 et

488 2727 839 2812 Dionysius
879 2726 960 2792 de
999 2727 1379 2791 Ecclesiast.
1423 2727 1832 2792 hierarchia.
1879 2748 2025 2813 cap.

490 2837 745 2923 ultimo,
793 2843 950 2909 dicit
1013 2864 1141 2909 non
1201 2864 1347 2910 esse
1414 2843 1663 2910 licitum
1724 2842 2033 2909 mandare

487 2959 745 3039 litteriS,
787 2961 985 3026 verba
1051 2959 1292 3046 quibus
1351 2961 1555 3025 utitur
1618 2959 1905 3026 Ecclesia
1968 2961 2032 3025 in

489 3074 1053 3143 administratione
1083 3078 1687 3154 Sacrainentorum;
1718 3076 1812 3142 sic
1839 3076 2032 3141 etiam

493 3196 572 3260 de
611 3192 818 3260 forma
886 3193 1197 3279 Baptismi
1232 3192 1637 3259 subobscure
1677 3192 2036 3279 loquuntur

495 3315 740 3389 PatreS,
803 3311 1092 3376 dicentes
1149 3311 1288 3375 dari
1349 3309 1751 3395 Baptismum
1808 3311 1873 3375 in
1916 3330 2033 3375 no-

498 3429 674 3495 mine
704 3429 1061 3508 TrinitatiS,
1101 3443 1212 3496 aut
1240 3429 1462 3496 verbis
1504 3429 1942 3515 Evangelicis.

583 3549 733 3611 Haec
773 3544 981 3616 forma
1012 3543 1233 3610 reduci
1274 3554 1490 3629 potest
1518 3543 1594 3609 ad
1638 3545 1839 3610 verba
1871 3551 2036 3629 Apo-

496 3662 642 3729 stoli
682 3666 747 3727 2.
791 3662 870 3728 ad
900 3661 1270 3728 Corinthios
1305 3666 1365 3728 1.
1419 3663 1547 3737 Qui
1613 3664 2040 3746 confirmavit

496 3803 635 3864 nos,
723 3792 783 3846 et
859 3782 975 3867 qui
1038 3781 1237 3845 uuoeit
1302 3801 1420 3846 nos
1489 3781 1683 3860 Deus,
1730 3791 1791 3845 et
1856 3781 2042 3846 dedit

494 3898 740 3981 pigmus
789 3896 1088 3981 Spiritus
1139 3897 1214 3961 iu
1243 3895 1551 3961 cordibus
1589 3897 1857 3976 uostriS,
1915 3910 2036 3961 ete.

497 4015 654 4087 Quae
698 4013 895 4077 verba
926 4013 1048 4078 etsi
1090 4012 1168 4077 de
1210 4012 1538 4098 Baptismo
1571 4013 1765 4077 etiam
1800 4012 2040 4078 intelli-

498 4128 563 4213 gi
634 4127 908 4214 possint,
984 4140 1259 4215 possunt
1324 4129 1627 4195 similiter
1658 4149 1738 4194 ex
1797 4127 2044 4195 intento

499 4244 789 4329 Apostoli
847 4243 950 4323 de,
1001 4256 1274 4331 utroque
1303 4246 1722 4312 Sam-amento
1766 4246 2044 4334 intelligi

499 4356 657 4446 quia
689 4373 824 4425 tum
896 4359 1091 4425 simul
1131 4359 1655 4442 conferebantur,
1709 4374 1772 4428 et
1817 4362 2046 4432 alludit

499 4479 606 4544 hic
632 4478 713 4543 ad
773 4479 1186 4544 Sacramenta
1245 4492 1306 4545 et
1345 4479 1644 4547 effectum
1707 4479 2042 4566 ipsorum;

501 4594 577 4660 ad
649 4594 873 4660 eadem
925 4594 1156 4660 alludit
1222 4595 1607 4668 Ambrosius
1658 4597 1773 4663 lib.
1831 4598 1913 4664 de
1962 4601 2049 4664 iis

504 4713 619 4797 qui
650 4712 1036 4789 initiantur,
1112 4732 1258 4797 cap.
1324 4715 1386 4778 7.
1449 4714 1761 4799 Siynavit
1786 4725 1846 4779 te
1876 4716 2050 4781 Deus

503 4829 728 4907 Pater,
767 4828 1189 4909 confirmavit
1219 4838 1278 4892 te
1339 4828 1641 4894 Christus
1684 4830 2044 4905 Dominus3

505 4955 569 5009 et
615 4942 694 5008 de
744 4941 1247 5009 Confirmatione
1276 4946 1475 5010 verba
1515 4946 1804 5032 Apostoli
1846 4945 2049 5013 inter-

510 5070 801 5145 pretatur
841 5058 1213 5126 AnselmuS.

599 5180 695 5240 An
736 5175 955 5240 omnia
997 5178 1196 5242 verba
1227 5177 1425 5262 hujus
1460 5177 1687 5243 formae
1724 5178 1857 5245 sint
1900 5180 2051 5245 sub-

510 5292 833 5357 stantialia
894 5313 1006 5358 seu
1067 5293 1485 5359 essentialia?
1563 5299 1750 5362 Pater
1816 5299 2053 5362 Suarez

512 5410 682 5495 disp.
710 5412 820 5476 33.
872 5421 1022 5474 sect.
1070 5414 1133 5477 ὅ.
1169 5422 1438 5475 conatur
1498 5412 1748 5497 potiora
1797 5411 2051 5479 reduce-

507 5547 577 5591 re
620 5525 697 5592 ad
738 5526 1202 5605 substantiam3
1242 5525 1451 5612 primo
1486 5543 1684 5616 negat
1713 5549 1858 5595 esse
1888 5529 2053 5595 vali-

1627 350 1773 413 LIB.
1798 350 1900 411 IV.
1932 348 2527 414 SENTENTIARUM

2119 511 2270 578 dam
2312 511 2504 591 hanc,
2548 512 2862 598 consiyno
2892 522 2952 575 et
3000 510 3318 592 confirmo
3349 517 3409 571 te
3470 505 3673 572 Clzri-

2119 640 2328 694 smatc
2395 628 2653 706 salutis,
2728 626 2881 714 quia
2974 635 3231 710 oportet
3305 620 3674 709 exprimere

2123 746 2389 833 signum
2422 744 2665 811 Crucis.
2711 745 2901 823 Item,
2936 742 2990 809 si
3013 741 3351 807 omittatur
3403 739 3675 804 verbum

2126 862 2484 943 ‚Confirmm
2552 879 2679 925 non
2746 871 2920 925 esset
3002 854 3339 923 sufficiens
3427 854 3660 919 forma.

2124 981 2307 1056 Item,
2374 976 2430 1043 si
2481 975 2753 1043 verbum
2811 973 3302 1057 Confirmandi,
3390 982 3677 1037 mutetur

2127 1093 2190 1157 in
2225 1092 2498 1158 verbum
2535 1092 2852 1178 mipendi,
2889 1110 3018 1155 non
3068 1089 3308 1167 valere,
3355 1087 3509 1175 quia
3549 1106 3677 1153 non

2127 1208 2458 1296 significat
2487 1208 2790 1275 effectum
2832 1204 3278 1285 Sacramenti3
3323 1203 3678 1292 requiritur

2126 1327 2320 1392 etiam
2353 1326 2706 1391 chrismate
2742 1325 2999 1403 salutis,
3046 1322 3124 1387 ad
3179 1321 3673 1408 expressionem

2132 1442 2424 1506 materiae
2464 1454 2755 1506 remotoe.

2219 1574 2571 1641 Dicendum
2608 1589 2821 1640 tamen
2854 1574 2920 1640 in
2952 1575 3075 1640 hoc
3105 1576 3520 1640 Sacramento
3553 1590 3676 1637 non
3779 1599 3986 1651 gomi„

2131 1691 2331 1776 exigi,
2399 1689 2524 1755 nisi
2568 1701 2636 1756 ut
2700 1689 3104 1775 exprimatur
3148 1688 3212 1753 in
3268 1688 3473 1752 forma
3533 1686 3677 1773 ejus
3789 1660 3958 1713 dubii.

2132 1824 2326 1870 causa
2387 1803 2789 1890 principaliS,
2866 1818 3050 1869 actus
3119 1800 3670 1879 confirmationis,

2134 1941 2249 1986 seu
2327 1920 2633 1997 ministri,
2691 1930 2758 1985 ut
2814 1919 3177 2005 applicatur
3206 1918 3283 1984 ad
3326 1937 3672 2004 personam

2135 2034 2238 2100 cui
2306 2035 2667 2100 confertur.
2749 2037 2819 2098 ln
2887 2035 3155 2120 antiquo
3186 2031 3516 2098 ordinario
3557 2035 3679 2097 Ro-

2138 2171 2353 2229 mano,
2400 2148 2572 2236 quod
2621 2150 2896 2216 habetur
2976 2149 3168 2214 Tomo
3208 2152 3277 2215 8.
3354 2149 3675 2214 Biblioth.

2137 2268 2440 2345 Patr-um,
2495 2266 2562 2332 in
2603 2266 2734 2330 line
2765 2266 3007 2352 legitur
3041 2266 3182 2331 haec
3211 2266 3420 2331 forma
3455 2287 3469 2329 :
3511 2265 3684 2330 Con-

2137 2386 2334 2465 firmo
2404 2394 2462 2447 te
2526 2383 2601 2447 iu
2667 2384 2936 2448 nomine
2981 2384 3212 2448 Patris
3277 2393 3338 2448 et
3403 2381 3573 2449 Fili-i
3623 2395 3684 2447 et

2141 2504 2438 2588 Spiritus
2475 2503 2710 2582 sancti,
2749 2514 2872 2568 etc.
2927 2501 3099 2567 unde
3144 2503 3208 2566 in
3249 2501 3456 2567 forma
3508 2504 3683 2567 Grae-

2141 2641 2391 2701 corum,
2463 2641 2611 2706 quae
2661 2618 2870 2684 valida
2945 2630 3079 2696 est,
3162 2638 3292 2682 non
3358 2618 3686 2704 reperitur

2145 2752 2322 2802 tanta
2359 2736 2722 2824 expressiO,
2777 2736 2948 2801 sicut
2987 2734 3054 2799 in
3099 2734 3307 2800 forma
3347 2734 3688 2821 praemissa

2149 2852 2454 2919 Ecclesiae
2512 2855 2849 2917 Romanae.
2941 2853 3091 2917 Haec
3155 2861 3370 2916 autem
3431 2851 3687 2915 Graeco-

2147 2987 2291 3032 rum
2344 2967 2617 3032 liabetur
2665 2966 2731 3031 in
2791 2966 3076 3031 Concilio
3143 2964 3686 3050 Constantinopo-

2146 3083 2346 3149 litano
2415 3104 2563 3149 can.
2630 3087 2692 3148 7.
2759 3084 2901 3147 haec
2952 3103 2965 3146 :
3022 3082 3459 3168 Siyuaculum
3525 3081 3690 3146 doni

2149 3202 2445 3286 Spiritus
2473 3201 2709 3279 sancti,
2758 3199 2992 3286 supple
3031 3198 3309 3264 donatur
3348 3198 3490 3276 tibi,
3537 3217 3688 3263 nam
3795 3226 3985 3274 Forma

2151 3315 2387 3381 ibidem
2456 3315 2562 3401 agi
2628 3316 2707 3382 de
2790 3314 3259 3382 chrismatione
3324 3312 3692 3379 Confirma-
3722 3288 4048 3338 Graecorum.

2151 3431 2347 3497 tionis
2377 3452 2570 3519 supra
2611 3432 3058 3518 probavimus.
3104 3434 3180 3496 Et
3209 3441 3464 3496 constat
3493 3428 3690 3494 etiam

2152 3568 2232 3614 ex
2291 3568 2537 3615 canone
2584 3555 2650 3615 1.
2715 3547 2930 3614 Basilii
2982 3547 3061 3613 ad
3109 3545 3685 3633 Amphilochium3

2153 3686 2359 3731 canon
2442 3677 2658 3732 autem
2726 3664 2916 3732 dicit:
2989 3665 3075 3730 Et
3141 3685 3246 3729 eos
3325 3663 3688 3749 siynantes,

2156 3782 2391 3868 inquit,
2473 3783 2755 3848 dicimus
2828 3782 3242 3867 siynaculum
3310 3779 3697 3844 donationis

2155 3900 2451 3985 Spiritus
2496 3899 2731 3977 sancti,
2779 3910 2898 3963 etc.
2980 3900 3112 3962 Nec
3151 3909 3251 3961 est
3289 3916 3697 3982 praesumen-

2157 4015 2310 4079 dum
2359 4013 2482 4079 alia
2519 4014 2714 4079 verba
2746 4013 3018 4099 proferri
3068 4032 3104 4077 a
3162 4011 3484 4090 ministrO,
3540 4012 3697 4077 dum

2156 4141 2301 4195 actu
2360 4130 2692 4208 chrismat,
2759 4148 2951 4215 quam
3014 4127 3152 4214 ipsa
3210 4128 3411 4192 verba
3470 4126 3699 4194 formae

2158 4248 2550 4314 essentialia.
2619 4252 2695 4314 Et
2762 4250 2930 4314 hanc
2985 4268 3130 4313 esse
3198 4247 3496 4326 sormam,
3571 4266 3696 4333 qua

2160 4386 2330 4433 nunc
2399 4379 2462 4431 et
2526 4363 2886 4451 antiquitus
2954 4361 3053 4428 usi
3122 4373 3277 4428 sunt
3356 4361 3560 4428 Graeci
3633 4361 3695 4424 in

2158 4481 2682 4548 Confirmationis
2757 4482 3197 4554 Sacrament0‚
3272 4477 3400 4543 late
3468 4475 3698 4576 probat

2161 4602 2387 4665 Petrus
2417 4596 2763 4675 ArcudiuS‚
2811 4595 2876 4661 in
2917 4615 3035 4660 suo
3076 4614 3273 4681 opere
3311 4592 3389 4659 de
3433 4613 3698 4659 concor·

2161 4715 2265 4780 dia
2308 4714 2650 4800 utriusque
2686 4709 2994 4777 Ecclesiae
3039 4710 3101 4774 in
3134 4712 3701 4775 sacramentorum

2163 4830 2724 4898 administratione
2773 4829 2885 4895 tib.
2951 4829 3012 4895 2.
3087 4848 3141 4891 c.
3187 4828 3252 4892 6.
3323 4837 3382 4891 et
3451 4832 3512 4893 7.
3574 4829 3706 4892 Iloc

2163 4968 2320 5034 ergo
2370 4946 2732 5032 supposito,
2787 4943 3056 5009 dubium
3118 4962 3263 5007 esse
3325 4962 3453 5007 non
3511 4941 3704 5008 debet

2164 5065 2421 5128 Graecos
2461 5082 2616 5128 usos
2657 5061 2861 5127 fuisse
2909 5058 3200 5145 legitima
3238 5059 3468 5138 forma,
3505 5079 3700 5145 quam

2162 5181 2369 5259 aliter,
2416 5198 2611 5265 quam
2681 5176 2992 5262 praefatus
3053 5173 3358 5261 explicet,
3406 5186 3698 5260 putarem
3751 5205 4051 5270 Explicatur

2165 5293 2637 5383 explicandam,
2711 5292 2862 5379 quia
2902 5310 3018 5377 per
3063 5291 3484 5377 siquae-ulum
3514 5289 3701 5356 intel·
3731 5268 4052 5382 Grggoss‘um·

2164 5412 2311 5498 ligit
2347 5411 2827 5489 characterem;
2882 5408 2993 5475 sed
3034 5407 3335 5494 quamvis
3366 5407 3704 5474 character

2166 5529 2441 5615 intelligi
2490 5536 2711 5614 posset
2750 5524 3180 5613 appellatione
3215 5524 3571 5611 siynaculi,
3621 5544 3697 5591 ex

3059 5819 3076 5847 9
