4287 6313
692 354 810 415 702

697 519 1118 590 Sacramenti.
1150 521 1235 586 E!
1264 522 1325 586 si
1352 521 1686 609 objicitur,
1710 519 1944 609 inquit,
2013 524 2235 608 primo

697 647 932 701 contra
981 639 1336 703 materiam
1410 648 1469 703 et
1506 641 1802 724 somnam
1838 641 2038 703 sitnal
2102 650 2228 705 etc.

690 749 984 838 Objectio
1083 754 1146 820 in
1225 756 1346 821 hoc
1405 768 1725 836 versatur,
1800 768 1869 822 ut
1952 756 2236 842 primum

691 870 972 936 Ioannis
1045 873 1157 939 20.
1219 870 1473 938 dicatur
1504 872 1804 939 Christus
1834 871 2236 939 insufflando

694 984 953 1053 dedisse
1038 985 1350 1073 Spiritum
1393 1004 1691 1056 sanctum
1725 989 2053 1075 Apostolis
2092 988 2237 1054 sine

697 1103 965 1171 materia
1019 1115 1082 1172 et
1155 1105 1360 1171 forma
1429 1105 1845 1191 praescripta3
1906 1116 1969 1170 et
2007 1104 2238 1171 simili-

695 1229 793 1283 ter
850 1220 998 1284 Act.
1062 1221 1126 1284 2.
1221 1219 1392 1307 quod
1452 1219 1817 1306 receperint
1875 1219 1999 1305 ipsi
2068 1223 2234 1305 Apo-

373 1264 490 1317 Non
600 1266 641 1319 it

342 1282 669 1445 loelgoeffito
694 1334 842 1400 stoli
919 1334 1235 1422 Spiritum
1304 1348 1602 1402 sanctum
1661 1336 1805 1402 sine
1859 1334 2127 1401 materia
2175 1345 2238 1399 et

370 1456 631 1572 ‚affige
696 1449 923 1516 forma.
980 1452 1196 1517 Tertio
1269 1451 1551 1540 denique
1610 1473 1724 1539 per
1757 1451 2236 1535 manus'impo-

343 1582 434 1633 sed
464 1584 528 1634 de
574 1596 667 1633 usu
694 1568 994 1635 sitionem
1064 1569 1309 1657 absque
1359 1569 1628 1635 materia
1668 1581 1731 1635 et
1754 1570 1960 1635 forma
1999 1567 2239 1633 dabant

362 1651 653 1760 mimssterio
694 1686 986 1773 Apostoli
1049 1687 1366 1773 Spiritum
1399 1700 1731 1754 sanctum.
1776 1690 1855 1752 Et
1894 1686 2236 1772 responsio

363 1772 667 1891 Sncqffen.
693 1802 998 1870 similiter
1036 1802 1325 1890 loquitur
1395 1802 1475 1869 de
1527 1804 1898 1891 receptione
1954 1802 2236 1888 Spiritus

691 1924 924 2003 sancti,
961 1924 1207 2012 absque
1241 1945 1361 1990 usu
1405 1925 1695 1991 materiae
1738 1938 1800 1990 et
1842 1923 2093 2004 formae,
2132 1922 2234 1988 vel

692 2052 869 2107 certo
947 2039 1329 2127 applicando
1399 2040 1566 2122 illas,
1615 2040 1774 2106 nihil
1836 2038 2239 2106 autemdicit

693 2155 761 2222 in
828 2154 1048 2242 specie
1087 2156 1167 2222 de
1206 2156 1617 2224 institutione
1674 2155 1980 2244 primaria
2013 2158 2235 2221 Sacra·

694 2274 923 2352 menti,
996 2272 1181 2359 quasi
1224 2272 1352 2339 illis
1422 2272 1486 2338 in
1538 2273 1699 2340 locis
1742 2272 1931 2352 facta,
1998 2271 2128 2336 imo
2171 2271 2235 2335 in

691 2385 907 2452 verbis
972 2385 1285 2472 praefatis,
1361 2387 1600 2475 quibus
1667 2400 1920 2455 tantum
1974 2387 2110 2475 agit
2158 2386 2237 2453 de

689 2503 836 2581 hac,
911 2501 1068 2568 dicit
1115 2514 1377 2590 tempus
1436 2503 1674 2570 nesciri
1717 2526 1797 2570 ex
1872 2503 2230 2590 Scriptura,

686 2630 750 2685 et
783 2617 1009 2684 reduci
1061 2618 1518 2685 certitudinem
1553 2620 1644 2686 rei
1680 2619 1757 2686 ad
1790 2619 2231 2686 traditionem.

466 2755 545 2808 82.
779 2737 913 2813 Hoc
976 2747 1233 2822 tempus
1276 2736 1708 2802 institutionis
1775 2736 2065 2802 insinuat
2114 2739 2233 2800 Fa-

370 2819 636 2949 lnquffina
689 2850 923 2918 bianus
993 2851 1056 2916 in
1127 2873 1245 2919 sua
1312 2852 1583 2939 epistola
1643 2852 1846 2918 fuisse
1896 2852 1961 2916 in
2009 2851 2235 2917 ultima

340 2943 661 3060 effastgxssffin
690 2969 889 3033 Coena
932 2990 947 3035 ε
1001 2968 1190 3034 Sicut
1218 2992 1258 3034 α
1297 2970 1563 3034 Sanctis
1602 2970 1957 3055 Apostoli&
1998 2967 2229 3054 inquit,

338 3073 653 3197 ῑῡδὸῑυῦξέἇᾙ·
685 3086 1200 3172 praedecessores
1249 3087 1465 3151 nostri
1520 3096 1914 3173 acceperant
1944 3085 2234 3152 chrisma

364 3197 660 3312 ψεὲῑὲὃῑῐθ·
687 3205 1009 3289 conficere
1038 3204 1284 3281 docuit,
1333 3204 1453 3270 hoc
1519 3220 1735 3270 tamen
1779 3204 1862 3269 ita
1902 3203 2234 3270 intellexe-

550 3299 565 3323 ‚

362 3330 640 3439 efflogssiam
690 3322 840 3402 rim,
887 3334 1119 3388 utnon
1162 3342 1279 3408 pro
1318 3333 1475 3388 tunc
1505 3321 1987 3407 applicandum,
2026 3342 2238 3408 neque

337 3451 660 3518 dependebat
689 3435 922 3504 efficax
955 3438 1277 3524 complete
1322 3438 1509 3518 soret,
1538 3437 1743 3502 donec
1772 3437 2049 3503 ordinati
2083 3451 2238 3503 sunt

338 3516 662 3651 institflubtione
690 3554 982 3641 Apostoli
1033 3555 1176 3640 ejus
1208 3552 1497 3620 ministri
1541 3553 1606 3619 in
1637 3554 2018 3640 Episcopos,
2062 3553 2233 3641 quod

362 3645 628 3691 mnmstro-
692 3691 846 3741 mox
910 3683 1055 3758 post
1118 3672 1667 3738 resurrectionem
1746 3671 1927 3758 prius
1996 3671 2232 3737 factum

687 3797 809 3866 est,
865 3783 1124 3872 quando
1184 3785 1470 3851 instituit
1556 3787 1817 3851 Petrum
1897 3804 2087 3850 suum
2128 3784 2235 3848 vi-

683 3901 957 3982 carium,
994 3913 1058 3967 et
1125 3902 1433 3969 omnibus
1504 3901 1682 3967 dedit
1748 3912 2132 3986 potestatem
2170 3901 2231 3965 in

682 4041 920 4107 corpus
978 4040 1171 4087 suum
1233 4020 1611 4106 mysticum.
1679 4021 1745 4084 ln
1788 4021 1982 4085 Coena
2014 4033 2230 4084 autem

682 4136 986 4203 videntur
1035 4149 1301 4203 tantum,
1352 4135 1632 4201 ordinati
1676 4134 2079 4213 Sacerdotes,
2118 4134 2229 4222 qui

681 4273 811 4317 non
852 4267 1037 4319 erant
1105 4251 1387 4317 ministri
1441 4251 1655 4317 idonei
1718 4273 1798 4316 ex
1866 4273 1981 4316 sua
2058 4250 2228 4315 ordi-

683 4369 1189 4456 natione,neque
1214 4370 1407 4434 etiam
1444 4390 1525 4435 ex
1582 4367 2233 4456 delegationc,donec

680 4483 1067 4550 subsisteret
1098 4482 1433 4569 plenitudo
1454 4485 1792 4570 potestatis
1818 4483 1880 4548 in
1919 4481 2227 4560 Ecclesia,

682 4623 831 4690 quae
877 4602 1164 4670 nondum
1236 4603 1356 4670 fuit
1403 4602 1723 4669 ordinata.
1789 4605 1877 4667 De
1945 4600 2232 4668 secunda

681 4733 742 4786 et
772 4721 963 4787 tertia
1003 4720 1466 4808 objectione,et
1488 4719 1626 4785 suis
1661 4718 2224 4805 responsionibus,

677 4848 778 4903 est
818 4836 1067 4902 dictum
1130 4858 1325 4923 supra
1406 4836 1791 4924 explicando
1879 4834 2231 4921 particulas

682 4951 1112 5033 definitioniS,
1172 4972 1321 5039 quae
1382 4962 1677 5039 spectant
1736 4951 1812 5016 ad
1893 4948 2231 5015 materiam

685 5079 748 5136 et
804 5069 1205 5136 ministrum.
1260 5070 1433 5135 Inl'ra
1502 5069 1579 5134 ad
1647 5068 1888 5134 calcem
1954 5065 2236 5152 explicat

687 5185 1012 5273 quomodo
1080 5185 1364 5252 chrisma
1427 5185 1664 5250 habeat
1741 5185 2231 5271 proportionem

683 5303 761 5369 ad
813 5302 1320 5390 significandum
1363 5302 1663 5370 effectum
1717 5299 2139 5368 Sacramenti.

1879 357 2019 420 LlB.
2053 360 2154 419 lv.
2186 358 2782 423 SENTENTIARUM

2800 734 3249 840 QUAEsTlo
3323 736 3425 806 11.

2357 1005 2588 1071 Utrum
2633 1006 3142 1071 Sacramentum
3196 1004 3745 1087 Consti-motionis
3807 1005 3896 1069 sit

2615 1125 3062 1189 necessarium
3127 1122 3219 1187 ad
3274 1122 3554 1188 salutem
3594 1120 3628 1187 ?

2346 1390 2524 1448 Aleus,
2553 1392 2607 1446 4.
2639 1397 2790 1458 part.
2824 1408 2883 1460 q.
2919 1391 3008 1445 25.
3038 1408 3115 1447 m.
3149 1395 3200 1447 2.
3252 1393 3317 1448 D.
3353 1395 3561 1447 Bonav.
3596 1395 3688 1446 hic
3708 1394 3897 1449 art.4.

2418 1480 2469 1529 q.
2500 1467 2553 1517 2.
2588 1460 2842 1519 Richard.
2877 1468 2990 1518 art.
3023 1463 3078 1518 5.
3119 1480 3172 1531 q.
3201 1464 3249 1519 1.
3277 1465 3342 1518 D.
3378 1462 3571 1519 Thom.
3605 1480 3655 1531 q.
3689 1466 3744 1521 3.
3778 1470 3895 1518 art.

2421 1535 2475 1589 2.
2499 1540 2550 1589 et
2582 1536 2635 1590 33,
2665 1540 2813 1600 part.
2847 1551 2894 1603 q.
2924 1533 3016 1588 65.
3043 1541 3156 1590 art.
3187 1534 3239 1590 4.
3283 1540 3330 1588 et
3361 1543 3550 1600 quest.
3583 1540 3678 1593 72.
3714 1537 3897 1590 art.8.

2419 1607 2617 1660 Suarez
2653 1607 2707 1661 3.
2740 1623 2793 1675 p.
2829 1611 2959 1661 tom.
2999 1608 3053 1661 3.
3097 1608 3152 1661 d.
3185 1607 3275 1663 38.
3311 1606 3609 1674 Coccius,et
3640 1606 3896 1663 bellarm.
3967 1666 3970 1675 ,

2418 1680 2576 1731 citati
2605 1686 2788 1747 quaest.
2817 1678 2866 1734 1.

2440 1947 2677 2023 Circa
2714 1950 2958 2024 istam
2989 1950 3595 2024 distinctionem
3629 1971 3803 2042 quae
3820 1951 3894 2023 ri

2349 2070 2687 2158 possunt
2799 2066 3073 2158 aliqua
3163 2067 3467 2139 brevia.

2349 2188 2627 2256 utrum
2673 2183 2888 2256 istud
2954 2188 3577 2258 Sacramentum
3620 2185 3726 2257 sit
3768 2203 3899 2256 ne-

2346 2301 2807 2372 cessarium
2851 2302 2946 2373 ad
2998 2302 3348 2374 salutem
3381 2308 3415 2373 Ἰ
3451 2302 3674 2386 Quod
3725 2302 3838 2375 sic
3876 2327 3892 2371 ε

2349 2417 2462 2487 De
2531 2422 2986 2489 consecrat.
3041 2417 3222 2490 dist.
3276 2422 3342 2491 5.
3389 2421 3628 2486 Omnes
3666 2419 3901 2502 fideles

2348 2556 2470 2621 per
2529 2557 2766 2601 manus
2826 2538 3315 2622 impositionem
3410 2537 3896 2623 Episcoporum

2346 2663 2492 2736 post
2561 2653 2976 2739 Baptismam
3028 2654 3362 2739 Spiritum
3411 2665 3713 2718 sanctum
3757 2674 3892 2718 sus—

2348 2768 2566 2851 cipere
2596 2767 2848 2846 debent,
2893 2779 2965 2832 uc
3010 2769 3199 2853 pleni
3259 2768 3640 2833 Christiani
3715 2769 3897 2832 inve—

2347 2884 2778 2953 niantur-,Ex
2813 2882 2960 2955 hoc
2987 2882 3330 2956 habetur
3358 2883 3892 2975 propositum,

2351 2997 2540 3090 quia.
2601 2998 2935 3092 quilibet
2997 3004 3313 3072 tenetur·
3388 3021 3566 3073 esse
3611 2999 3893 3092 plenus

2350 3115 2894 3192 Christianus.

2441 3232 2869 3318 Contra,in
2902 3233 3324 3325 Baptismo
3392 3234 3636 3308 datur
3692 3254 3893 3325 gra.—

2347 3351 2497 3430 tia;
2543 3369 2743 3439 ergo
2825 3370 2967 3441 per
3026 3349 3250 3422 illam
3291 3355 3414 3423 est
3471 3351 3685 3423 filius
3768 3372 3890 3424 re-

2350 3466 2510 3558 gni,
2556 3472 2636 3539 et
2708 3466 2821 3539 ita
2881 3465 3178 3539 sufficit
3254 3467 3350 3539 ad
3423 3467 3798 3541 salutem.

2915 3755 2998 3808 SC
3011 3755 3319 3811 HOLIUM.

2422 3942 2971 4000 confirmationem
3003 3957 3122 3998 non
3155 3958 3290 3998 esse
3355 3945 3774 4000 necessariam
3826 3946 3905 4000 ad

2349 4043 2640 4108 salutem,
2685 4040 2795 4096 sed
2846 4042 3262 4096 necessariam
3295 4056 3449 4108 esse,
3502 4056 3578 4097 ne
3626 4048 3905 4099 contem-

2349 4145 2556 4198 natur.
2591 4141 2893 4196 Censetur
2923 4144 3129 4196 autem
3177 4145 3577 4196 contemnere
3609 4156 3729 4197 non
3763 4156 3904 4197 sus-

2346 4239 2613 4309 cipienS,
2648 4239 2753 4309 qui
2789 4236 3294 4294 commodissime
3327 4243 3523 4309 potest
3556 4241 3898 4309 suscipere.

2351 4336 2609 4393 Videtur
2640 4350 2790 4405 ergo
2842 4334 3187 4394 secundum
3241 4338 3556 4393 Doctorem
3606 4352 3725 4393 non
3775 4354 3904 4392 esse

2351 4436 2414 4489 in
2451 4439 2781 4507 praecepto,
2815 4441 2877 4491 et
2926 4437 3010 4493 ita
3040 4440 3253 4493 tenere
3283 4433 3535 4491 videtur
3569 4439 3632 4490 1).
3685 4437 3899 4493 Thom.

2350 4532 2411 4588 d.
2456 4538 2574 4590 art.
2625 4537 2680 4591 8.
2732 4534 2808 4590 ad
2856 4536 2909 4590 4.
2946 4536 3012 4591 D.
3065 4538 3403 4593 Bonavent.
3454 4539 3630 4606 putat
3658 4551 3793 4592 esse
3835 4540 3900 4593 in

2348 4637 2664 4703 praecepto
2724 4633 3040 4688 Ecclesiae.
3110 4632 3404 4690 Richard.
3478 4637 3545 4691 in
3575 4640 3904 4707 ,praecepto

2349 4730 2587 4797 (livino,
2639 4747 2827 4801 quem
2898 4732 3188 4802 sequitur
3238 4734 3531 4790 Bellarm.
3588 4736 3677 4792 lib
3729 4737 3777 4792 1.
3828 4734 3904 4789 de

2352 4831 2626 4887 Sacram.
2677 4845 2813 4901 cap.
2864 4834 2954 4886 22.
2988 4830 3098 4887 sed
3149 4846 3270 4888 non
3302 4846 3436 4888 esse
3482 4834 3549 4889 in
3596 4839 3907 4905 praecepto

2351 4934 2521 4987 tenet
2549 4944 2847 5001 expresse
2881 4933 3095 4987 Doctor
3127 4931 3294 4989 infra
3325 4931 3384 4988 d.
3421 4933 3508 4989 17.
3543 4947 3598 5004 q.
3633 4933 3681 4988 1.
3719 4948 3780 4990 n.
3814 4933 3902 4989 11.

2352 5032 2412 5084 et
2445 5030 2507 5082 D.
2544 5028 2765 5085 Thom.
2798 5031 2852 5084 3.
2888 5034 3045 5100 part.
3080 5035 3296 5101 quaest.
3346 5033 3435 5086 65.
3469 5037 3586 5088 art.
3637 5034 3691 5088 4.
3739 5031 3816 5088 ad
3846 5034 3903 5089 3.

2350 5129 2411 5181 et
2441 5130 2659 5195 quaest.
2695 5129 2788 5181 72.
2822 5130 2938 5182 art.
2975 5129 3024 5182 1.
3060 5127 3137 5182 ad
3165 5129 3219 5183 3.

2438 5297 2539 5387 (a)
2601 5297 3102 5388 Respondeo‚
3164 5318 3327 5370 non
3407 5304 3532 5375 est
3602 5303 3910 5397 simpli-

2350 5412 2560 5486 citer
2654 5413 3209 5487 necessarium
3321 5417 3413 5488 ad
3522 5419 3908 5504 salutem,

2347 5531 2585 5623 juxta.
2648 5532 2840 5603 illud
2876 5533 3127 5606 Marc.
3180 5534 3436 5607 ultim.
3499 5540 3630 5615 Qui
3683 5541 3906 5606 credi-

4063 1984 4111 2032 1.

3585 2066 3890 2147 Primo,
3975 2045 4185 2109 ΑΨ·

4026 3303 4162 3372 Ratio
4251 3355 4258 3366 .

3987 3377 4187 3434 opposu-
