4287 6313
600 402 712 463 126

692 566 841 635 Non
880 569 1187 657 conqrzcie
1235 579 1472 649 autem,
1514 569 1729 657 inquit
1766 572 2023 649 Doctor,
2068 580 2140 636 ut

600 686 1106 752 Sacramentum
1139 698 1300 752 esset
1328 688 1592 773 siquam
1643 698 1893 753 certum
1921 689 2142 773 primo

595 803 807 884 modo,
856 803 1008 891 quia
1040 824 1276 891 nempe
1306 804 1454 871 talis
1484 802 1806 870 certitudo
1839 802 2140 871 exclude-

595 932 694 985 ret
745 919 809 985 in
855 919 1254 1007 suscipiente
1291 919 1575 986 debitam
1608 920 2136 1006 dispositionem,

591 1036 761 1124 quod
800 1056 926 1101 non
975 1036 1277 1122 congruit
1306 1036 1452 1102 aliis
1495 1036 1742 1123 regulis
1808 1036 2140 1122 generali-

589 1152 709 1217 bus
748 1151 994 1217 divinae
1028 1151 1482 1237 providentiae,
1548 1171 1674 1239 qua
1725 1152 1918 1217 homo
1968 1152 2140 1218 ordi-

591 1279 779 1333 natur
836 1265 903 1331 in
970 1286 1164 1333 suum
1219 1265 1414 1334 finem
1485 1270 1809 1338 mediante
1886 1272 2033 1360 lege
2079 1281 2143 1338 et

590 1382 1017 1468 dispositione
1049 1385 1148 1451 sui
1201 1408 1314 1473 per
1361 1388 1742 1454 exercitium
1796 1388 2134 1471 libertatis,

585 1501 994 1566 retractando
1036 1514 1398 1589 peccatum,
1456 1517 1525 1569 ut
1556 1504 1771 1581 debet,
1830 1518 1892 1572 et
1933 1527 2134 1592 expe-

588 1616 704 1695 dit,
743 1618 1038 1683 facien'lo
1069 1620 1412 1699 bonum‚et
1446 1620 1837 1688 declinando
1870 1643 1904 1688 a
1939 1622 2133 1703 malo,

589 1743 652 1799 et
681 1733 1012 1820 operando
1053 1757 1239 1803 suam
1291 1737 1567 1804 salutem
1611 1759 1759 1805 cum
1802 1739 2034 1805 timore
2074 1751 2138 1806 et

594 1859 905 1919 tremore.

690 1967 1018 2055 Conyrn-it
1051 1970 1280 2055 iyicur,
1322 1969 1560 2058 inquit,
1607 1981 1680 2037 uc
1748 1975 2012 2060 siynum
2052 1974 2139 2039 sit

591 2094 943 2163 certumntt
983 2085 1053 2151 in
1093 2084 1424 2170 pluribuS,
1463 2085 1537 2151 id
1568 2098 1682 2167 est,
1703 2108 1985 2173 semper,
2033 2088 2137 2153 ni-

587 2201 650 2263 si
683 2198 1114 2285 indispositio
1146 2202 1571 2286 suscipientis
1601 2203 1951 2289 impediat,
2007 2212 2131 2269 etc.

594 2314 869 2381 Tollitur
899 2314 1249 2395 calumnia,
1289 2338 1437 2404 quae
1470 2317 1788 2404 praetendi
1815 2331 2055 2405 posset,
2079 2318 2134 2385 si

588 2428 856 2496 effectus
896 2429 959 2495 in
981 2430 1104 2497 hoc
1126 2430 1228 2496 vel
1252 2431 1359 2498 illo
1381 2450 1798 2518 separaretur
1822 2455 1902 2501 ex
1926 2431 2132 2501 ineffi-

586 2545 905 2625 cacia,aut
932 2545 1325 2614 inefficentia
1343 2570 1561 2617 causae
1585 2564 1900 2637 quantum
1927 2561 2024 2617 est
2052 2572 2132 2618 ex

587 2664 844 2752 se,quia
885 2665 950 2730 in
994 2667 1327 2754 proposito
1360 2690 1487 2734 non
1515 2669 1598 2735 ita
1621 2668 2132 2756 contingit,quia

588 2785 1077 2849 Sacramentum
1139 2785 1218 2850 de
1277 2806 1348 2851 se
1395 2806 1657 2872 semper
1722 2796 1824 2852 est
1870 2784 2125 2865 efficaX‚

587 2906 700 2971 sed
733 2923 1072 2994 separatur
1102 2912 1181 2977 ab
1212 2912 1443 2979 effectu
1486 2916 1697 2984 solum
1741 2924 1821 2970 θ’(
1867 2905 2131 2989 privati·

587 3045 712 3094 one
776 3027 1052 3117 alicujus
1129 3034 1476 3102 extrinseci
1539 3057 1654 3123 per
1721 3059 1791 3104 se
1834 3033 2130 3125 requisiti

586 3164 701 3229 per
751 3144 1030 3214 modum'
1056 3148 1527 3238 dispositionis,
1569 3165 1680 3221 aut
1711 3165 1886 3221 certe
1925 3151 2128 3240 appli-

580 3258 855 3326 cationis
896 3262 1136 3330 debitae
1177 3265 1254 3331 ad
1289 3267 1696 3356 subJectum;
1747 3279 2124 3362 utrumque,

584 3375 1033 3462 impedimenti
1104 3381 1389 3460 nomine,
1444 3383 1771 3469 expressit
1866 3388 2122 3464 Doctor,

584 3492 754 3578 quod
817 3493 1061 3561 suflicit
1118 3495 1197 3561 ad
1239 3497 1564 3564 intentum
1627 3499 1804 3586 ejus3
1880 3499 2129 3587 reliqua

585 3600 802 3666 omnia
857 3603 996 3669 suis
1035 3601 1195 3670 locis
1226 3604 1516 3691 exponit,
1565 3617 1635 3671 ut
1665 3605 2024 3672 videbitur.

1151 3860 1558 3919 SCHOLIUM.

652 4036 844 4094 Aliud
893 4051 1027 4093 esse
1067 4040 1320 4108 signum
1371 4039 1719 4110 practicam
1770 4039 2124 4108 instituere,

577 4126 773 4195 aliud,
807 4127 968 4185 illud
999 4134 1241 4185 certum
1274 4131 1499 4185 facere.
1539 4132 1728 4185 Homo
1758 4134 1966 4199 posset
1995 4130 2130 4186 ins-

576 4215 810 4272 tituere
863 4218 1116 4287 signum
1164 4217 1511 4289 practicam
1554 4217 1797 4286 gratiae,
1847 4216 1955 4272 sed
2005 4231 2127 4272 non

575 4311 780 4377 posset
811 4306 1216 4364 illud'i’acere
1248 4312 1509 4377 certum,
1563 4322 1675 4363 nec
1723 4312 1927 4381 posset
1969 4310 2128 4364 Deus

573 4395 631 4450 ei
670 4396 858 4453 talem
891 4397 1350 4453 institutionem
1385 4398 1646 4467 positive
1710 4397 2125 4465 committere,

573 4484 695 4540 nisi
736 4499 802 4541 se
848 4487 1232 4558 astringeret
1281 4487 1358 4544 ad
1406 4487 1785 4543 causandam
1837 4487 2125 4557 gratiam.

575 4571 685 4628 Hic
729 4572 980 4630 videtur
1012 4576 1227 4632 Doctor
1270 4574 1477 4632 dicere
1528 4577 1891 4646 potestatem
1943 4574 2128 4630 insti-

571 4660 791 4719 tuendi
845 4661 1236 4720 Sacramenta
1299 4679 1417 4720 non
1451 4677 1626 4736 posse
1673 4660 2125 4719 communicari

575 4750 1090 4822 creaturae,'quod
1116 4753 1329 4806 tenent
1353 4753 1496 4807 Dur.
1530 4749 1804 4821 4.d.2.q.
1826 4753 1874 4806 1.
1909 4756 1954 4803 ει
1989 4750 2122 4805 Gab.

577 4840 681 4897 hic
720 4844 939 4909 quaest.
973 4842 1024 4893 2.
1060 4842 1122 4896 Si
1172 4842 1339 4896 enim
1374 4843 1530 4896 Deus
1569 4840 2020 4896 determinaret
2062 4853 2126 4894 se

575 4930 955 5000 generaliter
983 4930 1060 4987 ad
1091 4930 1510 4987 assistendum
1543 4931 1723 4999 signo
1753 4943 1866 4999 per
1898 4944 1994 4985 me
2024 4930 2128 4984 in-

575 5021 888 5078 stituendo
918 5021 995 5079 ad
1026 5021 1406 5078 causandam
1457 5022 1746 5091 gratiam,
1781 5024 1841 5076 et
1870 5034 1985 5090 ego
2026 5020 2126 5075 in-

575 5111 896 5169 stituerem
935 5113 1189 5182 signum
1235 5112 1509 5183 aliquod,
1559 5110 1761 5168 adhuc
1812 5109 2125 5166 institutio

574 5217 695 5260 non
727 5207 890 5259 esset
918 5218 954 5260 a
988 5219 1105 5270 me,
1152 5207 1218 5262 ut
1246 5204 1328 5260 sit
1356 5204 1578 5260 efficax
1623 5205 1681 5258 et
1737 5200 2120 5265 infallibilis,

574 5304 681 5361 sed
720 5319 756 5360 a
787 5304 1072 5375 generali
1125 5304 1233 5360 Dei
1274 5303 1615 5367 voluntate,
1649 5305 1709 5357 et
1755 5315 1870 5370 ego
1919 5313 2122 5356 essem

574 5419 779 5476 praeco
809 5403 910 5459 vel
932 5402 1379 5475 promulgator.
1407 5402 1522 5458 Sed
1552 5415 1668 5456 non
1700 5403 1963 5472 apparet
1992 5413 2125 5455 cer-

576 5512 638 5563 to
669 5503 1012 5572 Doctoremss
1039 5502 1154 5560 hoc
1198 5504 1496 5569 tenuisse,
1558 5500 1706 5573 quia
1739 5515 1853 5556 non
1886 5504 1979 5556 est
2010 5498 2113 5555 hic

577 5605 811 5674 clarus,
845 5618 1048 5676 neque
1079 5600 1183 5657 hic
1212 5602 1400 5659 estin
1432 5614 1503 5656 re
1531 5597 1981 5666 controversia,
2013 5594 2123 5654 sed

1749 407 1894 468 ΗΒ.
1931 407 2035 470 lv.
2066 406 2665 473 SENTENTIARUM

2254 568 2324 625 in
2356 584 2529 637 voce,
2564 570 2713 642 quia
2747 573 3047 643 negantes
3078 572 3445 643 potestatem
3476 570 3823 629 instituen-

2259 666 2320 723 di
2365 670 2840 728 Sacramentum
2876 686 2995 727 non
3020 685 3197 742 posse
3220 671 3699 739 communicari,
3719 672 3822 727 in-

2255 765 2554 835 telligunt
2609 780 2721 836 per
2752 767 2933 835 hanc,
2978 771 3348 839 potestatem
3388 767 3822 840 independen-

2256 866 2379 918 tem
2440 862 2517 920 ab
2554 864 2680 920 alio
2709 863 2911 937 quoad
2932 866 3382 923 executionem.

2346 1033 2460 1104 De
2502 1034 2850 1107 secundo
2902 1035 3001 1125 (b)
3051 1035 3251 1118 dicO,
3310 1035 3515 1127 quod
3559 1035 3811 1108 aliun-

2256 1147 2346 1218 de
2400 1146 2724 1240 signum
2776 1151 3230 1244 practicam
3286 1152 3547 1233 babet,
3605 1153 3811 1245 quod

2260 1262 2660 1353 significet
2750 1268 3114 1358 practice
3203 1267 3642 1360 signatum,
3733 1272 3812 1340 et

2256 1378 2574 1453 aliunde
2626 1383 2829 1473 quod
2907 1383 3011 1456 sit
3075 1387 3391 1456 certum
3455 1383 3805 1475 signum,

2256 1497 2462 1586 quod
2495 1502 2743 1589 patet,
2774 1498 2962 1591 quia
2996 1500 3381 1593 possibile
3412 1504 3537 1575 est
3570 1520 3811 1593 quan-

2252 1611 2509 1704 doque
2587 1613 2939 1705 aliquem
3018 1636 3179 1688 non
3245 1636 3624 1688 veracem
3694 1615 3813 1688 uti

2254 1729 2396 1801 illo
2430 1730 2686 1822 signo,
2739 1731 3281 1823 signationem
3325 1731 3538 1805 enim
3573 1731 3815 1805 habet

2253 1865 2354 1918 ex
2406 1846 2968 1927 institutione:
3034 1850 3165 1921 sed
3218 1849 3421 1941 quod
3477 1848 3582 1921 sit
3645 1869 3812 1922 cer-

2250 1964 2450 2043 tum,
2495 1984 2657 2036 non
2708 1963 2949 2038 habet
2997 1965 3284 2038 nisiex
3325 1964 3811 2038 determina-

2252 2079 2472 2154 tione
2542 2080 2891 2173 alicujus
2961 2102 3227 2155 causae
3286 2082 3808 2174 cooperantis

2252 2195 2373 2268 illi
2417 2196 2673 2289 signo,
2728 2199 2823 2272 ad
2871 2199 3362 2272 causandum
3408 2198 3809 2289 significa-

2252 2315 2451 2386 tum.
2521 2312 2769 2386 Verbi
2839 2314 3138 2405 gratia,
3213 2313 3280 2385 si
3361 2314 3459 2386 ab
3530 2313 3805 2405 aliquo

2252 2427 2727 2521 legislatore
2793 2430 3283 2503 instituatur
3360 2430 3443 2502 in
3512 2429 3807 2522 politia

2252 2565 2399 2617 sua
2442 2565 2588 2638 pro
2625 2545 2860 2637 signo
2896 2546 3143 2640 pacis,
3180 2550 3449 2620 tactus
3486 2565 3804 2626 manus,

2248 2662 2379 2734 vel
2421 2662 2906 2755 hujusmodi,
2952 2667 3034 2736 et
3085 2663 3153 2735 si
3204 2683 3303 2735 ex
3345 2663 3505 2736 ista
3557 2662 3810 2754 impo-

2251 2783 2551 2857 sitione
2608 2781 2847 2855 habet
2908 2783 3122 2856 istud
3190 2782 3539 2874 signum,
3596 2780 3807 2873 quod

2249 2898 2613 2991 practice
2665 2897 3068 2989 significet
3138 2918 3463 2989 pacem3
3530 2902 3805 2970 tamen

2249 3014 2316 3085 si
2359 3014 2569 3086 alius
2619 3034 2779 3086 non
2831 3034 3086 3087 verax
3159 3018 3429 3106 potest
3473 3012 3594 3087 uti
3645 3011 3803 3084 isto

2249 3131 2514 3223 signo.
2569 3131 2782 3205 istud
2847 3131 3169 3224 signum
3227 3150 3387 3203 non
3447 3134 3573 3204 est
3633 3147 3813 3203 cer-

2248 3252 2422 3323 tum
2493 3270 2593 3321 ex
2669 3241 3196 3340 impositione
3264 3248 3797 3340 legislatoris,

2250 3367 2381 3437 sed
2427 3369 2795 3438 remanet
2855 3363 3390 3455 aequivocum,
3455 3365 3805 3454 quando-

2247 3502 2401 3574 que
2445 3481 2759 3554 scilicet
2807 3501 3120 3564 verum,
3191 3481 3501 3572 quando
3561 3480 3803 3556 habet

2246 3597 2811 3672 concomitans
2846 3596 3284 3689 signatum,
3330 3597 3802 3690 quandoque

2246 3715 2572 3787 falsum.
2656 3714 2946 3786 Falsus
3006 3713 3222 3786 enim
3300 3714 3565 3787 utitur
3640 3712 3799 3785 isto

2244 3830 2481 3920 signo
2526 3829 2697 3902 sine
2759 3829 3105 3920 signato.
3167 3828 3373 3901 sicut
3427 3833 3802 3902 uteretur

2243 3945 2474 4037 signo
2498 3946 3001 4038 speculativo
3035 3944 3615 4017 benevolentiae
3636 3944 3806 4016 sine

2241 4060 2598 4151 signato,
2665 4061 3022 4144 dicende,
3096 4061 3442 4133 concedo
3498 4059 3643 4133 tibi
3693 4062 3802 4133 di-

2244 4177 2675 4250 lectionem
2713 4181 3000 4261 meam,
3038 4176 3340 4249 habens
3374 4177 3614 4264 aliud,
3652 4179 3800 4251 sci-

2241 4294 2432 4365 licet
2469 4293 2935 4386 oppositum
2979 4291 3059 4363 in
3102 4297 3393 4366 mente.

2335 4411 2445 4482 Ad
2516 4411 3056 4502 propositum,
3179 4412 3798 4484 Sacramentum

2242 4531 2321 4600 et
2355 4527 2718 4620 practice
2753 4527 3158 4619 significat
3189 4524 3572 4599 effectum
3618 4547 3797 4620 pra·

2240 4644 2541 4717 cticum
2601 4644 2928 4716 causari
2981 4645 3061 4716 in
3106 4644 3249 4716 illo
3303 4643 3432 4716 cui
3481 4643 3797 4716 adhibe-

2243 4763 2400 4841 tur,
2455 4762 2534 4832 et
2569 4759 2683 4831 sic
2720 4758 3012 4851 signat,
3066 4759 3272 4850 quod
3311 4764 3436 4833 est
3470 4760 3798 4849 signum

2239 4881 2555 4950 certum
2616 4880 2704 4949 ut
2764 4876 2842 4947 in
2889 4875 3280 4968 pluribus,
3339 4878 3508 4948 sive
3566 4895 3798 4968 regu-

2239 4992 2559 5073 lariter,
2600 4996 2990 5084 quantum
3032 4994 3153 5063 est
3188 5013 3276 5063 ex
3311 4994 3544 5084 parte
3586 4992 3787 5084 ejus.
3846 4995 4123 5109 ing-3328

2244 5113 2643 5192 Quantum
2721 5115 2993 5183 autem
3055 5109 3147 5181 ad
3217 5109 3787 5200 signationem,
3867 5121 4074 5192 sigeum

2243 5343 2343 5415 ab
2379 5342 2650 5435 aliqua
2688 5347 3098 5423 creatura,
3145 5341 3333 5433 quia
3367 5342 3582 5417 sicut
3625 5363 3804 5435 pos-

2236 5464 2355 5533 set
2399 5461 2644 5533 homo
2688 5461 3107 5553 imponere
3140 5460 3465 5551 signum
3519 5479 3798 5551 specu-

2233 5577 2576 5652 lativum
2616 5574 2956 5659 effectus
3015 5575 3189 5661 Dei,
3254 5578 3341 5649 ut
3415 5580 3641 5669 patet
3696 5576 3789 5649 de

3843 4934 3928 4983 An
3962 4931 4125 4997 possit

2240 5226 2624 5320 possibile
2685 5231 2902 5300 esset
2962 5226 3164 5317 quod
3217 5190 4104 5311 instituereturp‘gfissi‘iff
