4287 6313
1539 359 1740 421 ms'r.
1776 357 1901 419 vu.
1953 358 2321 433 QuAEs'rio
2370 358 2468 437 ιι,

398 520 594 600 derit,
652 532 711 587 ec
760 520 1132 606 baptizatus
1187 522 1422 605 fuerit,
1493 522 1717 585 salvus
1765 520 1933 595 erit;

401 642 482 710 et
522 640 604 706 de
642 661 930 708 consecr.
988 640 1143 705 dist.
1188 640 1253 709 5.
1301 638 1598 723 Spiritus
1643 648 1939 715 sanctu-3,

3495 362 3612 422 703

2060 519 2287 598 menti,
2327 518 2494 604 quod
2547 530 2614 584 ut
2682 519 2965 586 medium
3007 520 3406 588 ordinarium
3449 543 3598 588 con·
3639 554 3955 625 praeoqptum

2053 633 2178 699 fert
2244 635 2445 700 robur
2502 646 2566 701 et
2606 635 2940 716 virtutem,
2988 635 3296 722 quoniam
3375 650 3438 703 et
3480 637 3601 704 hac

406 753 536 825 ubi
586 752 955 839 habetur,
1011 753 1216 844 quod
1282 751 1739 844 baptizatus
1801 769 1945 841 per
2057 750 2307 816 ratione
2335 750 2596 817 videtur
2640 764 2925 838 potestas
2967 753 3114 821 data
3146 753 3603 821 Sacerdotibus

306 911 312 917 ·
402 869 666 941 solum
736 869 1247 961 Baptismum
1321 869 1735 948 salva-tum
1822 870 1946 940 est
2058 888 2137 931 ex
2170 868 2637 934 commissione
2671 869 3034 952 fundari‚ut
3075 872 3456 939 ministrent
3487 874 3609 938 hoc

400 991 671 1059 tamen
781 986 1338 1058 necessarium
1442 984 1715 1057 adulto
1831 983 1945 1056 sic

401 1104 608 1193 quod
674 1124 835 1175 non
903 1105 1394 1184 contemnat,
1480 1102 1689 1173 sicut
1758 1099 1949 1172 dici-

2059 984 2584 1054 Sacramentum.

2149 1101 2245 1163 An
2305 1118 2461 1163 vero
2521 1098 2584 1164 in
2642 1099 2980 1165 Provincis
3033 1099 3318 1188 singulis
3394 1115 3457 1168 et
3505 1123 3603 1167 re-

403 1224 539 1292 tur·
569 1223 788 1287 Eoetra
837 1220 928 1291 de
1015 1212 1256 1291 sacra'
1327 1217 1733 1298 unctione,
1816 1214 1945 1288 ubi
2056 1210 2236 1297 gnis»,
2294 1212 2402 1278 ubi
2448 1215 2678 1301 nequit
2746 1236 2890 1281 esse
2957 1236 3263 1283 recursus
3313 1217 3389 1284 ad
3449 1218 3613 1284 alios

402 1338 701 1412 dicitur
769 1339 847 1411 in
926 1339 1241 1419 Glossa,
1321 1337 1522 1430 quod
1598 1356 1759 1407 non
1824 1338 1948 1408 est

406 1454 689 1547 plenus
724 1454 1237 1528 Christianus
1286 1453 1421 1545 qui
1471 1450 1943 1525 contemnit.

496 1572 610 1644 Ad
694 1574 1269 1663 argumentum
1347 1570 1547 1652 dicO,
1603 1567 1950 1661 quodlo-

354 1744 367 1755 .
409 1690 687 1782 quitur
735 1692 825 1763 de
875 1691 1174 1774 adulto,
1231 1690 1363 1784 qui
1429 1676 1657 1763 debet
1699 1687 1953 1761 susci-

95 3784 218 3854 Non
247 3799 357 3833 esse

57 3848 292 3895 medium
323 3848 389 3896 ad

56 3911 281 3960 salutem
307 3925 392 3959 ne·

76 3972 383 4023 cessarium.

204 5429 261 5476 In

61 5490 387 5555 persecutio-

411 1828 624 1900 pere,
689 1809 762 1881 id
820 1815 970 1892 est,
1043 1830 1201 1883 non
1262 1813 1810 1887 contemnere,
1872 1810 1952 1879 et

409 1947 555 2018 pro
638 1932 1005 2020 tempore
1091 1945 1455 2017 congruo
1536 1925 1953 2016 suscipere

402 2042 484 2114 in
537 2042 869 2127 effectu,·
919 2043 1434 2137 judicaretur
1493 2041 1707 2112 enim
1778 2060 1953 2113 con-

404 2162 783 2251 temptus,
832 2159 900 2231 si
964 2158 1422 2231 omnimoda
1483 2155 1955 2249 opportuni-

406 2274 576 2347 tate
667 2275 963 2358 oblata,
1046 2294 1206 2347 non
1276 2273 1865 2365 susciperetur.

840 2497 1504 2563 COMMENTARIUS.

503 2732 589 2821 (a)
619 2733 995 2820 Respondco
1026 2754 1159 2798 non
1191 2742 1283 2797 est
1314 2729 1708 2815 simpliciter
1739 2745 1957 2791 neces-

411 2852 688 2929 sarium,
745 2859 868 2916 etc,
923 2846 1274 2915 Occasione
1324 2846 1522 2932 hujus
1572 2840 1956 2930 quaestionis

415 2966 747 3033 nonnullas
814 2965 1023 3032 turbae
1104 2965 1226 3030 hoc
1301 2975 1595 3046 tempore
1669 2958 1956 3024 subortae

413 3094 600 3162 sunt;
634 3103 713 3147 ne
745 3081 1105 3148 fomentum
1151 3081 1365 3167 itaque
1408 3076 1616 3163 magis
1656 3074 1958 3162 ingerere

409 3214 520 3267 aut
577 3213 836 3286 captare
886 3199 1132 3278 videar,
1190 3218 1383 3283 quam
1427 3192 1788 3261 disserendi
1839 3214 1956 3277 op-

411 3316 898 3405 portunitatem,
935 3313 1375 3400 supersedeo;
1432 3310 1776 3377 videantur
1830 3314 1956 3374 Au-

413 3445 620 3497 ctores
678 3431 877 3508 citati,
960 3442 1023 3495 et
1098 3433 1344 3507 Patres,
1418 3440 1479 3493 et
1540 3425 1954 3514 potissimum

418 3547 805 3614 Melchiades
856 3551 1025 3634 Papa
1066 3546 1204 3610 loco
1244 3545 1438 3610 citato
1475 3567 1488 3621 ;
1547 3544 1760 3628 praxis
1821 3542 1954 3628 pri—

419 3664 667 3731 mitivae
739 3663 1068 3739 Ecclesiae,
1131 3675 1194 3729 et
1252 3673 1497 3729 retenta
1548 3660 1615 3726 in
1673 3658 1958 3724 Ecclesia

418 3780 747 3860 Orientali,
849 3801 998 3867 quaa
1091 3777 1663 3845 Consti-mationem
1760 3773 1956 3841 simul

420 3918 565 3963 cum
624 3897 949 3982 Baptismo
998 3897 1268 3976 confert,
1314 3891 1428 3960 sed
1476 3904 1540 3958 et
1588 3890 1807 3979 praxis
1858 3889 1959 3956 di-

426 4028 658 4079 uturna
724 4013 1031 4079 Ecclesiae
1087 4011 1541 4090 OccidentaliS,
1632 4031 1778 4097 quae
1839 4008 1959 4073 dif-

423 4129 543 4195 fert
605 4127 1201 4194 confirmationem.
1268 4129 1425 4194 Illud
1504 4139 1753 4193 certum
1832 4136 1952 4204 est,

421 4266 548 4311 non
608 4269 755 4314 esse
817 4246 1101 4311 medium
1159 4244 1600 4311 necessarium
1645 4243 1722 4309 ad
1790 4241 1959 4306 salu·

415 4384 589 4436 tem:
634 4386 716 4433 an
769 4364 854 4431 sit
903 4363 967 4429 in
1010 4375 1334 4450 praecepto
1383 4383 1461 4427 ex
1519 4371 1697 4447 parte
1752 4358 1959 4426 susci-

416 4484 676 4572 pientiS,
744 4494 812 4549 ut
860 4481 1015 4548 illud
1078 4477 1441 4565 suscipiat?
1481 4482 1672 4543 Recte
1730 4481 1960 4542 Doctor

415 4604 648 4670 asserit
721 4601 948 4667 saltem
1009 4620 1155 4664 esse
1217 4608 1612 4683 praeceptum
1666 4616 1746 4660 ne
1798 4591 1954 4660 illud

414 4732 825 4796 contemnat;
922 4730 1338 4783 contemnere
1398 4735 1555 4780 vero
1632 4725 1754 4791 est,
1830 4731 1958 4778 nou

415 4839 748 4924 suscipere
812 4837 1328 4912 Sacramentum,
1383 4830 1644 4918 quando
1751 4840 1960 4915 potest

414 4952 755 5021 commode
786 4972 867 5018 ex
907 4971 1035 5037 quo
1070 4961 1286 5014 tantus
1317 4946 1568 5012 fructus
1609 4945 1953 5025 redundat,

414 5086 478 5138 et
544 5068 1023 5137 consummatio
1095 5064 1431 5150 Baptismi.
1506 5066 1734 5128 Censet
1802 5081 1958 5146 ergo

415 5210 559 5254 esse
625 5196 1019 5272 praeceptum
1064 5179 1463 5267 suscipiendi
1518 5177 1953 5255 Sacramenti,

416 5308 467 5370 si
501 5303 737 5369 debitae
767 5298 1277 5367 circumstantiae
1306 5305 1731 5374 concurrant;
1768 5293 1962 5359 adde-

419 5442 554 5485 rem
606 5418 713 5484 ubi
791 5429 945 5483 sunt
1021 5413 1307 5502 pericula
1390 5410 1844 5479 subversionis
1898 5421 1961 5476 et

60 5567 129 5602 ne
154 5549 274 5602 fidei
310 5559 387 5603 est
421 5535 568 5602 fidei
619 5555 761 5601 esse
817 5542 1215 5619 praeceptum
1291 5528 1692 5616 suscipiendi
1738 5531 1959 5594 Sacra-

2064 1328 2207 1395 sine
2237 1327 2672 1409 incommodo,
2722 1333 3005 1400 Ecclesia
3065 1344 3364 1401 teneatur
3396 1336 3613 1422 provi-

2061 1444 2215 1511 dere
2254 1445 2334 1512 de
2376 1446 2694 1513 ministris
2729 1446 2984 1514 idoneis
3016 1449 3214 1535 huJus
3240 1452 3622 1516 Sacramen-

2062 1561 2158 1627 ti‘?
2187 1574 2249 1628 et
2271 1584 2352 1629 an
2385 1576 2731 1631 teneantur
2761 1565 3068 1653 Episcopi
3102 1566 3166 1631 in
3202 1567 3340 1632 suis
3372 1566 3617 1633 Dioece-

2064 1683 2252 1748 sibus
2305 1684 2464 1750 illud
2497 1706 2574 1751 ex
2627 1699 2952 1773 praecepto
2993 1687 3217 1752 divino
3250 1687 3624 1753 ministrare

2062 1810 2124 1862 et
2167 1820 2540 1885 procurare,
2596 1815 2664 1866 ut
2713 1802 2793 1866 ab
2849 1802 3178 1882 omnibuS,
3229 1802 3418 1889 juxta
3469 1824 3621 1869 con-

2062 1915 2475 1981 suetudinem
2510 1916 2992 1983 Provinciarum
3026 1919 3450 2004 suscipiatur;
3488 1920 3622 1986 sal-

2065 2050 2149 2093 vo
2195 2029 2446 2096 meliori
2496 2032 2746 2118 judicio
2805 2046 3099 2118 putarem
3164 2055 3307 2101 esse
3376 2057 3623 2121 praece-

2068 2155 2250 2228 ptum
2331 2146 2661 2232 utrinque,
2729 2148 2853 2213 nisi
2916 2150 3160 2235 majora
3213 2150 3620 2217 incommoda

2066 2260 2327 2326 obstent
2368 2282 2482 2328 seu
2531 2276 2869 2345 excusent,
2924 2264 3003 2331 de
3043 2266 3280 2352 quibus
3313 2267 3622 2333 Praelato-

2072 2396 2216 2443 rum
2279 2388 2377 2467 est
2409 2378 2704 2464 judicare
2741 2379 2898 2468 quid
2950 2382 3057 2447 hic
3099 2393 3162 2447 et
3200 2402 3373 2449 nunc
3430 2404 3621 2470 expe-

2068 2492 2203 2558 diat
2251 2493 2325 2557 ad
2362 2494 2720 2579 profectum
2755 2497 3282 2584 suscipientium,
3320 2499 3398 2575 ad
3430 2521 3618 2587 reve-

2070 2609 2344 2675 rentiam
2388 2611 2814 2680 Sacramenti.
2866 2617 2998 2680 Neo
3042 2614 3235 2681 video
3268 2616 3615 2703 quomod0,

2067 2737 2177 2789 aut
2208 2726 2614 2793 Christianus
2643 2740 3064 2795 contemnere
3099 2732 3615 2815 Sacramentum,

2070 2841 2138 2906 in
2208 2864 2337 2928 quo
2425 2844 2945 2911 communicatur
3008 2846 3293 2932 Spiritus
3358 2862 3622 2916 sanctus

2074 2957 2149 3023 ad
2229 2961 2858 3026 consummationem
2921 2964 3231 3048 Baptismi
3306 2966 3616 3052 suscepti,

2073 3084 2142 3141 ut
2182 3073 2406 3140 dicunt
2447 3078 2669 3142 Patres
2703 3076 2862 3143 alias
2894 3077 3096 3158 citati,
3151 3089 3262 3145 aut
3297 3081 3622 3169 quomodo

2071 3190 2349 3272 Praelati,
2398 3191 2541 3258 sine
2579 3193 2766 3279 gravi
2800 3192 2988 3280 culpa
3029 3208 3253 3262 contra
3313 3197 3622 3266 sollicitu-

2068 3305 2314 3387 dinem,
2386 3307 2461 3372 ad
2534 3328 2725 3394 quam
2785 3308 3008 3377 divina
3078 3311 3223 3400 lege
3287 3323 3615 3395 tenentur,

2072 3423 2509 3490 ministerium
2600 3424 2758 3490 tanti
2840 3428 3237 3494 Sacramenti
3323 3429 3620 3498 omittere

2072 3538 2324 3622 possint
2365 3537 2429 3602 in
2500 3539 2884 3606 necessitate
2944 3541 3189 3628 populi,
3252 3543 3364 3609 ubi
3433 3543 3608 3611 aliud

2072 3675 2200 3719 non
2233 3666 2524 3735 excusat,
2572 3676 2651 3721 ex
2691 3676 2767 3721 eo
2808 3656 3019 3723 solum
3061 3671 3408 3744 praetextu,
3449 3660 3619 3747 quod

2070 3772 2566 3837 Sacramentum
2616 3792 2745 3837 non
2801 3772 2888 3839 sit
2957 3774 3243 3842 medium
3316 3796 3619 3844 necessa-

2072 3888 2242 3953 rium
2277 3887 2354 3954 ad
2397 3889 2675 3955 salutem
2713 3913 2727 3968 ;
2774 3890 3042 3956 omissio
3100 3892 3274 3958 enim
3318 3893 3617 3962 ministe-

2072 4004 2148 4070 rii
2193 4004 2426 4084 libera,
2473 4017 2536 4070 et
2576 4005 2716 4071 sine
2747 4006 3109 4092 urgentiori
3146 4029 3343 4077 causa
3391 4010 3622 4098 nequit

2070 4120 2355 4206 separari
2389 4141 2424 4185 a
2454 4131 2831 4206 contemptu
2894 4121 3162 4190 fundato
3214 4127 3618 4192 Sacramenti

2072 4239 2135 4303 in
2199 4238 2460 4324 populo,
2533 4239 2724 4325 cujus
2782 4261 2977 4308 causa
3054 4253 3275 4308 essent
3351 4244 3612 4312 Praelati

2070 4599 2432 4668 tractatus3
2514 4602 2578 4656 et
2638 4591 2883 4658 utinam
2944 4594 3187 4660 veritas
3271 4595 3416 4661 sine
3489 4594 3623 4662 zelo

2071 4726 2291 4771 amaro
2322 4717 2385 4772 et
2413 4707 2830 4775 contentione
2863 4729 3036 4776 nunc
3083 4710 3333 4777 dierum
3393 4713 3624 4800 exqui-

2072 4833 2349 4902 reretur,
2389 4844 2506 4890 nec
2558 4823 2963 4911 quaestiones
3030 4840 3362 4894 extraneae
3409 4828 3619 4895 admi-

2072 4950 2432 5019 scerentur,
2505 4960 2655 5026 quae
2732 4940 2955 5027 pietati
3059 4945 3272 5031 magis
3360 4958 3616 5027 nocent,

2071 5074 2264 5139 quam
2338 5055 2669 5142 proposito
2738 5058 3097 5137 accedunt;
3165 5059 3273 5146 qui
3344 5060 3625 5129 voluerit

2074 5169 2400 5257 inquirere
2451 5171 2793 5238 veritatem
2836 5195 2916 5240 ex
2957 5175 3334 5243 Canonibus
3377 5193 3440 5243 et
3499 5181 3621 5245 Pa-

2072 5285 2304 5368 tribuS,
2363 5299 2428 5355 et
2492 5291 2968 5359 consuetudine
3025 5294 3357 5376 Ecclesioe,
3433 5296 3624 5363 facile

2072 5399 2333 5467 obviam
2384 5402 2700 5472 inveniet.

3625 612 3958 677 suscipmndae

3627 676 3953 748 confirmati-

3720 752 3834 789 oms
3846 776 3861 792 .

2071 4354 2446 4424 oscitantes
2494 4356 2615 4423 Sed
2659 4358 2801 4424 haec
2841 4357 3141 4446 relinquo
3190 4361 3620 4429 examinanda
3644 4306 3944 4426 ‘iilfflziintg

2069 4470 2236 4550 aliis,
2309 4472 2387 4537 de
2436 4473 2676 4560 quibus
2729 4474 3040 4562 frequens
3104 4487 3204 4543 est
3271 4481 3617 4546 Doctorum
3689 4439 3927 4546 ‘ssssgfssffi
