4287 6313
631 411 752 473 558

1810 399 1953 462 121ss.
1988 400 2090 461 Ν.
2118 395 2713 464 SRNTENTIARUM

620 569 939 641 Baptismi,
1026 568 1113 624 ita
1172 570 1239 625 ut
1321 567 1647 636 antequam
1734 562 1935 617 altera
2021 569 2170 629 pass
2283 555 2667 631 Similitep
2753 559 3036 653 incipit
3126 564 3206 633 et
3267 557 3565 633 desinit
3643 576 3821 627 esse

622 667 909 735 finiatur,
941 667 1138 723 altera
1196 664 1553 734 inchoetur3
1616 666 1675 719 et
1714 659 1880 716 idem
1941 658 2035 713 est
2088 653 2169 709 de
2275 673 2613 758 debitor,
2661 680 2747 748 ut
2812 681 2892 765 ff·
2964 680 3052 746 ad
3124 680 3318 746 Velle.
3378 680 3424 744 l·
3489 677 3815 745 debitrix·

625 766 948 824 simultate
1001 764 1279 836 partium
1331 763 1397 820 in
1454 761 1599 818 aliis
1665 756 2094 816 sacramentis.

712 1031 827 1103 Ad
884 1033 987 1121 (a)
1030 1030 1274 1105 istam
1338 1027 1866 1121 quaestionem
1915 1022 2161 1115 patet,

350 1116 499 1257 ‚Q2u'ae
626 1147 831 1239 quod
873 1145 1328 1237 requiritur
1378 1143 1780 1221 simultas,
1827 1145 1907 1213 et
1951 1139 2165 1231 prin-

261 1244 583 1376 reffissditi.

629 1379 734 1453 sti
847 1377 1352 1452 instituentis
1448 1378 1613 1449 haec
1726 1376 1878 1447 duo
1994 1380 2163 1448 tan-

626 1517 865 1590 quam
934 1516 1181 1567 unum
1252 1494 1575 1585 signum
1633 1492 2156 1585 completum,

620 1614 715 1687 ad
786 1611 1264 1703 signandum
1324 1610 1725 1690 effectum,
1790 1607 1905 1681 ita
1957 1609 2160 1699 quod

615 1734 997 1803 neutrum
1060 1730 1274 1801 esset
1357 1726 1676 1818 signum
1746 1725 1916 1797 sine
1967 1724 2156 1796 alio.

705 1848 851 1922 Sed
930 1847 1026 1937 (d)
1106 1845 1367 1938 qualis
1468 1843 1894 1917 simultas?
1984 1842 2159 1913 Una

614 1965 889 2057 opinio
978 1984 1224 2056 super
1309 1960 1503 2034 illud
1580 1981 1753 2052 cap.
1845 1962 2153 2038 Detrahe,

602 2078 796 2152 dicit
868 2079 1071 2170 quod
1175 2097 1382 2169 aqua
1461 2095 1602 2168 per
1680 2095 1764 2146 se
1831 2093 1993 2144 non
2032 2076 2154 2145 est

611 2197 1262 2274 Sacramentum,
1358 2191 1487 2263 sed
1578 2190 1890 2281 quando
1969 2210 2157 2262 con-

601 2313 888 2405 juncta
974 2317 1094 2385 est
1160 2332 1344 2384 cum
1394 2310 1668 2392 verb0,
1720 2308 2032 2383 scilicet
2076 2309 2156 2380 in

612 2433 903 2507 ultima
966 2430 1427 2524 prolatione
1496 2427 1752 2520 ipsius
1825 2423 2150 2510 sormae;

611 2555 692 2624 et
732 2549 883 2622 hoc
925 2568 1211 2619 verum
1265 2550 1413 2627 est,
1461 2544 1652 2617 dicit
1703 2543 2148 2635 glossator,

614 2665 1046 2738 secundum
1080 2684 1248 2744 eos,
1300 2662 1741 2734 intantum
1819 2660 2021 2752 quod
2085 2661 2152 2732 si

607 2784 690 2855 in
732 2782 872 2854 illo
915 2779 1257 2853 instanti
1331 2779 1408 2850 in
1460 2798 1613 2870 quo
1676 2777 1943 2849 forma
1994 2780 2150 2851 ter-

609 2899 996 2979 minatur,
1052 2900 1128 2968 et
1209 2914 1257 2965 a
1307 2915 1459 2987 qua
1525 2893 1615 2967 fit
1679 2897 2151 2967 Sacramen-

610 3019 809 3098 tum,
856 3035 1058 3110 puer
1108 3035 1271 3087 non
1335 3015 1548 3084 esset
1594 3012 1673 3084 in
1717 3032 1948 3104 aqua,
1986 3031 2147 3083 non

606 3137 822 3207 esset
889 3131 1373 3225 baptizatus,
1439 3131 1622 3203 Non
1682 3133 1955 3203 tamen
2035 3151 2147 3202 sc-

520 3296 531 3315 ,
609 3250 917 3343 quitur,
982 3249 1185 3342 quod
1244 3247 1522 3319 asinus
1577 3246 1836 3338 possit
1876 3246 2148 3319 bibere

607 3368 1252 3447 Sacramentum,
1317 3364 1522 3454 quod
1570 3367 2145 3453 argumentum

276 3548 352 3599 Re
390 3552 568 3601 when·
609 3480 875 3573 tangit
929 3481 1033 3554 ibi
1077 3485 1369 3553 contra
1432 3479 1993 3571 Gandulphum
2042 3478 2148 3552 di-

286 3567 581 3679 uitpgiossas
614 3603 949 3681 centem,
1038 3598 1244 3690 quod
1342 3618 1551 3688 aqua
1643 3602 1767 3670 est
1863 3600 2143 3670 Sacra-

256 3677 1019 3795 Jurilstarunn‘mentum;
1105 3713 1236 3784 sed
1323 3711 1497 3784 ideo
1558 3732 1719 3783 non
1781 3714 2148 3805 sequitur

610 3836 899 3905 contra
968 3830 1178 3913 illos,
1247 3830 1435 3922 quia
1508 3829 1782 3903 dicunt
1850 3851 2143 3923 aquam

606 3970 783 4021 esse
900 3950 1525 4021 Sacramentum
1642 3950 1960 4020 tantum
2066 3947 2146 4018 in

606 4065 895 4139 ultimo
967 4061 1360 4144 instanti;
1414 4082 1558 4133 nec
1652 4062 1951 4132 mirum
2019 4068 2146 4137 est

602 4184 1038 4258 secundum
1145 4182 1401 4263 illum,
1477 4181 1545 4253 si
1632 4179 1971 4273 incipiat
2065 4188 2146 4258 et

601 4304 917 4376 desinat
991 4322 1168 4374 esse
1248 4300 1328 4371 in
1407 4298 1683 4371 eodem
1776 4298 2138 4382 instanti,

602 4441 788 4494 cum
881 4418 1032 4491 hoc
1113 4416 1221 4492 sit
1320 4415 1687 4509 reperire
1784 4416 1865 4489 in
1956 4416 2141 4490 aliis

599 4537 950 4618 casibus,
992 4533 1429 4608 secundum
1495 4533 1798 4624 legem;
1861 4538 1941 4607 et
2011 4555 2135 4628 po·

598 4654 716 4726 nit
786 4673 1036 4726 unum
1098 4671 1406 4732 casum,
1479 4656 1560 4739 ff.
1624 4652 1707 4717 de
1761 4655 2137 4739 acceptilat.

599 4771 643 4837 l.
707 4770 1117 4858 antepenult.
1190 4768 1269 4837 et
1353 4761 1870 4855 reprehendit
1948 4763 2145 4835 illud

598 4885 1075 4979 exemplum.
1168 4882 1314 4956 Sed
1421 4880 1648 4974 ponit
1737 4879 1952 4952 aliud
2052 4880 2143 4952 de

600 5023 837 5077 servo
924 5002 1111 5075 dato
1185 4997 1424 5079 uxori
1467 5016 1513 5068 a
1563 4996 1772 5079 virO,
1821 4999 1907 5068 ut
1959 5017 2142 5068 eum

600 5118 1154 5195 manumittat.
1221 5117 1431 5189 Nam
1529 5115 1610 5188 in
1677 5116 1959 5187 eodem
2033 5114 2142 5187 in-

603 5238 857 5313 stanti
893 5235 1180 5329 incipit
1221 5239 1301 5309 et
1334 5233 1628 5307 desinit
1676 5233 1973 5305 habere
2022 5234 2145 5305 do-

605 5355 971 5440 minium,
1008 5358 1089 5443 ff.
1140 5355 1220 5420 de
1277 5354 1507 5420 donat.
1572 5355 1750 5419 inter
1810 5356 2030 5420 virum
2086 5364 2146 5419 et

599 5498 900 5543 umorem.
948 5471 1166 5554 Quod
1236 5469 1537 5549 autem,
1600 5472 1881 5556 guttim.
1931 5466 2147 5540 aliud

601 5590 1064 5684 exemplum
1135 5589 1406 5681 potest
1494 5585 1708 5677 poni,
1754 5585 1890 5658 ubi
1965 5586 2146 5677 quis

629 1261 917 1355 cipalis
978 1261 1192 1333 ratio
1272 1266 1396 1334 est
1455 1258 1869 1332 institutio
1933 1255 2165 1331 Chri*

2283 787 2451 858 Illae
2521 790 2718 862 bene
2769 797 3114 882 possunt
3185 812 3366 866 esse
3435 789 3823 883 objectio-

2279 922 2421 975 nes
2504 909 2584 980 et
2687 907 3183 983 subtilitates
3271 908 3817 989 Bernardicae,

2279 1023 2359 1094 et
2421 1022 2739 1113 quidem
2821 1024 3024 1098 satis
3095 1025 3459 1110 asininae,
3540 1026 3825 1099 timen-

2275 1133 2370 1205 do
2432 1157 2529 1209 ne
2584 1138 2862 1212 asinus
2910 1140 3129 1215 bibat
3173 1145 3818 1225 Sacramentum,

2283 1255 2467 1346 quia
2545 1274 2755 1347 aqua
2830 1277 3088 1350 neque
3166 1263 3353 1332 antc
3431 1259 3823 1353 ‘prolatio-

2281 1390 2464 1443 nem
2529 1373 2995 1456 verborum,
3068 1396 3212 1448 nec
3286 1377 3366 1448 in
3430 1375 3821 1469 prolatio-

2278 1508 2400 1570 nc,
2454 1509 2598 1563 nec
2694 1490 2777 1563 in
2862 1491 3153 1564 ultimo
3235 1493 3598 1575 instanti,
3693 1513 3821 1565 ne·

2276 1629 2424 1699 que
2483 1603 2845 1685 breviter·
2885 1633 3264 1704 unquam,
3331 1634 3584 1705 neque
3645 1613 3818 1685 sine

2275 1722 2572 1804 verbis,
2639 1725 2761 1797 vel
2850 1747 3033 1798 cum
3111 1728 3410 1811 verbis,
3472 1733 3598 1802 est
3677 1732 3818 1803 Sa-

2275 1844 2809 1925 cramentum,
2876 1845 3006 1916 sed
3077 1845 3255 1938 ipsa
3341 1845 3651 1919 ablutio
3730 1847 3813 1920 in

2271 1975 2506 2047 aqua,
2568 1960 2649 2031 et
2714 1959 2809 2030 ad
2874 1959 3298 2033 bibendum
3369 1961 3595 2034 illam
3656 1982 3816 2034 non

2275 2077 2543 2162 potest
2587 2075 2868 2148 venire
2926 2076 3223 2169 aliquis
3291 2078 3598 2152 asinus.
3645 2081 3810 2152 Nec

2272 2187 2432 2260 ista
2552 2190 2929 2265 simultas
3039 2195 3308 2269 ultimi
3427 2197 3813 2270 instantis

2271 2307 2761 2397 prolationis
2881 2312 3324 2386 verborum
3428 2318 3509 2389 et
3596 2316 3810 2388 ablu·

2264 2420 2538 2504 tionis,
2605 2428 2730 2499 est
2780 2428 3274 2511 necessaria,
3348 2450 3538 2502 nam
3601 2434 3806 2523 Apo·

2270 2538 2459 2611 stoli
2511 2539 3018 2633 baptizantes
3077 2545 3242 2618 tria
3314 2546 3576 2619 millia
3651 2567 3809 2619 uno

2264 2653 2411 2735 die,
2472 2659 2614 2724 Act.
2694 2660 2760 2729 2.
2843 2680 3004 2732 non
3066 2681 3391 2754 semper
3449 2682 3634 2736 cum
3701 2663 3811 2734 ul-

2267 2770 2467 2844 tima
2530 2775 2843 2865 syllaba
2902 2776 3192 2851 formae
3244 2785 3803 2872 asperserunt,

2264 2885 2378 2957 ita
2463 2891 2667 2979 quod
2734 2894 2929 2965 tunc
2999 2913 3211 2986 aqua
3266 2893 3631 2986 tetigerit
3677 2896 3809 2967 ba-

2265 3001 2686 3094 ptizatum.

2350 3121 2568 3203 Quod
2635 3123 2885 3198 etiam
2982 3125 3153 3219 ipse
3213 3126 3556 3212 adducit,
3647 3129 3806 3202 vir·
3979 3162 4039 3212 3,

2265 3240 2520 3311 tutem
2591 3241 2948 3334 aliquam
3026 3264 3205 3315 esse
3285 3245 3366 3316 in
3444 3265 3656 3338 aqua
3725 3248 3805 3320 in
3839 3224 4190 3274 P⁶r¹¹¹⁸¹¹⁹¹¹⁸

3891 3289 4121 3358 quaudo

2263 3355 2550 3429 ultimo
2648 3357 3015 3444 instanti,
3089 3366 3168 3435 et
3238 3363 3522 3436 statim
3605 3348 4186 3462 desi-‘¹³⁸¹ssiggss‘22

2261 3493 2478 3556 nere,
2579 3475 2780 3548 nihil
2856 3481 2983 3551 est
3080 3480 3416 3573 proprie
3503 3477 4191 3603 intelli-‘³¹⁵‘ivn‘fffj‘fgdo

2261 3592 2514 3681 gendo
2624 3595 2895 3675 verba,
3009 3596 3196 3688 quia
3314 3618 3802 3689 permanens
3864 3613 4000 3657 ⁶⁸⁵0·
4047 3607 4158 3653 0⁸¹*

2262 3709 2573 3800 quando
2664 3710 2960 3785 desinit
3075 3733 3279 3795 esse,
3398 3735 3557 3786 non
3651 3719 3799 3799 est,

2262 3825 2574 3915 quando
2672 3826 2956 3919 incipit
3036 3850 3240 3911 esse,
3324 3835 3492 3913 est;
3564 3831 3806 3905 habet

2257 3941 2472 4013 enirn
2524 3942 2879 4033 primurn
2941 3944 3065 4016 sui
3129 3969 3285 4029 esse,
3330 3951 3410 4020 et
3489 3968 3647 4019 non
3690 3948 3808 4020 ul-

2259 4058 2601 4140 timum;
2657 4079 2856 4151 ergo
2895 4060 2963 4132 si
3017 4062 3260 4133 simul
3324 4063 3663 4157 incipiat
3726 4071 3806 4138 et

2254 4174 2591 4256 desinat,
2687 4177 2930 4249 simul
3016 4183 3142 4252 est
3231 4184 3311 4253 et
3390 4201 3550 4252 non
3647 4187 3797 4256 est.

2259 4290 2423 4362 Nec
2506 4289 2701 4363 illud
2781 4296 3110 4384 oportet
3202 4298 3547 4386 propter
3623 4293 3800 4377 hoc,

2255 4408 2343 4478 ut
2419 4425 2578 4478 non
2632 4411 3052 4480 remaneat
3112 4408 3381 4483 virtus
3453 4410 3534 4482 in
3599 4431 3807 4503 aqua

2260 4526 2440 4613 post
2508 4528 2780 4596 actum
2857 4523 3343 4616 baptizandi,
3409 4527 3594 4618 quia
3663 4547 3806 4598 nec

2257 4638 2532 4730 aliqua
2573 4638 2833 4713 virtus
2872 4643 3001 4714 est
3071 4640 3152 4712 in
3197 4661 3425 4733 aqua,
3494 4642 3808 4733 quando

2260 4758 2446 4827 actu
2482 4755 2902 4847 baptizans
2935 4758 3200 4830 utitur
3239 4779 3358 4840 ea,
3398 4759 3605 4831 sicut
3640 4762 3799 4833 tac·

2263 4875 2434 4943 tum
2464 4875 2613 4956 est,
2651 4877 2809 4943 dist.
2858 4878 2921 4946 1.
2950 4895 3094 4948 nec
3132 4875 3293 4947 illae
3326 4877 3810 4975 concordan-

2262 4988 2398 5060 tiae
2435 4989 2639 5081 legis
2682 4991 3027 5084 probant
3064 4991 3269 5064 idem
3306 4992 3663 5084 incipere
3710 4991 3810 5064 si-

2262 5105 2425 5176 mul
2483 5109 2560 5178 et
2612 5106 3005 5190 desinere,
3071 5109 3205 5181 sed
3236 5108 3531 5183 habent
3573 5128 3808 5181 suum

2261 5224 2797 5307 intellectum,
2873 5247 3028 5317 quo
3122 5227 3356 5300 modo
3434 5227 3807 5300 dominus

2263 5342 2424 5414 alio
2453 5342 2686 5415 modo
2723 5341 3007 5435 incipit
3038 5341 3336 5416 habere
3365 5343 3807 5418 dominium

2265 5460 2482 5531 servi
2540 5457 2705 5531 dati
2772 5458 3038 5541 uxori,
3099 5480 3343 5551 quam
3396 5461 3626 5552 prius
3677 5461 3806 5534 ha·

2260 5576 2460 5658 buit,
2497 5578 2577 5650 et
2634 5576 2932 5650 desinit
2991 5575 3290 5649 habere
3383 5598 3479 5650 eo
3570 5580 3802 5653 modo
