4287 6313
341 3046 380 3055 2
409 3118 414 3125 .
445 3060 458 3081 ν
563 3025 936 3099 mentale.

225 4779 513 4830 Secundum

228 4842 291 4892 D.
316 4844 505 4896 Thom.

233 4906 531 4955 Sacramen-

313 4973 421 5018 tum

337 5035 415 5079 est

285 5107 438 5144 causa

222 5154 527 5207 instrumen-

303 5219 438 5279 talia,

331 5283 394 5332 nd

229 5344 490 5396 characte-

307 5423 437 5470 rem,

325 5472 403 5521 vel

243 5540 497 5587 ornatum.

574 418 602 483 l'
615 416 686 482 42

560 580 889 657 salit-ate
962 603 1280 657 eorum*
1337 585 1711 676 respectu
1782 585 2097 677 gratiae,

556 702 806 792 patet,
871 700 1058 791 quia
1127 720 1270 794 per
1330 698 1482 773 hoc
1571 704 2103 775 Sacramenta

556 835 784 888 novae
853 817 1055 907 legis
1106 822 1186 891 et
1249 818 1548 892 veteris
1604 817 2103 910 distinguun-

557 933 720 1014 tur,
764 935 852 1005 ut
892 931 1192 1005 dicitur
1233 932 1312 1005 in
1356 932 1661 1006 littera.
1711 933 1790 1006 Si
1833 936 2103 1006 autem

561 1051 638 1118 et
709 1047 877 1122 haec
945 1055 1024 1123 et
1087 1049 1228 1121 illa
1299 1052 1616 1123 tantum
1681 1049 2104 1141 signarent

559 1165 941 1255 gratiam,
987 1165 1177 1240 licet
1248 1165 1404 1238 ista
1468 1170 1799 1257 possent
1855 1166 2105 1259 perfe-

554 1281 768 1354 ctius
837 1283 1166 1374 signare
1262 1303 1500 1376 quam
1595 1283 1762 1366 illa,
1828 1288 2104 1357 tamen

550 1416 710 1468 non
805 1405 1019 1472 esset
1114 1398 1531 1473 distinctio
1621 1400 1701 1471 in
1787 1399 2106 1473 ratione

555 1533 848 1596 causae,
921 1517 1000 1588 et
1060 1534 1221 1586 non
1288 1536 1595 1597 causae;
1660 1536 1820 1587 non
1888 1516 2104 1588 enim

553 1634 769 1703 esset
809 1629 1250 1713 distinctio,
1312 1631 1470 1704 nisi
1537 1652 1678 1724 per
1736 1630 1984 1704 aliam
2025 1636 2107 1705 et

560 1745 809 1819 aliam
908 1746 1312 1821 rationem
1408 1748 1802 1839 signandi,
1899 1749 2108 1840 quod

559 1862 784 1934 nullo
834 1864 1064 1935 modo
1126 1863 1415 1936 tribuit
1461 1864 1865 1937 rationem
1925 1884 2110 1936 cau-

560 1980 811 2052 sandi.
893 1980 1262 2062 Qualiter
1337 1999 1537 2071 ergo
1637 1985 2106 2054 Sacramen-

559 2097 734 2168 tum
771 2096 875 2169 sit
917 2117 1164 2169 causa
1205 2098 1520 2189 gratiae,
1560 2098 1894 2190 ponitur
1935 2097 2050 2170 sic
2086 2122 2101 2167 ε

564 2211 751 2302 quia
817 2211 1173 2286 efficiens
1258 2213 1792 2302 distinguitur
1858 2213 2109 2306 dupli-

560 2325 792 2400 citer.
838 2327 1011 2399 Uno
1059 2328 1291 2399 modo
1344 2348 1442 2398 ex
1487 2330 1719 2419 parte
1761 2325 2104 2403 effectus

559 2441 640 2512 in
699 2442 1295 2535 dispositivum,
1373 2444 1579 2535 quod
1648 2443 1951 2524 inducit
2001 2442 2105 2515 ef-

557 2557 856 2630 fectum
945 2559 1363 2651 praevium,
1497 2562 1576 2632 et
1675 2559 1755 2631 in
1843 2559 2105 2652 perfe-

557 2676 907 2758 ctivum,
1014 2678 1222 2769 quod
1327 2676 1630 2751 inducit
1723 2676 2105 2751 effectum

562 2792 1119 2885 principalem.
1194 2793 1373 2865 Alio
1431 2793 1660 2866 modo
1719 2814 1819 2865 ex
1871 2797 2108 2885 parte

557 2908 1011 2991 efficientis,
1069 2909 1148 2980 in
1193 2909 1643 3002 principale
1685 2914 1763 2983 et
1808 2909 2106 2984 instru-

1072 3028 1719 3100 Instrumentum
1834 3031 2108 3099 autem

559 3141 958 3235 duplicem
1049 3142 1286 3217 habet
1357 3143 1798 3226 actionem,
1864 3164 2107 3215 unam

561 3279 660 3330 ex
735 3262 1038 3333 natura
1107 3259 1468 3353 propria,
1552 3260 1800 3331 aliam
1867 3263 2107 3352 prout

562 3378 875 3448 motum
952 3378 1075 3448 est
1145 3394 1191 3447 a
1262 3373 1690 3467 principali
1770 3380 2105 3466 agente;

558 3493 639 3563 et
700 3489 1012 3583 quando
1072 3489 1310 3563 habet
1352 3490 1810 3571 secundam,
1870 3488 2114 3563 simul

555 3603 795 3679 habet
837 3610 917 3679 et
952 3606 1328 3698 primam,
1374 3607 1453 3677 et
1497 3625 1640 3697 per
1683 3606 2112 3682 secundam

558 3719 894 3812 attingit
964 3721 1056 3793 ad
1109 3720 1413 3812 aliquid
1467 3721 1689 3795 ultra
1742 3720 1959 3803 illud,
2014 3720 2110 3793 ad

560 3837 764 3930 quod
824 3838 1158 3930 attingit
1228 3858 1373 3930 per
1453 3837 1828 3930 primam,
1902 3837 2106 3910 alias

558 3973 718 4026 non
778 3959 993 4027 esset
1036 3943 1718 4035 instrumentum3
1774 3956 1852 4025 et
1912 3954 2108 4032 illud

560 4069 654 4141 ad
723 4071 928 4162 quod
1016 4070 1351 4161 attingit
1430 4090 1576 4162 per
1649 4071 2102 4153 secundam,

563 4205 735 4278 quae
808 4189 934 4260 est
981 4187 1156 4279 ejus
1234 4185 1714 4278 inquantum
1794 4189 2106 4259 motum

556 4304 707 4386 est,
752 4302 879 4376 vel
940 4302 1603 4383 instrumentum,
1668 4301 2102 4394 aliquando

563 4421 687 4490 est
739 4417 1141 4491 terminus
1212 4417 1701 4510 principalis
1749 4416 2101 4509 agentis,

562 4532 999 4626 aliquando
1032 4536 1158 4607 est
1191 4537 1505 4608 tantum
1544 4533 1973 4626 dispositio
2008 4533 2103 4605 ad

563 4649 791 4721 illum
835 4649 1304 4722 terminum.

649 4766 764 4839 Ad
851 4765 1391 4859 propositum,
1478 4786 1686 4858 aqua
1748 4786 1891 4858 per
1945 4766 2106 4839 for-

563 4901 780 4954 mam
906 4902 1135 4954 suam
1248 4884 1711 4956 naturalem
1864 4881 2102 4955 habet

561 4997 1127 5089 operationem
1225 4995 1685 5090 propriam,
1793 4996 2104 5070 scilicet

560 5114 889 5187 abluere
973 5112 1098 5185 vel
1192 5112 1691 5187 madefacere
1776 5133 2102 5207 corpuS.

556 5232 918 5307 Ulterius
959 5235 1233 5306 autem
1301 5230 1778 5322 inquantum
1819 5232 1941 5301 est
1993 5229 2105 5301 in-

559 5351 1106 5423 strumentum
1167 5346 1455 5420 divinae
1495 5347 2102 5432 misericordiae,

562 5469 800 5542 habet
867 5463 1250 5541 effectum
1349 5465 1856 5550 ulteriorem,
1947 5486 2106 5538 non

557 5585 872 5680 quidem
914 5584 1010 5657 ad
1053 5583 1878 5675 gratiam,‚tanquam
1916 5603 2098 5656 eam

1836 422 1980 485 [ΑΒ.
2015 420 2115 487 IV.
2165 415 2776 491 SENTEN'HARUM

2218 584 2571 678 attingat
2631 588 2881 662 etiam
2951 589 3031 661 in
3088 587 3398 662 virtute
3470 582 3765 679 princi-

2218 701 2428 792 palis
2522 704 2866 795 agentis,
2972 705 3105 778 sed
3199 704 3293 776 ad
3351 703 3766 797 dispositi—

2221 838 2452 890 onem
2541 820 2959 911 praeviam,
3042 820 3367 914 quaein
3450 819 3769 913 quibus-

2217 928 2398 1001 dam
2486 931 3039 1005 Sacramentis
3106 937 3230 1005 est
3304 931 3763 1011 character,

2221 1045 2301 1117 in
2361 1046 2833 1138 quibusdam
2893 1055 3019 1123 est
3071 1049 3365 1143 aliquis
3428 1053 3769 1123 ornatus

2220 1162 2510 1236 animae
2556 1166 3234 1258 proportionatus
3276 1167 3766 1241 characteri.

2222 1280 2351 1353 Sic
2448 1300 2647 1372 ergo
2738 1287 3356 1357 Sacramentum
3460 1284 3764 1359 instru-

2223 1397 2692 1469 mentaliter
2750 1419 2911 1471 non
2979 1398 3152 1490 agit
3185 1401 3277 1471 ad
3364 1400 3761 1490 gratiam,

2221 1513 2354 1586 sed
2408 1513 2907 1607 dispositive,
2955 1515 3143 1608 quia
3192 1537 3335 1588 nec
3379 1537 3523 1609 per
3571 1515 3763 1590 acti-

2224 1648 2482 1711 onem,
2546 1651 2721 1721 quae
2769 1635 2895 1705 est
2960 1631 3137 1723 ejus
3200 1637 3584 1725 tanquam
3656 1632 3765 1703 in·

2222 1749 2796 1834 strumentum,
2887 1747 3221 1839 attingit
3293 1749 3542 1829 illam,
3635 1747 3767 1820 sed

2217 1860 2833 1955 dispositionem
2886 1863 3302 1956 praeviam.
3347 1864 3446 1933 Et
3491 1880 3769 1935 secun⁶

2218 1980 2403 2051 dum
2491 1978 2695 2053 istos
2781 1980 2996 2054 istud
3097 1985 3224 2055 est
3321 1999 3762 2053 consonum

2218 2094 2430 2168 dicto
2485 2095 2863 2187 Magistri
2910 2094 2991 2168 in
3032 2096 3339 2177 littera,
3396 2094 3527 2187 qui
3569 2095 3765 2168 dicit

2221 2208 2425 2301 quod
2480 2192 2749 2283 homo⁵
2808 2231 2968 2283 non
3046 2211 3341 2303 quaerit
3419 2210 3763 2283 salutem

2219 2343 2266 2396 a
2326 2327 2903 2411 SacramentiS,
2983 2328 3214 2419 quasi
3274 2328 3372 2399 ab
3428 2328 3572 2408 eis,
3635 2326 3768 2399 sed

2220 2459 2368 2531 per
2423 2463 2519 2515 ea
2579 2462 2625 2515 a
2690 2445 2887 2527 De0‚
2951 2441 3117 2516 haec
3180 2442 3394 2516 enim
3458 2461 3767 2535 praepo-

2220 2557 2411 2630 sitio
2451 2584 2515 2641 a,
2559 2559 2893 2634 denotat
2941 2579 3271 2632 causam
3335 2561 3709 2649 agentem
3747 2581 3762 2637 ;

2213 2693 2338 2758 per
2387 2690 2584 2744 vero
2619 2676 2853 2746 notat
2894 2692 3228 2746 causam
3273 2672 3764 2746 instrumen-

2218 2786 2496 2860 talem.

2667 3042 3327 3107 COMMENTARIUS.

2307 3261 2396 3351 (a)
2452 3262 2532 3329 In
2579 3264 2728 3329 istis
2780 3264 3249 3350 quoestionibus
3301 3275 3394 3330 est
3432 3286 3570 3331 una
3625 3268 3769 3351 opes-
3923 3311 3977 3362 2.

2217 3380 2350 3458 nio,
2397 3393 2518 3446 etc.
2569 3383 2684 3446 Hic
2741 3381 3043 3467 proponit
3085 3384 3321 3447 Doctor
3376 3381 3767 3449 sententiam

2216 3497 2289 3562 D.
2326 3496 2599 3561 Thomae
2628 3495 2839 3582 quoad
2873 3496 3156 3582 primum
3186 3497 3566 3583 quaesitum,
3602 3497 3772 3564 sicut

2216 3622 2278 3677 et
2351 3612 2384 3694 5
2454 3611 2754 3698 sequenti
2834 3612 3103 3698 exponit
3160 3611 3537 3697 opinionem
3626 3613 3770 3701 ejus

2218 3728 2429 3814 quoad
2470 3727 2857 3795 secundum.
2896 3731 3071 3814 Lege
3105 3729 3353 3795 scholia
3402 3729 3469 3795 in
3534 3730 3770 3816 quibus

2218 3856 2393 3911 recte
2457 3844 3107 3932 comprehenduntur
3176 3845 3630 3912 conclusiones
3704 3857 3771 3912 et

2220 3970 2467 4026 asserta
2535 3962 2710 4047 ejus,

2307 4076 2629 4140 Caeterum
2661 4086 3010 4162 antequam
3047 4074 3322 4142 ulterius
3384 4075 3765 4163 progredia-
3802 4117 4139 4173 Defendimu-

2222 4209 2391 4269 mur,
2436 4189 2803 4275 exponendi
2849 4202 3004 4256 sunt
3047 4191 3332 4257 breviter
3364 4191 3525 4257 varii
3562 4192 3761 4270 modi,
3822 4185 4090 4296 802ὲῖἳᾶ

2219 4304 2459 4390 quibus
2502 4304 2607 4370 illa
2665 4304 3013 4370 causalitas
3063 4304 3335 4391 physica
3382 4308 3762 4373 Sacramen-
3859 4308 4050 4358 modis.

2219 4429 2432 4486 torum
2457 4421 2536 4485 ab
2567 4420 3004 4487 assertoribus
3037 4421 3428 4501 defenditur,
3459 4434 3525 4488 et
3575 4423 3763 4490 redu-

2219 4535 2276 4602 ci
2314 4547 2524 4622 potest
2561 4536 2640 4602 ad
2666 4548 2944 4623 quatuor
2976 4536 3225 4603 modos.
3265 4537 3524 4604 Primus
3554 4550 3655 4605 est
3687 4544 3758 4606 D.
3853 4569 4070 4623 Primus

2220 4651 2491 4719 Thomae
2537 4653 2613 4717 in
2652 4656 2717 4717 4.
2763 4652 2830 4717 d.
2873 4657 2933 4717 1.
2979 4674 3041 4739 q.
3082 4658 3142 4719 1.
3177 4663 3307 4719 are.
3346 4658 3410 4720 4.
3447 4665 3507 4720 et
3539 4675 3601 4740 q.
3646 4658 3761 4723 27.
3792 4635 4155 4752 Dfffffoffgae.

2219 4771 2300 4836 dc
2343 4770 2625 4837 Ver-itate
2662 4783 2792 4837 arc.
2840 4772 2905 4841 4.
2949 4773 3039 4837 ad
3080 4776 3145 4838 3.
3192 4786 3257 4840 et
3295 4795 3445 4841 eum
3478 4776 3766 4861 explicat

2221 4889 2452 4952 Doctor
2485 4886 2548 4951 in
2590 4886 2824 4966 littera,
2863 4906 3120 4972 nempe,
3160 4890 3574 4956 Sacramenta
3615 4910 3767 4957 cau-

2219 5017 2365 5065 sare
2402 5000 2707 5086 gratiam,
2762 5020 2890 5066 non
2933 4998 3105 5087 quod
3163 5000 3489 5089 attingant
3539 5003 3764 5089 physi-

2218 5136 2292 5182 ce
2320 5115 2657 5182 entitatem
2699 5116 2934 5202 gratiae
2965 5136 3114 5202 quae
3148 5131 3429 5198 creatur,
3464 5119 3576 5186 sed
3613 5140 3766 5205 pro-

2217 5231 2457 5298 ducant
2480 5223 2778 5317 'aliquam
2822 5230 3281 5317 dipositionem
3318 5236 3656 5320 proeviam,
3699 5211 4129 5338 εῑάξζζξῆξξε

2220 5350 2405 5437 quasi
2458 5349 2953 5415 necessitantem
3004 5348 3081 5414 ad
3123 5349 3425 5436 gratiam,
3482 5364 3552 5419 ut
3606 5354 3765 5421 cha-
3792 5339 4171 5453 {iffi-23:39⁰

2220 5477 2534 5531 racterem
2568 5466 2633 5530 in
2672 5464 2778 5543 iis,
2825 5485 2972 5550 quae
3019 5464 3459 5532 characterem
3530 5468 3764 5556 impri-
3892 5477 4030 5575 Ἐξ,

2217 5594 2431 5661 munt,
2486 5580 2589 5648 vel
2657 5591 2957 5648 ornatum
3039 5582 3385 5671 quemdam
3453 5584 3759 5670 spiritua·
3809 5596 4084 5643 ornatum.
