4287 6313
537 379 659 443 402

546 540 705 617 fide,
767 559 852 607 ex
891 541 1183 608 Trident.
1227 561 1377 608 sess.
1407 545 1472 619 7,
1526 543 1610 605 de
1658 547 2105 607 sacramentis

546 662 617 724 in
656 680 911 740 ywere,
945 680 1087 726 can.
1133 664 1198 726 6.
1241 665 1303 725 7.
1340 667 1397 725 et
1425 665 1491 728 8.
1522 663 1729 725 Minor
1758 663 2095 743 probatur,

549 781 702 860 quia
745 796 879 844 non
925 787 1027 844 est
1068 781 1506 861 repugnantia
1537 779 1890 842 voluntatis
1934 794 2096 840 con-

552 899 791 970 trarlae,
849 913 984 958 non
1052 898 1155 958 est
1196 900 1545 974 peccatum
1594 896 1875 970 actuale,
1920 893 2097 973 quod

297 1025 448 1077 Nulla
549 1014 755 1094 exigit
796 1014 1273 1093 poenitentiam,
1335 1013 1548 1075 solum
1596 1017 1698 1074 est
1741 1016 2094 1090 peccatum

226 1100 523 1202 repugnan-
549 1130 907 1210 originale„
955 1129 1134 1209 quod
1190 1146 1323 1192 non
1385 1135 1485 1191 est
1554 1128 1727 1191 obex
1790 1135 2099 1206 respectu

198 1217 275 1261 ⁰⁸²
303 1209 514 1327 iiggantis
550 1247 877 1326 Baptismi,
924 1251 1073 1328 quia
1118 1246 1203 1308 ad
1260 1248 1406 1328 eJus
1458 1246 1856 1308 deletionem
1898 1247 2100 1308 habet

236 1338 478 1402 gratiam,
549 1362 909 1426 efficaciam
970 1381 986 1435 ;
1046 1380 1180 1425 non
1236 1365 1456 1426 obstat
1520 1361 1815 1423 defectus
1899 1362 2089 1424 liberi

544 1479 814 1552 arbitrii,
846 1487 919 1542 ut
951 1485 1129 1557 patet
1161 1497 1241 1542 ex
1273 1478 1483 1550 dicti3‚
1518 1479 1670 1557 quia
1704 1484 1857 1539 sunt
1890 1496 2092 1556 capa-

545 1612 657 1657 ces
687 1595 956 1677 gloriae;
1007 1612 1165 1676 ergo
1215 1600 1281 1657 et
1309 1594 1706 1672 adoptionis,
1769 1608 1915 1670 quae
1971 1606 2093 1654 ne-

548 1697 691 1791 quit
750 1715 1133 1792 contingere
1193 1729 1313 1790 per
1370 1712 1582 1774 solam
1635 1712 2096 1774 remissionem

544 1832 802 1908 peccati
833 1829 1195 1909 originaliS,
1241 1831 1411 1891 sicut
1454 1845 1677 1908 neque
1724 1844 1844 1906 per
1886 1827 2094 1888 solam

543 1946 1001 2010 remissionem
1058 1947 1313 2024 peccati
1375 1947 1757 2008 inseruntur
1812 1945 2092 2017 Christ0,

546 2063 667 2124 sed
700 2079 819 2141 per
847 2063 1122 2143 gratiam
1156 2060 1530 2141 adoptionis
1574 2060 1876 2134 filiorum,
1926 2077 2085 2140 ergo

545 2180 1108 2257 recipiuntipsam
1164 2179 1475 2257 gratiam;
1529 2176 1771 2239 deinde
1815 2179 2096 2255 possunt

544 2298 777 2362 salvari
809 2315 928 2377 per
954 2299 1364 2378 martyrium,
1410 2301 1477 2357 et
1507 2297 1836 2373 Baptismo
1880 2293 2086 2355 flami·

546 2417 669 2489 niS,
704 2431 863 2495 ergo
908 2417 1065 2475 sunt
1095 2428 1375 2491 capaces
1417 2412 1667 2491 gratiae.

191 2554 516 2607 Confirmatio
626 2531 1002 2595 Contirmari
1053 2536 1271 2611 potest
1319 2547 1402 2592 ex
1451 2527 1926 2590 consuetudine
1958 2528 2094 2605 pri-

209 2632 500 2732 ⁰{Jcss‘22oe‘
543 2648 773 2713 mitivae
816 2646 1152 2721 Ecclesiae,
1197 2663 1345 2725 quae
1394 2648 1753 2709 etiamnum
1783 2646 1849 2706 in
1877 2646 2093 2708 Eccle-

538 2767 632 2828 sia
679 2767 895 2829 Graeca
945 2766 1383 2837 continuatur,
1445 2763 1730 2826 infantes
1789 2780 2085 2825 commu·

538 2881 828 2959 nicandi,
891 2882 1185 2960 quamvis
1217 2883 1283 2943 in
1330 2880 1616 2941 Ecclesia
1665 2879 1888 2941 Latina
1951 2894 2089 2941 ces-

538 3000 703 3060 savit
760 2999 843 3059 ob
874 2996 1317 3059 reverentiam
1362 2995 1792 3058 sacramenti.
1840 2995 2086 3056 Eucha-

537 3115 716 3178 ristia
770 3118 998 3177 autem
1047 3129 1130 3175 ex
1172 3113 1472 3192 primaria
1532 3112 1963 3186 institutione,
2025 3115 2092 3173 et

539 3246 659 3307 per
689 3245 782 3301 se,
810 3243 945 3291 non
976 3229 1318 3291 ordinatur
1345 3226 1432 3288 ad
1456 3225 1925 3289 conferendam
1960 3230 2088 3305 pri·

542 3361 716 3407 mam
771 3346 1072 3425 gratiam,
1144 3344 1266 3406 sed
1321 3350 1754 3424 augmentum
1815 3344 1960 3422 ejus
2020 3348 2087 3405 et

187 3466 493 3539 Qommunio
541 3463 995 3535 nutritionem;
1067 3478 1225 3543 ergo
1283 3462 1420 3524 haec
1468 3459 1876 3523 consuetudo
1924 3478 2079 3538 sup-

211 3530 479 3587 infantum,
539 3579 833 3657 ponebat
862 3596 940 3642 ex
986 3576 1314 3640 communi
1347 3592 1547 3639 sensu
1591 3573 1912 3647 Ecclesiae,
1967 3591 2083 3637 eos

536 3696 867 3773 recepisse
897 3696 1175 3774 gratiam
1206 3695 1476 3771 primam
1508 3709 1627 3771 per
1654 3693 2081 3771 Baptismum,

533 3809 897 3873 secundam
928 3826 1047 3889 per
1076 3809 1570 3882 Eucharistiam,
1606 3810 1757 3887 quia
1788 3808 2079 3886 alioquin

530 3942 753 4005 neque
800 3927 1172 3988 communio
1234 3931 1409 3988 esset
1466 3925 1667 3997 licita,
1721 3941 1943 4003 neque
1974 3923 2077 3986 ul-

529 4044 632 4105 lus
678 4042 822 4123 ejus
850 4041 998 4104 finis
1029 4041 1349 4122 assignari
1379 4047 1627 4118 posset,
1661 4040 1867 4101 sinon
1903 4043 2080 4102 esset

527 4158 892 4237 fructuosa,
926 4166 998 4222 ut
1052 4177 1171 4221 suo
1236 4160 1379 4221 loco
1440 4157 1789 4231 videbitur,
1852 4162 2073 4220 contra

532 4276 858 4357 quosdam
919 4281 1292 4338 asserentes
1342 4274 1546 4339 fuisse
1604 4272 2074 4337 infructuosam

175 4448 505 4506 Confirmatio
532 4395 755 4474 quoad
800 4395 1113 4458 effectum
1149 4394 1394 4474 gratiae.
1442 4391 1818 4456 Confirmari
1879 4394 2075 4455 etiam

204 4512 478 4567 infantum.
527 4515 809 4589 possunt
853 4507 1161 4583 infantes,
1218 4514 1283 4570 et
1313 4508 1551 4580 solent,
1604 4513 1961 4588 antequam
1992 4508 2076 4570 ad

524 4640 733 4688 annos
793 4623 1206 4687 discretionis
1263 4625 1724 4701 pervenerint;
1791 4639 1949 4702 ergo
2008 4629 2074 4685 et

522 4743 848 4820 recipiunt
918 4740 1227 4802 effectum
1304 4740 1727 4812 sacramenti,
1824 4741 2074 4804 scilicet

518 4862 822 4936 gratiam,
868 4857 1158 4934 alioquin
1190 4872 1322 4918 non
1368 4855 1714 4933 expediret
1744 4873 1858 4919 eos
1922 4873 2072 4919 con-

517 4972 801 5044 firmare,
865 4970 1077 5035 donec
1144 4976 1368 5033 essent
1426 4987 1703 5049 capaces
1766 4973 2065 5050 effectuS,

518 5088 699 5170 quod
772 5086 1048 5167 perinde
1124 5085 1247 5149 dici
1322 5091 1549 5166 posset
1624 5086 1706 5150 de
1776 5089 1919 5166 ipso
1952 5092 2068 5151 Ba-

526 5206 788 5286 ptismo.

595 5318 788 5396 Quod
849 5317 903 5379 si
976 5317 1218 5379 dixeris
1268 5316 1579 5380 effectum
1636 5322 1859 5398 gratiae
1906 5322 2065 5398 ipsis

506 5432 814 5501 conferri,
862 5447 1012 5492 cum
1045 5434 1322 5508 primum
1366 5430 1453 5491 ad
1506 5448 1716 5493 annos
1770 5431 2060 5495 discreti·

499 5551 638 5617 onis
668 5548 1116 5628 pervenerint,
1157 5550 1282 5609 nisi
1315 5553 1565 5625 ponant
1600 5548 1885 5623 obicem,
1922 5565 2055 5627 quo

274 5333 359 5385 26.

153 5395 461 5461 itespousio.

1783 381 1928 444 1218.
1977 382 2077 445 tv,
2123 382 2732 450 SENTENTIARUM

2217 547 2412 608 etiam
2459 547 2716 610 sublato
2761 547 2956 612 datur
3000 551 3211 632 gratia
3255 552 3479 619 debita
3524 555 3759 622 Sacra-

2214 670 2464 738 ment0,
2515 672 2588 728 ut
2636 668 2974 748 contingit,
3011 670 3201 750 juxta
3236 679 3570 753 receptam
3609 693 3758 739 sen·

2211 781 2485 843 tentiam
2542 783 2607 844 in
2637 782 2786 845 ficto
2847 785 3190 863 baptizato,
3227 796 3292 853 et
3340 808 3494 854 mox
3536 795 3751 871 poeni-

2212 904 2416 962 tente.
2474 899 2731 978 Contra,
2794 902 3114 983 quidquid
3173 906 3253 968 sit
3311 906 3395 969 de
3425 909 3756 986 Baptismo

2211 1017 2295 1077 ob
2352 1017 2809 1079 remissionem
2890 1022 3167 1096 peccati,
3239 1024 3472 1086 saltem
3532 1026 3750 1104 praxis

2210 1122 2322 1183 illa
2348 1125 2874 1188 communicandi
2898 1129 3226 1205 parvulOS,
3261 1135 3329 1191 et
3359 1131 3749 1196 confirman-

2214 1239 2305 1313 di,
2353 1241 2476 1302 nisi
2532 1241 2911 1319 reciperent
2953 1245 3263 1306 effectum
3323 1247 3753 1324 Sacramenti,

2213 1362 2392 1418 esset
2453 1356 2722 1432 inutilis,
2786 1361 2936 1438 quia
3004 1376 3224 1440 neque
3301 1362 3386 1425 ad
3450 1381 3757 1428 reveren-

2211 1473 2366 1533 tiam
2438 1473 2863 1550 sacramenti,
2937 1494 3158 1556 neque
3207 1477 3288 1539 ad
3350 1477 3633 1543 fructum
3691 1487 3761 1544 et

2211 1587 2580 1667 profectum
2665 1591 3042 1669 recipientis
3124 1596 3411 1671 valeret;
3513 1598 3754 1660 idcirco

2212 1706 2420 1786 magis
2463 1709 2835 1771 consultum
2868 1714 3045 1772 esset
3100 1711 3362 1774 omissio
3396 1712 3752 1777 Confirma-

2213 1823 2428 1898 tionis,
2478 1843 2692 1906 usque
2737 1827 2821 1890 ad
2853 1845 3062 1890 annos
3108 1827 3544 1902 discretionis,
3608 1834 3751 1910 qui·

2207 1941 2332 2004 bus
2405 1948 2583 2005 esset
2652 1944 2852 2020 plene
2921 1943 3286 2021 fructuosa,
3361 1947 3513 2027 quia
3577 1950 3755 2011 nulla

2209 2060 2608 2122 necessitate
2651 2063 2985 2140 praecepti,
3019 2070 3130 2125 aut
3170 2065 3372 2126 medii
3418 2063 3754 2129 confertur

2205 2173 2584 2239 infantibus

2284 2293 2359 2353 Et
2425 2296 2579 2369 peto
2642 2293 2918 2356 ulterius
2982 2294 3067 2356 de
3129 2294 3377 2358 infante
3420 2298 3745 2376 baptizato

2208 2407 2366 2484 quid
2411 2405 2620 2483 fieret,
2655 2412 2709 2473 si
2751 2415 3144 2484 moreretur,
3178 2416 3291 2472 aut
3329 2412 3440 2474 ubi
3483 2417 3742 2491 recipe-

2208 2527 2444 2585 retur?
2482 2542 2616 2588 non
2659 2527 2724 2588 in
2773 2528 3025 2602 coelum,
3088 2531 3237 2607 quia
3286 2545 3416 2592 non
3475 2530 3749 2592 haberet

2205 2643 2483 2719 gratiam
2512 2641 2897 2721 adoptioniS,
2930 2645 3117 2724 cujus
3164 2662 3299 2708 non
3331 2652 3471 2707 erat
3516 2663 3745 2724 capax,

2207 2763 2273 2818 et
2348 2760 2490 2820 sine
2562 2776 2688 2838 qua
2777 2777 2998 2840 neque
3068 2764 3317 2840 primus
3372 2779 3634 2841 parens,
3696 2766 3751 2827 si

2202 2880 2723 2950 perseverasset,
2768 2876 3154 2948 salveretur,
3212 2896 3436 2959 neque
3490 2881 3748 2962 Angeli,

2203 2989 2343 3051 sine
2389 2989 2628 3052 eadem
2669 2999 2854 3054 erant
2912 3010 3189 3071 capaces
3236 2996 3480 3076 gloriae,
3528 3015 3748 3078 neque

2197 3106 2371 3168 ullus
2421 3106 2563 3170 sine
2607 3110 2731 3174 hac
2791 3111 2957 3173 stola
3018 3110 3391 3191 ingreditur
3445 3112 3529 3175 ad
3575 3130 3750 3191 nup-

2200 3225 2359 3298 tias;
2427 3240 2548 3287 non
2621 3228 2686 3289 in
2751 3225 3106 3300 Infernum,
3177 3230 3328 3309 quia
3387 3246 3521 3292 non
3595 3237 3750 3292 sunt

2204 3342 2481 3416 capaces
2526 3338 2982 3416 damnationis,
3034 3344 3204 3407 sicut
3260 3360 3483 3424 neque
3537 3346 3744 3407 ullum

2198 3454 2445 3517 hahent
2501 3463 2865 3534 peccatum.
2955 3458 3230 3537 Oportet
3287 3477 3438 3539 ergo
3495 3460 3747 3541 fingere

2197 3571 2354 3647 ipsis
2398 3571 2608 3634 locum
2659 3572 2969 3645 medium,
3022 3574 3195 3637 inter
3252 3575 3739 3641 damnationem

2196 3691 2261 3747 et
2290 3686 2594 3762 salutem,
2646 3690 2825 3768 quod
2869 3693 3230 3769 reprobant
3259 3695 3485 3757 Patres
3516 3702 3738 3761 contra

2189 3805 2579 3886 Pelagianos
2613 3829 2628 3882 ;
2665 3814 2901 3889 estque
2943 3810 3098 3875 fidei
3158 3814 3394 3894 dogma
3448 3818 3745 3897 cuicum-

2189 3940 2320 4002 que
2386 3922 2749 4002 applicatur
2794 3943 2912 4002 per
2961 3927 3253 3990 medium
3313 3929 3545 3994 efficax
3588 3950 3739 4011 pas·

2192 4043 2287 4104 sio
2346 4041 2599 4118 Christi,
2665 4047 2833 4108 sicut
2884 4044 3242 4111 infantibus
3287 4049 3355 4111 in
3413 4054 3738 4129 Baptismo

2188 4159 2576 4236 applicatur,
2628 4177 2778 4223 esse
2838 4179 2992 4226 eum
3055 4166 3120 4227 in
3179 4169 3356 4227 statu
3398 4168 3651 4244 salutiS,
3685 4169 3741 4230 si

2189 4275 2435 4337 nullum
2482 4276 2726 4338 habeat
2758 4285 3135 4354 peccatum.

2270 4391 2460 4467 Quod
2518 4394 2571 4455 si
2630 4393 2809 4457 dicas
2865 4394 3240 4471 infantibuS,
3310 4400 3373 4463 in
3433 4418 3512 4464 eo
3576 4419 3731 4466 casu

2191 4506 2329 4570 dari
2359 4500 2730 4587 gratiam'in
2764 4512 3038 4574 transitu
3069 4510 3305 4592 (prout
3342 4514 3505 4579 infra
3560 4516 3737 4583 dice·

2185 4626 2309 4695 tur,
2342 4626 2587 4688 remitti
2615 4626 2885 4689 venialia
2924 4629 3105 4707 quod
3140 4631 3401 4709 culpam
3431 4633 3498 4695 in
3521 4634 3726 4715 justo,

2183 4739 2289 4800 vel
2375 4740 2511 4802 dari
2584 4743 2706 4820 ipsi
2772 4751 3204 4825 augmentum
3258 4749 3518 4828 gratiae,
3583 4768 3729 4814 cor·

2181 4857 2597 4934 respondens
2628 4859 2882 4922 actibus
2938 4864 3229 4925 remissis
3279 4867 3632 4930 meritoriis
3659 4868 3730 4929 in

2184 4967 2350 5049 via),
2384 4971 2533 5032 hinc
2590 4974 2915 5052 colligitur
2984 4977 3164 5054 ipsos
3220 4994 3368 5041 esse
3455 4997 3736 5060 capaces

2178 5086 2424 5167 gratiae,
2486 5106 2561 5150 ac
2621 5091 2898 5169 proinde
2974 5109 3122 5155 eam
3177 5097 3412 5159 melius
3479 5103 3734 5164 causari

2179 5219 2300 5280 per
2353 5204 2569 5282 ipsum
2640 5206 3165 5286 Sacramentum,
3241 5213 3508 5292 quando
3564 5216 3729 5279 reci-

2180 5322 2378 5396 pitur.
3877 5394 3945 5444 28
3979 5381 3989 5389 .

2256 5436 2689 5501 confirmatur
2777 5443 3102 5516 secundo,
3188 5446 3338 5524 quia
3439 5447 3723 5513 infantes
3829 5432 4021 5583 2.ίέὲέ

3809 989 4058 1057 Impugna-

3869 1060 3979 1107 tur.

3796 2319 4089 2439 Incggv'veni-

3882 2460 3972 2494 eus

3825 2523 3891 2557 ex
3913 2512 4046 2560 statu

3818 2571 4042 2623 infantis.

2175 5558 2327 5614 sunt
2377 5571 2656 5631 capaces
2694 5559 3125 5636 characteris;
3162 5577 3323 5642 ergo
3355 5568 3421 5626 et
3466 5571 3710 5645 gratiae.
3744 5583 4121 5635 characterio.
