4287 6313
1666 347 1863 410 Dls'r.
1905 346 2007 409 vt.
2050 344 2413 422 QUAESTlo
2438 344 2540 405 lX.
3571 337 3691 400 595

2135 519 2357 573 tamen
2405 505 2759 572 tenendum
2788 515 2880 570 est
2919 507 3088 570 sicut
3118 502 3444 570 articulus
3482 504 3671 586 fidei,
3747 509 3994 587 Efficacia

2134 628 2293 712 quia
2349 625 2628 710 ponitur
2693 624 2767 688 in
2821 623 3116 708 symbolo
3156 622 3617 707 Apostolorum
3660 577 4025 698 ;tmd¹2¹i³m⁸'

469 516 765 594 deducta,
802 527 913 581 aut
951 514 1016 579 in
1066 531 1379 600 expressa
1403 510 1726 579 sententia
1754 512 2015 575 Patrum

471 644 800 714 contenta,
846 652 994 719 quae
1050 631 1239 697 aliter
1279 627 1554 714 intelligi
1618 625 1796 692 nullo
1830 624 2020 690 modo

310 5311 388 5362 11.

468 761 725 834 posset;
777 769 852 814 ac
884 747 1160 835 proinde
1191 757 1267 813 ut
1297 764 1496 831 supra
1529 742 2021 821 notavimus‚ex

471 865 615 952 ipso
675 865 833 932 dicit
890 875 1277 951 argumenta
1348 860 1428 928 ad
1487 858 1885 947 oppositum,
1921 876 2025 921 os·

470 993 661 1047 tenso
687 980 1110 1047 fundamento
1151 978 1523 1045 necessario
1553 988 1617 1042 et
1657 986 1834 1041 certo
1867 992 2022 1039 con·

470 1098 809 1179 clusioniS,
847 1119 993 1165 esse
1024 1095 1234 1163 facilis
1266 1093 1637 1172 solutionis,
1692 1103 1885 1179 prout
1926 1089 2026 1175 ip-

472 1237 544 1282 se
573 1216 950 1284 doctissime
989 1214 1211 1296 solvit,
1260 1212 1598 1299 supposita
1650 1207 2032 1274 definitione

476 1353 589 1399 seu
631 1331 1070 1400 declaratione
1100 1329 1435 1409 Ecclesiae,
1473 1348 1622 1416 quae
1655 1327 1825 1400 hanc
1862 1324 2031 1391 veri-

480 1461 678 1515 tatem
819 1448 1216 1515 characteris
1331 1444 1763 1511 determinate
1883 1462 2028 1528 pro-

487 1564 693 1651 ponit.

570 1684 712 1749 Non
768 1702 926 1767 ergo
985 1681 1246 1747 incaute
1319 1679 1574 1745 locutus
1635 1686 1757 1755 est,
1823 1695 2034 1761 neque

484 1796 830 1863 veritatem
862 1794 1281 1874 characteris,
1320 1807 1389 1860 ut
1429 1793 1597 1859 dixit
1625 1793 1805 1870 Sot0‚
1831 1789 2038 1857 tenui-

484 1929 583 1981 ter
624 1912 929 1993 asseruit,
994 1933 1208 2001 neque
1246 1911 1312 1977 in
1354 1910 1624 1977 dubium
1675 1905 2032 1985 revocavit,

485 2028 600 2095 sed
641 2029 1022 2096 firmissimo
1056 2028 1475 2095 fundamento
1505 2022 1785 2091 asseruit
1814 2033 2039 2088 contra

486 2159 825 2232 neganteS,
879 2146 1029 2212 licet
1126 2143 1389 2211 modum
1466 2138 1881 2209 discurrendi
1978 2147 2042 2203 et

490 2261 806 2348 probandi
840 2261 1119 2328 aliorum
1161 2281 1293 2326 non
1338 2258 1664 2347 probavit,
1734 2268 2043 2340 tanquam

496 2376 938 2443 necessarium
980 2387 1045 2442 et
1090 2387 1458 2462 cogentem,
1524 2373 1677 2461 quia
1711 2391 1920 2456 neque
1977 2370 2042 2435 in

499 2491 827 2579 aliquibus
877 2504 1050 2559 recte
1090 2491 1457 2572 fundatum,
1515 2510 1725 2576 neque
1780 2488 1850 2553 in
1890 2485 2041 2553 reli-

498 2608 647 2694 quis
687 2620 1028 2694 cogentem
1063 2620 1485 2695 neganteS,ac
1525 2604 1796 2693 proinde
1836 2623 2048 2670 recur-

501 2725 586 2791 rit
643 2725 722 2791 ad
780 2725 1094 2792 Ecclesiae
1152 2724 1632 2803 auctoritatem,
1712 2741 1841 2787 non
1936 2740 2051 2805 per

497 2840 761 2908 modum
817 2840 1146 2928 opinionis
1186 2840 1502 2918 toleratae,
1547 2851 1658 2904 aut
1713 2838 2046 2912 humanae,

496 2957 738 3045 aliquid
770 2958 1146 3037 asserentiS,
1193 2956 1307 3024 sed
1369 2955 1757 3023 declarantis
1806 2953 2052 3019 verita-

494 3088 625 3141 tem
694 3072 875 3160 fidei,
944 3095 1094 3163 quae
1158 3073 1506 3140 declaratio
1563 3093 1647 3137 ecc
1711 3070 1868 3137 dist.
1937 3072 2046 3135 25.

498 3190 688 3255 tertii
752 3200 986 3274 quoest.
1074 3189 1300 3266 unica,
1362 3185 1789 3272 responsione
1828 3182 1918 3248 ad
1983 3184 2047 3247 2.

498 3308 571 3372 in
638 3306 797 3388 fine,
879 3304 1189 3391 supponit
1247 3302 1717 3370 revelationem
1773 3320 1888 3385 per
1943 3298 2051 3364 do-

500 3423 778 3490 ctrinam
827 3421 1128 3487 traditam
1182 3441 1255 3486 ac
1323 3418 1596 3505 proinde
1656 3438 1805 3504 quae
1845 3414 2054 3483 conti-

505 3551 696 3606 netur
762 3539 832 3605 in
872 3537 1211 3624 Scriptura
1242 3549 1306 3604 et
1338 3535 1638 3602 Patribus
1696 3532 2055 3601 secundum

505 3655 926 3723 traditionem
961 3678 976 3735 ;
1014 3656 1188 3742 quod
1283 3653 1554 3742 perinde
1630 3652 1709 3719 de
1785 3650 2062 3718 veritate

506 3775 905 3842 characteris
971 3772 1397 3841 asserendum
1438 3781 1539 3839 est
1595 3792 1677 3838 ex
1722 3768 2062 3856 principiis

507 3890 650 3977 ejus
682 3889 995 3976 praedicto
1035 3889 1208 3969 1000,
1244 3899 1309 3954 et
1342 3890 1415 3954 in
1447 3887 1805 3974 quaestione
1837 3885 2066 3970 prima

501 4007 793 4094 prologi,
839 4016 899 4071 et
951 4011 1013 4074 1.
1057 4006 1216 4072 dist.
1268 4008 1375 4071 11.
1419 4012 1644 4090 quoest.
1693 4005 1755 4067 1.
1794 4022 2062 4087 respon·

503 4123 689 4188 sione
752 4123 844 4189 ad
932 4126 998 4189 2.
1106 4131 1571 4209 aryumentum
1661 4094 2059 4197 Graecorum,

508 4237 681 4326 quod
713 4250 815 4305 est
855 4238 1006 4319 tale,
1052 4259 1293 4324 nempe
1340 4237 1684 4323 Spiritum
1766 4246 2070 4301 sanetum

506 4355 869 4441 procedere
917 4377 961 4421 a
1003 4354 1211 4434 Filio,
1265 4376 1398 4420 non
1436 4375 1572 4420 csse
1618 4354 1941 4439 scriptum
1995 4352 2070 4416 in

514 4472 885 4559 Evanyelio
929 4525 942 4549 ,
989 4492 1167 4558 erqo,
1241 4482 1365 4536 etc.
1436 4471 1634 4557 Cujus
1738 4467 2069 4554 responsi-

515 4609 732 4668 onem,
829 4588 980 4676 quia
1067 4587 1339 4675 perinde
1385 4587 1686 4654 confutat
1727 4583 2074 4651 haereticos

523 4705 723 4793 hujus
770 4705 1113 4792 temporis,
1177 4706 1289 4792 qui
1366 4704 1610 4792 negant
1667 4702 1837 4769 hanc
1895 4700 2073 4768 veri-

521 4835 717 4890 tatem
783 4822 1203 4902 characteris,
1259 4822 1478 4889 visum
1529 4833 1628 4887 est
1667 4820 1743 4885 ad
1779 4818 2074 4906 proposi-

524 4952 666 5008 tum
736 4939 1061 5026 integram
1121 4936 1585 5016 transcribere,
1628 4946 1691 5002 et
1762 4935 1914 5022 quia
1955 4940 2074 5001 Do-

524 5057 719 5124 ctoris
759 5077 1027 5124 sensum
1058 5055 1125 5120 in
1166 5052 1532 5140 quaestione
1562 5051 2075 5138 praesenti,opti-

535 5193 638 5239 me
695 5172 1002 5239 declarat.

619 5289 724 5355 Ad
753 5290 1083 5357 rationem
1119 5287 1308 5352 illam
1357 5286 1439 5352 de
1481 5287 1845 5375 Evanqelio
1901 5290 2069 5368 dico,

537 5406 771 5494 inquit,
856 5406 1031 5493 quod
1108 5406 1448 5471 Christum
1514 5405 1922 5471 descendisse
1987 5408 2077 5490 ad

535 5526 831 5611 inferna,
907 5546 1042 5591 non
1111 5523 1381 5589 docetur
1456 5524 1529 5590 in
1586 5523 1975 5611 Euanqelio,
2016 5535 2076 5589 et

2138 745 2234 808 ita
2272 742 2482 807 multa
2539 743 2680 807 alia
2759 740 2840 806 de
2873 741 3329 806 Sacramentis
3370 739 3685 804 Ecclesiae

2135 877 2272 922 non
2299 868 2455 923 sunt
2487 879 2800 943 eoepressa
2830 858 2899 922 in
2943 858 3330 944 EvanyeliO,
3368 868 3427 922 et
3469 867 3687 921 tamen

2137 974 2448 1039 Ecclesia
2482 984 2653 1039 tenet
2681 974 2808 1038 illa
2847 995 2980 1039 esse
3030 974 3285 1039 tradita
3334 974 3685 1039 certitudi-

2137 1092 2391 1157 naliter
2417 1092 2499 1156 ab
2528 1091 2881 1177 Apostolis,
2934 1100 2994 1154 et
3037 1091 3487 1176 periculosum
3529 1100 3690 1153 esset

2145 1229 2377 1274 errare
2415 1210 2594 1272 circa
2653 1208 2798 1286 illa,
2872 1228 3018 1292 quoe
3090 1227 3226 1272 non
3294 1215 3549 1273 tantum
3608 1205 3691 1269 ab

2145 1325 2479 1411 Apostolis
2554 1323 2958 1389 descendunt
3027 1344 3151 1408 per
3213 1324 3486 1408 scripta,
3578 1321 3694 1386 sed

2148 1443 2351 1507 etiam
2446 1461 2566 1526 per
2668 1438 3211 1504 consuetudinem
3291 1437 3696 1504 universalis

2147 1557 2465 1622 Ecclesiae
2506 1555 2789 1622 tenenda
2813 1566 2993 1621 sunt.
3046 1556 3180 1645 Nec
3242 1554 3547 1619 Christus
3621 1554 3695 1619 in

2147 1673 2522 1759 Evanqelio
2589 1673 2810 1739 docuit
2869 1672 3097 1737 omnia
3135 1672 3551 1758 pertinentia
3608 1670 3697 1735 ad

2151 1790 2722 1876 dispensationem
2807 1766 3442 1868 Sacreamntorum;
3517 1789 3696 1853 ctiaeit

2151 1905 2335 1969 enim
2367 1904 2721 1991 discipulis
2783 1907 2922 1970 suis
2988 1908 3063 1971 in
3100 1907 3403 1971 Ioanne:
3465 1907 3700 1971 Adhuc

2156 2022 2367 2089 habeo
2407 2023 2615 2088 multa
2662 2023 2845 2088 vobis
2911 2021 3154 2102 dicere,
3226 2021 3341 2086 sed
3387 2043 3523 2088 non
3575 2042 3699 2107 po-

2161 2143 2341 2208 testis
2365 2152 2639 2228 portare
2677 2140 2893 2221 modO,
2949 2162 3094 2206 cum
3171 2151 3390 2205 autem
3448 2140 3702 2205 venerit

2156 2258 2274 2323 ille
2303 2258 2603 2342 Spiritus
2635 2258 2959 2336 veritatis,
2996 2255 3251 2322 docebit
3290 2276 3400 2319 vos
3448 2275 3703 2321 omnem

2157 2374 2533 2438 veritatem,
2569 2369 2782 2436 Multa
2823 2372 3036 2458 iyitur
3086 2369 3311 2435 docuit
3340 2391 3446 2434 eos
3483 2373 3702 2457 Spiri-

2161 2500 2264 2554 tus
2323 2501 2613 2570 sanctus,
2695 2511 2839 2577 quce
2894 2511 3032 2555 non
3097 2502 3252 2556 sunt
3307 2491 3561 2576 scripta
3633 2490 3708 2554 in

2159 2606 2554 2693 EvanqeliO,
2619 2616 2679 2671 et
2745 2607 2874 2672 illa
2938 2607 3149 2672 multa
3215 2605 3517 2692 quoedam
3587 2626 3710 2691 per

2160 2724 2607 2811 Scripturam,
2672 2724 2981 2813 quaedam
3022 2745 3146 2810 per
3174 2725 3711 2790 consuetudinem

2165 2840 2621 2909 tradiderunt.
2692 2841 3028 2908 Similiter
3066 2841 3333 2907 diversa
3393 2840 3710 2926 Symbola

2164 2956 2450 3023 diversis
2490 2957 2891 3044 temporibus
2906 2962 3064 3023 sunt
3093 2957 3297 3036 edita,
3337 2968 3570 3022 contra
3600 2956 3710 3022 di-

2163 3095 2389 3140 versas
2459 3075 2735 3140 lzoereses
2810 3074 2891 3140 de
2947 3095 3117 3141 novo
3181 3076 3491 3153 orientes,
3555 3073 3714 3160 quia

2165 3192 2432 3278 quando
2462 3192 2846 3279 insuryebat
2927 3213 3099 3259 nova
3157 3193 3446 3271 lzaeresis,
3494 3211 3712 3258 neces-

2164 3312 2422 3378 sarium
2452 3321 2595 3376 crat
2665 3310 3014 3377 declarare
3055 3310 3424 3388 veritatem,
3474 3318 3708 3373 contra

2172 3448 2369 3513 quam
2408 3437 2552 3492 erat
2604 3426 2727 3492 illa
2776 3426 3067 3505 lzoercsis,
3106 3446 3250 3511 quse
3299 3424 3547 3490 veritas
3595 3423 3717 3487 etsi

2171 3545 2366 3624 prius
2398 3553 2551 3608 erat
2588 3542 2672 3608 de
2705 3542 2861 3625 fide,
2909 3562 3044 3607 non
3077 3552 3296 3606 tamen
3354 3552 3498 3606 erat
3521 3541 3715 3625 prius

2178 3670 2432 3727 tantum
2472 3661 2839 3740 declarata,
2884 3662 3055 3725 sicut
3090 3672 3244 3726 tunc
3272 3669 3503 3725 contra
3538 3678 3717 3723 erro-

2174 3798 2316 3843 rem
2362 3777 2658 3856 illorum,
2697 3777 2812 3861 qui
2841 3797 2986 3841 eam
3016 3774 3370 3861 neyabant,
3408 3786 3530 3840 etc.
3570 3777 3721 3839 Haec

2179 3896 2433 3973 Doctor,
2479 3913 2630 3981 quae
2651 3903 2827 3959 recte
2857 3890 3193 3979 proposito
3225 3889 3712 3957 accommodan-

2177 4022 2306 4091 tur,
2351 4023 2415 4075 et
2461 4022 2563 4075 est
2591 4008 2883 4076 doctrina
2933 4007 3329 4075 universalis
3367 4020 3431 4074 et
3495 4009 3724 4075 Catho-

2176 4126 2323 4193 lica.
2378 4129 2526 4212 Ipse
2572 4146 2730 4212 ergo
2760 4125 3080 4193 reducens
3119 4126 3459 4191 veritatem
3499 4123 3724 4191 chara-

2179 4242 2376 4308 cteris
2426 4241 2506 4307 ad
2541 4239 3351 4330 Ecclesiaejdefinitionem
3383 4252 3447 4307 et
3501 4251 3727 4306 aucto-

2185 4358 2466 4439 ritatem,
2520 4358 2857 4445 ‘supponit
2945 4380 3089 4425 esse
3193 4358 3572 4435 revelatam,
3647 4378 3724 4424 ac

2185 4474 2459 4561 proinde
2489 4475 2811 4541 contineri
2843 4475 2909 4539 in
2958 4475 3290 4562 Scriptura
3347 4488 3459 4541 aut
3532 4474 3727 4541 tradi-

2184 4590 2387 4671 tione,
2433 4610 2629 4677 quam
2695 4587 2983 4656 Ecclesia
3023 4610 3284 4677 semper
3314 4584 3728 4656 conservavit

2184 4728 2299 4793 per
2336 4727 2564 4773 omnes
2613 4718 2863 4787 aetateS,
2900 4719 2966 4772 et
3005 4706 3421 4793 potissimum
3454 4728 3571 4793 per
3610 4709 3730 4771 Do·

2186 4834 2397 4890 ctores
2437 4835 2502 4889 et
2549 4826 2795 4889 Patres
2838 4825 2936 4889 Ex
2984 4822 3223 4909 quibus
3254 4824 3528 4890 habetur
3593 4843 3729 4889 sco-

2195 4960 2322 5027 pus
2364 4939 2679 5020 DoctoriS‚
2734 4950 2796 5006 et
2828 4939 3137 5005 resolutio
3178 4939 3380 5026 hujus
3456 4940 3731 5028 quaesti-

2184 5057 2354 5136 oniS,
2390 5078 2539 5144 quae
2569 5055 2637 5121 in
2666 5057 2920 5124 duobus
2950 5058 3286 5125 consistit:
3314 5056 3603 5124 Primum
3635 5070 3733 5123 est
3757 5070 4077 5182 Ssngffiggnffi·

2194 5184 2444 5238 certum
2476 5185 2535 5239 et
2572 5175 3018 5240 necessarium
3064 5174 3579 5260 fundamentum
3617 5175 3734 5239 liu-

2189 5293 2310 5376 jus
2397 5293 2702 5356 veritatis
2766 5292 2999 5358 haberi
3062 5315 3146 5359 ea·
3185 5291 3739 5357 determinatione

2193 5408 2524 5488 Ecclesiae,
2592 5428 2741 5494 quae
2817 5419 2916 5475 est
2958 5411 3320 5476 manifesta.
3367 5412 3731 5478 Secundum

2188 5538 2287 5591 est
2325 5528 2674 5593 veritatem
2723 5528 2938 5614 ipsam
2974 5531 3184 5613 fuisse
3233 5526 3610 5610 revelatam,
3656 5551 3735 5594 ac

3724 700 4004 752 cerffitudO.
