4287 6313
2352 309 2439 395 ‘J'

1591 422 1791 487 msr.
1839 421 1940 486 ιιι.
1974 374 2510 502 ουῶετιομί

452 589 650 657 tione.
695 592 872 656 Hanc
901 588 1293 656 sententiam
1325 587 1522 655 etiam
1558 588 1857 673 sequitur
1894 585 2002 653 Ri-

451 706 733 774 chardus
771 715 907 772 are.
954 709 1018 773 2.
1055 717 1285 792 quaest.
1321 708 1386 771 3.
1431 704 1550 770 ad.
1589 707 1694 770 10.

1033 938 1438 996 SCHOLIUM.

529 1191 591 1249 Si
666 1190 935 1249 addatur
1015 1191 1258 1266 aliquid
1352 1188 1713 1267 repugnans
1788 1194 2004 1250 verbis

454 1290 890 1348 essentialibus
973 1290 1210 1360 formae,
1240 1292 1346 1349 vel
1432 1290 1796 1349 diminuens
1890 1291 2008 1347 illa

457 1392 524 1445 ut
587 1388 872 1460 ponendo
925 1388 1344 1448 conditionem
1410 1405 1532 1447 non
1610 1391 2005 1456 existentem,

459 1485 621 1541 nihil
707 1484 793 1544 flt.
855 1486 1023 1545 Idem
1090 1493 1202 1558 est,
1261 1490 1511 1562 quando
1585 1489 2008 1559 interponitur

457 1582 702 1654 aliquid
773 1585 962 1643 etiam
1027 1601 1148 1642 non
1209 1602 1588 1658 repugnans,
1642 1589 1693 1643 si
1754 1586 2006 1645 discon-

460 1681 666 1739 tinuat
695 1697 1078 1757 sermonem3
1108 1685 1480 1745 subtrahere
1511 1684 1776 1743 verbum
1827 1690 2009 1758 prin-

464 1779 687 1852 cipale,
755 1782 1081 1854 annullat3
1116 1784 1483 1842 subtrahere
1515 1783 1834 1853 syllabam,
1864 1800 2008 1843 non.

240 1976 323 2025 ιι.
554 1963 668 2034 De
737 1963 1085 2051 secunda
1124 1964 1225 2051 (i)
1271 1963 1729 2038 variatione
1789 1965 2012 2058 prin-

160 2041 401 2100 Qualuor

105 2167 110 2170 ,
166 2102 399 2214 ωιιιιιῗὲιιιῧν
468 2077 739 2172 cipali,
823 2079 1161 2162 scilicet,
1244 2082 1679 2155 secundum
1750 2086 2014 2164 Quan-

199 2228 366 2277 sorma
467 2195 815 2279 titatem,
886 2196 1062 2270 dico
1117 2197 1325 2289 quod
1374 2196 1442 2270 si
1500 2197 1805 2290 aliquid
1880 2198 2013 2272 ad-

146 2289 429 2340 secundum

153 2352 416 2417 quanm,
466 2313 706 2387 datur
774 2332 1234 2406 repugnans
1285 2314 1555 2387 verbis
1615 2313 2015 2408 principa·

121 2493 185 2541 ,p
227 2420 443 2539 *ζ’ζήἀο,
470 2429 680 2502 libus
717 2427 1026 2511 formae,
1092 2431 1220 2503 vel
1260 2431 1713 2504 diminuens
1763 2431 2016 2504 verba

121 2555 180 2588 ⁸⁰
217 2541 428 2662 ῑξζξθῡ·
472 2546 638 2628 illa,
712 2546 913 2620 nihil
969 2547 1085 2630 fit,
1152 2548 1340 2640 quia
1399 2569 1560 2620 non
1632 2552 2017 2622 servatur

116 2658 761 2775 huffen-forma,
850 2664 1077 2737 verbi
1174 2665 1475 2756 gratia,
1535 2665 1626 2737 de
1717 2665 2013 2757 primo,

136 2764 426 2900 dimgugx'sen·
470 2779 538 2851 si
633 2779 749 2854 sic
835 2781 1157 2855 dicatur
1217 2808 1231 2852 ε
1307 2785 1384 2850 [π
1449 2784 1719 2851 nomine
1782 2784 2019 2850 Patris

310 2888 322 2900 ’
473 2901 773 2986 majori-e,
838 2911 899 2966 ec
961 2900 1133 2966 Filii
1192 2902 1498 2981 minoris,
1553 2903 1715 2990 etc.
1787 2900 2019 2972 verbi

469 3012 767 3104 gratia,
833 3013 926 3085 de
995 3016 1366 3100 secunde,
1420 3014 1485 3086 si
1568 2997 2019 3106 praemitta-

466 3132 605 3202 tur
671 3129 798 3203 vel
867 3129 1393 3223 disjungatur
1460 3130 1586 3203 vel
1658 3130 2019 3224 interpo-

472 3251 720 3320 natur
794 3247 1068 3339 aliqua
1136 3248 1518 3330 conditio,
1591 3268 1767 3340 quae
1858 3268 2022 3321 non

476 3361 805 3447 existat,
881 3366 1159 3458 utpote
1219 3392 1236 3435 ε
1300 3369 1379 3434 Si
1432 3389 1549 3456 eqo
1611 3390 1758 3434 sum
1807 3370 2020 3435 omni-

472 3494 726 3569 potens,
816 3504 933 3569 eqo
1000 3495 1058 3549 te
1123 3484 1413 3570 baptizo,
1503 3484 1658 3555 eto.
1751 3481 1878 3553 vel
1952 3481 2020 3554 si

473 3596 580 3669 sit
638 3595 912 3689 aliqua
970 3595 1244 3670 oratio
1294 3594 1791 3687 disjunctiva
1829 3616 2022 3669 con-

487 3718 615 3785 tra
710 3710 1116 3788 rationem
1203 3712 1524 3793 formae,
1595 3710 1781 3805 quia
1857 3712 2019 3786 dis-

470 3830 843 3921 junctiva
937 3849 1097 3902 non
1188 3830 1413 3921 ponit
1483 3831 2023 3906 determinate

477 3944 825 4019 alteram
893 3949 1238 4037 partem,
1310 3949 1392 4019 et
1457 3946 1735 4018 eodem
1787 3946 2021 4019 modo

475 4060 568 4131 de
653 4060 1080 4134 similibuS.
1163 4060 1562 4136 Similiter
1649 4061 1716 4133 si
1795 4066 2023 4135 ante-

480 4177 813 4269 ponitur
904 4178 1034 4250 vel
1120 4177 1646 4271 postponitur
1721 4176 2026 4269 aliquid

481 4313 641 4364 non
765 4314 1253 4387 repugnans,
1349 4294 1479 4376 fit;
1568 4294 1636 4367 si
1745 4293 2019 4377 aliter,

489 4429 680 4483 non.

133 4575 458 4638 „fimena
570 4528 686 4599 De
764 4527 1390 4621 interpositione
1460 4531 1759 4609 tamen,
1842 4530 2020 4601 esto

186 4637 400 4690 ⁸1fi⁰¹²²·
484 4643 692 4735 quod
757 4663 919 4717 non
987 4642 1095 4718 sit
1158 4644 1506 4737 alicujus
1574 4644 2027 4718 distrahen-

484 4758 592 4831 tis
664 4760 792 4833 vel
874 4760 1432 4853 repugnantis,
1484 4764 1611 4835 est
1669 4760 2024 4853 speciale

487 4874 663 4960 hoc,
735 4877 926 4970 quia
994 4877 1061 4950 si
1147 4876 1700 4970 interrumpat
1769 4878 2029 4953 unita-

489 4994 650 5064 tem
725 4991 1078 5067 debitam
1143 4991 1456 5078 formae,
1527 5012 1690 5067 non
1755 4996 2029 5069 manet

489 5109 777 5183 forma.
850 5110 1176 5193 Quando
1237 5114 1508 5185 autem
1601 5111 1793 5185 talis
1863 5111 2033 5184 uni-

493 5231 616 5299 tas
675 5227 1143 5301 necessaria
1199 5226 1861 5320 interrumpitur,
1903 5226 2028 5321 ju·

490 5341 806 5415 dicatur
846 5362 945 5415 ex
1004 5341 1191 5414 aliis
1259 5340 1574 5415 actibus
1616 5340 2026 5414 humanis.

495 5459 817 5539 Quando
917 5457 1140 5531 enim
1205 5475 1309 5531 ex
1389 5443 1817 5531 ‘communi
1910 5457 2027 5530 lo-

498 5575 750 5671 quela,
811 5594 912 5660 ex
1009 5574 1638 5670 interpositione
1724 5574 2029 5667 imper-

2392 284 2475 316 s„

3558 413 3676 477 317

2119 582 2456 658 tinentis
2541 601 2703 654 non
2772 581 3189 674 judicatur
3239 578 3431 673 quin
3482 583 3666 671 pos·'

2112 703 2234 774 set
2375 699 2604 793 prior
2734 718 3007 772 sermo
3138 695 3663 776 continuari,

2116 815 2662 899 consimiliter
2720 836 2862 887 nec
2938 814 3166 887 debet
3217 814 3299 885 in
3367 831 3666 904 propo-

2117 935 2279 1006 sito
2341 933 2723 1026 judicari,
2787 935 3069 1025 utpote
3148 929 3217 1003 si
3294 927 3473 1022 quis
3552 926 3661 999 in-

2119 1049 2432 1142 ciperet
2547 1047 3028 1128 orationem‚
3145 1048 3224 1118 et
3333 1044 3663 1123 diceret,

2129 1171 2356 1237 Tac-ete
2447 1168 2575 1240 vel
2666 1169 2975 1246 recedite,
3082 1183 3243 1237 non
3331 1167 3669 1255 propt-el·

2119 1283 2272 1355 hoc
2355 1287 2572 1357 esset
2652 1265 3222 1355 'necessarium
3308 1278 3667 1376 incipere

2122 1396 2616 1481 orationem;
2672 1399 2807 1470 sed
2858 1418 3018 1471 non
3066 1397 3468 1470 'obstante
3519 1395 3666 1468 tali

2122 1513 2724 1604 interruptione
2886 1513 3159 1604 posset

2120 1630 2603 1705 continuare
2689 1634 2770 1703 et
2828 1629 3265 1720 complere.

2211 1749 2327 1820 De
2413 1745 2974 1819 subtractione
3039 1763 3264 1823 vero,
3332 1741 3400 1814 si
3486 1740 3665 1813 sub·
3698 1757 3753 1808 Si
3807 1759 4015 1807 verbum

3306 1509 3667 1583 eamdem

2124 1863 2512 1937 trahatur
2586 1862 2911 1953 aliquod
2968 1859 3307 1932 verbum
3373 1858 3466 1930 de
3507 1877 3665 1929 non
3716 1820 3996 1949 ρῗῖἷιῖῗζῗιθ

2126 1979 2738 2073 principalibus,
2839 1977 3146 2051 dictum
3212 1977 3335 2047 est
3411 1971 3663 2066 prius;
3724 1947 3986 2118 submm-

3783 2083 3960 2128 ermae,

2128 2096 2212 2171 Si
2261 2099 2534 2168 autem
2574 2095 2667 2167 de
2718 2091 3301 2187 principalibus
3352 2089 3672 2181 aliquod

2129 2213 2692 2292 subtrahatur,
2763 2208 2967 2282 nihil
3040 2208 3156 2291 fit,
3211 2207 3397 2300 quia
3438 2205 3672 2299 quod·

2133 2333 2324 2405 libet
2379 2329 2717 2402 verbum
2796 2326 3129 2400 illorum
3189 2329 3315 2398 est
3377 2343 3520 2416 per
3590 2343 3674 2394 se

2134 2445 2691 2522 necessarium
2759 2445 2852 2517 ad
2924 2442 3317 2522 formam;
3391 2440 3524 2512 sed
3605 2440 3672 2510 si

2130 2562 2667 2636 subtrahatur
2762 2559 3036 2652 aliqua
3124 2557 3437 2649 syllaba
3522 2575 3676 2647 per

3748 2131 3877 2181 nihil
3910 2133 3985 2181 fit.

2107 2700 2600 2774 syncopam,
2672 2698 2835 2750 non
2905 2678 3244 2771 propter
3301 2675 3454 2750 hoc
3504 2673 3677 2746 des-

2126 2797 2445 2871 truitur
2506 2793 2806 2867 forma.
2879 2795 3059 2865 Non
3133 2790 3349 2863 enim
3413 2787 3673 2861 voluit

2129 2917 2347 2990 Deus
2410 2911 2737 2986 omnino
2813 2908 3361 2982 determinare
3429 2906 3708 2979 homi-‚

2131 3022 2317 3101 nem
2419 3029 2515 3099 ad
2599 3026 2846 3099 verba
2914 3025 2998 3097 in
3094 3021 3674 3103 sacramentis,

2135 3146 2361 3221 ultra
2447 3143 2676 3217 illum
2766 3144 3114 3226 modum,
3210 3164 3364 3235 quo
3430 3134 3679 3213 verba

2109 3264 2553 3338 *sufficiunt
2594 3263 2692 3337 ad
2745 3262 3360 3356 exprimendum
3402 3277 3678 3331 conce-

2138 3386 2393 3474 ptum;
2455 3380 2587 3453 sed
2654 3400 2835 3452 cum
2899 3397 3260 3470 syncopa
3316 3375 3514 3447 bene
3563 3373 3675 3445 in-

2135 3495 2432 3588 telligit
2475 3495 2804 3568 audiens
2847 3496 3322 3587 conceptum
3359 3493 3680 3584 loquen-

2135 3611 2270 3685 tis.
2338 3611 2509 3683 Hoc
2560 3614 2834 3683 autem
2905 3608 3164 3701 magis
3236 3608 3676 3682 cavendum

2136 3731 2263 3801 est
2363 3728 2441 3799 in
2532 3728 2804 3801 verbis
2921 3724 3678 3803 sacramentalibus,

2139 3863 2382 3936 quam
2434 3843 2515 3916 in
2564 3841 2750 3916 aliis
2789 3843 3087 3924 verbis,
3148 3844 3488 3935 propter
3559 3860 3684 3911 re-

2135 3958 2592 4033 verentiam
2634 3958 3167 4033 sacramenti.
3214 3958 3377 4030 Nec
3413 3959 3686 4029 tamen

2135 4077 2517 4150 auderem
2613 4076 2906 4156 dicere,
3029 4075 3228 4167 quod
3329 4094 3489 4147 non
3571 4071 3683 4171 vi-

2133 4196 2318 4265 tans
2373 4209 2573 4268 'eam
2691 4197 2964 4286 peccet
3035 4190 3527 4272 mortaliter,
3605 4189 3681 4261 si

2137 4329 2299 4382 non
2355 4309 2591 4391 vitat,
2650 4329 2813 4382 non
2868 4329 2976 4404 ex⁴
3009 4312 3499 4399 contemptu,
3553 4306 3686 4379 sed

2138 4443 2239 4496 ex
2281 4425 2620 4516 quadam
2684 4423 3161 4517 infirmitate
3228 4422 3354 4494 vel
3418 4421 3687 4494 incon-

2139 4539 2635 4615 sideratione
2740 4541 3123 4622 humana,
3248 4559 3422 4631 quae
3525 4557 3687 4609 non

2142 4661 2551 4749 praecavet
2603 4657 2972 4730 omnibus
3042 4659 3434 4748 quantum
3504 4675 3689 4748 pos-

2147 4779 2293 4849 set.

2573 5004 3232 5072 COMMENTARIUS.

2222 5228 2398 5317 (i)De
2414 5228 2703 5295 secunda
2726 5229 3102 5296 variatione
3122 5230 3519 5317 principali,
3556 5243 3682 5299 etc.
3835 5264 3918 5314 72.

2145 5347 2263 5412 Hic
2300 5346 2510 5423 docet,
2554 5345 2608 5412 si
2639 5344 2883 5412 additio
2914 5359 3237 5433 repugnet
3267 5347 3495 5414 sensui
3546 5347 3685 5414 for-
3761 5326 3999 5438 ῗῗζὶῗ

2145 5483 2294 5544 mae,
2332 5461 2431 5529 vel
2463 5462 2809 5543 diminuat,
2838 5462 2900 5529 id
2923 5476 3044 5543 est,
3074 5462 3394 5530 distrahat
3421 5484 3455 5530 a
3487 5462 3727 5531 sensu*
3781 5448 3977 5510 “m·

2142 5579 2620 5664 sacramentali,
2658 5579 2823 5648 nihil
2855 5581 2997 5650 fieri
3034 5604 3050 5663 ;
3085 5581 3462 5670 exemplum
3500 5580 3686 5673 ponit
