4287 6313
1648 422 1843 486 DtST.
1892 425 1935 484 l.
1982 421 2342 498 QUAES'rto
2386 422 2488 485 vl.

486 586 921 652 Circumcisio
987 586 1255 674 quidem
1316 587 1608 674 prodest,
1691 587 1751 651 si
1817 587 2022 673 leqem

475 701 795 781 observes,
832 713 953 770 etc.
991 700 1226 769 deinde
1264 703 1342 769 ad
1382 706 1654 768 Roman.
1700 706 1764 770 3.
1803 712 2021 768 osten-

481 816 643 884 dens
679 818 893 905 legem
937 839 1065 885 non
1098 818 1486 906 Justificare,
1533 818 1687 907 quia
1735 839 1818 883 em
1885 818 2022 905 leqe

480 946 740 1002 tantum
769 937 1058 1022 eoqnitio
1088 938 1363 1022 peccati,
1403 937 1561 1021 qaia
1600 956 1684 1001 ex
1715 934 2024 1021 operibus

479 1054 643 1140 leyis
673 1074 808 1119 non
835 1052 1324 1140 justificabitur
1361 1055 1576 1118 omnis
1613 1073 1769 1117 caro
1800 1073 2019 1117 coram

478 1170 622 1247 icto,
694 1190 816 1256 per
870 1171 1075 1255 le9em
1139 1171 1317 1235 enim
1383 1170 1672 1255 eoqnicio
1729 1170 2020 1254 peceati,-

476 1303 655 1349 nane
672 1293 890 1347 autem
919 1284 1064 1349 sine
1095 1284 1234 1371 leye
1269 1286 1544 1372 justitia
1577 1284 1702 1348 Dei
1736 1284 2019 1367 manife-

470 1408 648 1463 stata
714 1408 828 1476 est,
886 1399 1240 1481 testificata
1303 1420 1345 1464 a
1413 1399 1552 1485 leqe
1600 1410 1659 1466 et
1726 1400 2022 1486 Prophe·

472 1515 581 1592 tis,
627 1527 757 1579 ete.
803 1514 924 1580 Ubi
966 1535 1082 1600 per
1113 1514 1439 1601 justitiam
1476 1514 1789 1601 intelligit
1819 1513 2023 1602 grati-

471 1651 577 1700 am
615 1631 753 1713 Dei,
803 1642 867 1697 et
898 1631 1196 1698 eamdem
1220 1631 1695 1718 condistinguit
1736 1652 1770 1697 a
1812 1631 2024 1698 littera

471 1746 662 1834 legis,
707 1748 811 1814 cui
849 1747 1056 1815 Judaei
1109 1749 1481 1844 tribuebant
1521 1748 1878 1816 efficacIam
1921 1768 2022 1815 sa·

473 1864 657 1932 lutis.
710 1868 788 1931 Et
828 1866 1099 1934 subdit:
1154 1866 1426 1933 lustitia
1475 1877 1692 1932 autem
1743 1868 1868 1933 Dei
1903 1887 2026 1953 per

472 1981 679 2063 sidem
736 1982 889 2048 Iesu
933 1982 1188 2049 Christi
1256 1985 1330 2049 in
1396 2005 1639 2062 omnes,
1705 1993 1765 2049 et
1825 2003 2026 2067 super

475 2119 701 2164 omnes
738 2101 853 2185 qai
889 2099 1169 2166 eredunt
1198 2102 1273 2165 in
1310 2121 1478 2179 eam,
1526 2121 1659 2166 non
1709 2101 1886 2166 enim
1933 2112 2026 2165 esc

477 2214 820 2280 distinctio
881 2214 1159 2304 (supple
1225 2217 1720 2303 personarum,)
1779 2215 2017 2295 Jadoei,

475 2342 595 2397 aut
636 2332 871 2412 Graeei,
916 2345 1038 2401 etc,
1074 2345 1136 2399 et
1169 2334 1331 2400 ratio
1380 2345 1479 2401 est
1514 2356 1528 2398 :
1579 2354 1803 2400 omnes
1850 2335 2027 2398 enim

476 2460 938 2535 peceaverunt,
982 2461 1043 2516 et
1082 2462 1271 2537 eqent
1310 2452 1534 2537 yloria
1575 2452 1722 2517 Dei.
1767 2451 2025 2533 las-tisi-

474 2566 616 2630 cati
649 2567 803 2631 estis
833 2566 1006 2652 (non
1051 2588 1130 2633 ex
1181 2569 1411 2634 merito
1451 2567 1699 2635 scilicet
1748 2579 2020 2648 naturae,

477 2681 670 2767 legiS,
707 2694 816 2748 aut
845 2682 1398 2764 circumcisioniS,
1436 2695 1548 2752 aut
1577 2684 1875 2773 operum)
1907 2707 2029 2772 per

474 2796 1020 2882 redemptionem,
1058 2820 1201 2886 qnoe
1248 2810 1342 2865 est
1383 2802 1455 2866 in
1500 2801 1786 2881 Christe,
1835 2821 2027 2889 quem

476 2916 830 2999 proposuit
877 2917 1050 2981 Deus
1078 2918 1630 3003 propitiationem
1667 2938 1790 3004 per
1825 2919 2025 3002 sidem

480 3031 555 3095 in
573 3032 900 3117 sanquine
925 3033 1158 3118 ipsius,
1188 3032 1279 3099 ad
1299 3036 1733 3100 ostensionem
1742 3037 2029 3122 justitioe

476 3171 617 3214 sace
647 3148 923 3236 (supple
962 3148 1216 3235 gratiae,
1254 3170 1402 3237 quae
1425 3149 1813 3239 intelligitur
1837 3152 2027 3239 justi-

479 3267 595 3347 tia,
635 3287 750 3352 per
771 3286 963 3352 quam
991 3264 1767 3354 justificamur)propter
1795 3272 2024 3335 remis-

474 3384 730 3448 sionem
790 3382 1302 3468 praeeedentium
1355 3384 1767 3464 delictorum,
1823 3397 1893 3452 at
1937 3387 2025 3451 sit

476 3502 623 3586 ipse
640 3503 882 3587 justuS,
918 3510 977 3565 et
1015 3501 1399 3586 justificans
1446 3522 1613 3580 eam,
1651 3505 1769 3588 qai
1812 3513 1904 3568 est
1944 3524 2027 3568 ex

474 3616 613 3698 side
640 3616 793 3682 lesu
834 3616 1111 3682 Christi.
1149 3616 1488 3684 Concludit
1521 3642 1533 3684 :
1589 3618 1712 3684 Ubi
1748 3631 1842 3684 est
1872 3641 2026 3707 erqo

473 3734 798 3820 qloriatio
859 3745 968 3799 tua
995 3733 1027 3798 ?
1057 3734 1323 3799 exclusa
1358 3745 1472 3813 est,
1505 3756 1629 3821 per
1684 3756 1879 3821 qnam
1937 3738 2029 3803 le-

474 3848 668 3936 yem?
699 3851 1030 3934 sactorum
1053 3848 1085 3912 ἴ)
1114 3870 1268 3930 non,
1305 3850 1421 3914 sed
1445 3872 1568 3936 per
1600 3851 1801 3937 leyem
1834 3850 2020 3935 fidei,

477 3967 631 4054 quia
664 3985 900 4051 nempe
930 3965 1096 4032 tollit
1115 3965 1570 4053 gloriationem
1600 3966 1912 4049 hominiS‚
1942 3968 2028 4034 si-

480 4103 562 4148 ve
603 4102 718 4168 per
756 4081 993 4168 legem,
1048 4080 1190 4146 sive
1220 4102 1334 4168 per
1373 4102 1571 4168 opera
1630 4070 1903 4165 naturae,
1962 4100 2031 4153 ut

484 4218 615 4264 non
677 4196 997 4284 glorietur
1052 4197 1266 4263 omnis
1325 4218 1473 4264 caro
1540 4198 1602 4265 in
1675 4213 2027 4287 conspectu

482 4315 661 4400 eJus;
702 4323 766 4378 et
797 4314 1112 4378 rationem
1136 4311 1389 4381 subdit:
1418 4315 1831 4382 arbitramur
1850 4319 2027 4384 enim

471 4428 847 4510 justificari
867 4427 1200 4492 hominem
1213 4448 1336 4512 per
1367 4429 1568 4512 sidem
1606 4432 1751 4496 sine
1806 4436 2028 4519 operi-

483 4545 599 4609 bus
632 4543 819 4630 leqis.
856 4545 960 4609 An
998 4554 1060 4608 ec
1099 4544 1478 4610 Judaeoram
1508 4547 1683 4612 Deus
1717 4558 1973 4615 tantum
1997 4553 2030 4618 ἶ)

482 4663 616 4725 imo
656 4671 718 4724 et
777 4660 1107 4726 Gentium.
1169 4661 1497 4736 Quoniam
1553 4664 1819 4750 quidem
1861 4688 2029 4733 nnus

478 4788 572 4843 est
627 4778 824 4855 Deus,
880 4778 998 4862 qai
1043 4779 1378 4863 justificat
1439 4779 2027 4851 Circumcisionem

478 4913 563 4956 ex
610 4889 768 4973 lide,
815 4902 877 4956 et
904 4894 1315 4977 praeputium
1351 4916 1475 4979 per
1509 4895 1736 4978 sidem.
1792 4899 2028 4985 Leyem

479 5007 884 5074 destruimus
925 5031 1051 5095 per
1077 5010 1333 5093 sidem?
1403 5013 1595 5092 absit,
1656 5014 1773 5080 sed
1824 5017 2029 5103 leqem

480 5127 856 5203 statu-imus,
896 5138 1020 5191 etc.
1535 5125 1538 5128 “

574 5243 926 5326 Postquam
975 5261 1135 5326 ergo
1184 5240 1420 5309 Paulus
1468 5243 1687 5312 docuit
1753 5247 2029 5314 salutem

486 5377 634 5423 esse
676 5377 805 5422 non
837 5379 918 5423 ex
947 5358 1161 5424 littera
1201 5358 1394 5446 legiS‚
1443 5383 1651 5449 neque
1702 5384 1782 5429 ex
1813 5366 2032 5452 operi-

159 5452 437 5571 casciano
493 5474 611 5539 bus
644 5473 908 5553 nostris,
964 5474 1077 5540 sed
1110 5495 1191 5541 ex
1232 5473 1380 5556 fide,
1424 5478 1633 5564 gratia
1674 5494 1736 5546 et
1784 5480 2032 5548 redem-

218 5585 394 5637 P⁸¹¹¹i·
490 5590 713 5677 ptione
741 5594 893 5659 Jesu
933 5591 1195 5675 Christi,
1234 5593 1377 5661 haec
1407 5593 1818 5687 distinguens
1857 5619 1893 5667 a
1931 5599 2034 5666 lit-

3553 418 3668 481 203

2136 595 2273 651 tera
2321 584 2510 672 legis,
2556 585 2620 650 in
2669 605 2795 672 qua
2842 582 3255 650 confidebant
3290 581 3520 661 ludaei,
3566 602 3672 648 se-

2133 702 2454 769 cludendo
2502 723 2763 767 omnem
2811 701 3001 767 aliam
3052 700 3565 787 redemptionem
3615 710 3678 764 et

2133 819 2436 904 gratiam,
2474 833 2713 908 praeter
2758 793 2962 887 solam
3005 816 3580 886 circumcisionem
3615 826 3679 881 et

2136 934 2379 1022 legem,
2424 935 2683 1003 tandem
2734 935 2922 1003 docet
2988 934 3286 1002 eumdem
3321 937 3525 1000 Deum
3569 935 3684 998 Ju-

2137 1054 2427 1120 daeorum
2485 1065 2550 1118 et
2592 1052 2898 1118 Gentium
2956 1072 3126 1132 esse,
3189 1051 3303 1138 qui
3349 1051 3681 1138 justificat

2141 1170 2730 1235 Circumcisionem
2794 1191 2878 1234 eoe
2923 1169 3078 1252 lide,
3153 1180 3223 1233 ¹et
3276 1169 3685 1253 praepatium

2129 1307 2255 1372 per
2281 1285 2528 1368 sidem,·
2588 1284 2765 1352 salus
2809 1306 2965 1372 ergo
3010 1306 3125 1371 per
3184 1285 3394 1371 ipsum
3456 1283 3578 1350 l'uit
3618 1283 3683 1348 in

2136 1400 2644 1469 Circumcisione
2681 1424 2760 1469 ex
2803 1403 2951 1481 fide,
2998 1423 3113 1469 seu
3162 1401 3467 1489 adjuncta
3523 1398 3675 1482 side,

2136 1516 2202 1582 id
2235 1528 2356 1596 est,
2396 1516 2459 1581 in
2499 1517 2744 1584 virtute
2804 1516 2954 1583 fidei
3011 1528 3074 1583 et
3114 1517 3343 1603 gratiae
3400 1514 3537 1592 Dei,
3609 1534 3684 1579 ac

2138 1639 2608 1726 redemptionis
2666 1660 2781 1726 per
2849 1639 3206 1717 Christum,
3278 1658 3353 1703 ac
3409 1634 3683 1723 proinde

2136 1755 2464 1823 concludit
2496 1755 2688 1823 fidem
2721 1776 2852 1821 non
2901 1756 3237 1822 destruere
3276 1753 3513 1840 legem,
3569 1750 3684 1817 sed

2139 1884 2447 1952 statuere,
2505 1881 2573 1938 ut
2615 1871 2767 1960 quia
2798 1891 2913 1958 per
2960 1891 3113 1956 ¹eam
3148 1869 3271 1936 fuit
3324 1866 3554 1935 efficax
3601 1866 3680 1932 ad

2137 1988 2437 2054 salutem.

2227 2106 2449 2192 Capite
2480 2105 2671 2172 etiam
2705 2102 3003 2192 sequenti
3025 2104 3369 2189 impugnat
3395 2100 3678 2180 Judaeos,

2140 2224 2524 2310 inquantum
2636 2220 3014 2287 asserebant
3134 2216 3681 2304 repromissiones
3818 2259 3924 2299 tum

2140 2340 2345 2407 fuisse
2386 2360 2466 2406 ex
2507 2338 3019 2406 circumcisione
3058 2348 3123 2403 et
3160 2337 3328 2423 lege,
3394 2355 3523 2401 non
3563 2356 3682 2402 au·
3777 2311 3970 2440 ζζξξξξὸ

2140 2467 2272 2522 tem
2304 2477 2385 2522 ex
2418 2453 2565 2536 fide,
2604 2455 2885 2542 probans
2908 2452 3448 2540 repromissiones
3482 2451 3680 2519 factas
3726 2436 4016 2502 Repu-omis·

3793 2504 3960 2550 siones

2138 2572 2445 2652 Abrahae,
2517 2592 2645 2636 non
2714 2591 2795 2637 ex
2870 2570 3176 2656 operibus
3247 2580 3518 2646 naturae,
3572 2580 3682 2633 aut
3789 2562 3944 2612 fuisse

2141 2687 2336 2753 etiam
2397 2708 2478 2753 ex
2538 2686 3072 2762 circumcisione,
3116 2684 3230 2751 sed
3271 2705 3352 2750 ex
3415 2683 3564 2764 fide,
3614 2696 3682 2750 ut
3736 2640 3796 2799 ἶ
3825 2627 3927 2737 ῗὲῗι
3952 2630 4004 2760 et

2140 2817 2313 2871 esset
2344 2815 2524 2890 pater
2552 2803 2847 2869 omnium
2880 2801 3307 2882 credentium,
3344 2800 3539 2866 etiam
3572 2799 3675 2880 iis,
3783 2765 4012 2867 ἐξιῖιιιιξω·

2140 2921 2252 3010 qui
2293 2933 2446 2988 sunt
2476 2942 2557 2987 ex
2596 2919 3128 2998 Circumcisione,
3167 2918 3551 3005 inquantum
3584 2937 3683 2982 se-

2140 3052 2401 3107 ctantur
2449 3039 2729 3125 vestigia
2779 3036 2952 3103 fidei.
3010 3037 3118 3103 Sic
3170 3036 3362 3101 etiam
3413 3033 3503 3100 ad
3552 3034 3686 3098 Ga-

2146 3159 2261 3223 lat.
2300 3161 2363 3222 2.
2408 3167 2469 3222 et
2509 3160 2573 3221 3.
2619 3166 2837 3222 servat
2881 3151 3176 3220 eamdem
3226 3149 3686 3237 contrapositi-

2148 3296 2337 3341 onem
2382 3273 2569 3360 legis,
2627 3269 2836 3359 quoad
2888 3269 3190 3349 litteram,
3241 3279 3304 3334 et
3337 3279 3680 3355 praecepta,

2146 3392 2224 3458 ad
2268 3391 2460 3457 fidem
2500 3403 2564 3457 et
2600 3389 2901 3475 gratiam.
2947 3390 3151 3463 Quam
3201 3384 3683 3451 distinctionem
3743 3412 4019 3466 Distineno

2140 3507 2440 3595 sequitur
2478 3507 2888 3594 Augustinus
2929 3504 3131 3569 variis
3165 3502 3228 3568 in
3268 3501 3429 3568 locis
3463 3512 3686 3566 contra
3766 3477 3972 3591 littffiae,

2140 3624 2547 3710 Pelagianos,
2605 3637 2667 3690 et
2713 3621 3050 3709 speciatim
3107 3619 3298 3698 libro,
3345 3638 3536 3704 quem
3596 3616 3685 3682 in·
3772 3602 3971 3668 &¹⁸⁸⁶ae-

2139 3740 2402 3825 scripsit
2432 3740 2730 3825 Spiritus
2777 3749 2836 3802 et
2879 3739 3123 3815 littera,
3171 3734 3508 3821 explicans
3533 3731 3690 3798 illud

2140 3854 2322 3922 Pauli
2360 3877 2374 3920 :
2420 3857 2678 3922 Littera
2717 3854 2985 3931 occidit,
3022 3853 3303 3939 spiritus
3343 3860 3561 3915 autem
3591 3849 3687 3914 vi-

2141 3974 2390 4057 vificat,
2441 3970 2801 4038 extendens
2851 3969 3135 4055 idipsum
3187 3967 3265 4033 ad
3314 3986 3691 4055 quamcum-

2142 4113 2270 4182 que
2328 4090 2566 4176 legem,
2640 4087 2835 4153 etiam
2890 4085 3222 4164 moralem,
3297 4083 3688 4170 inquantum

2143 4211 2346 4277 haeret
2389 4208 2451 4272 in
2499 4204 2948 4271 mandatorum
2989 4202 3249 4282 cortice,
3304 4213 3368 4267 et
3417 4220 3543 4266 non
3594 4200 3687 4265 in·

2140 4326 2344 4394 cludit
2392 4321 2693 4410 spiritum
2743 4319 3000 4407 gratiae,
3056 4338 3170 4405 per
3220 4336 3414 4404 quam
3468 4315 3564 4395 fit,
3619 4326 3688 4381 ut

2139 4463 2411 4529 operere
2450 4439 2884 4526 compleatur3
2929 4457 3003 4502 ac
3033 4433 3394 4501 novissime
3425 4432 3684 4498 tandem

2141 4557 2594 4625 Tridentinum
2625 4575 2780 4620 sess.
2818 4556 2882 4619 6.
2918 4574 2974 4618 ο.
3034 4533 3093 4615 1‘.
3132 4548 3427 4617 eamdem
3462 4547 3685 4634 sequi·
3760 4578 3999 4633 Trident.

2141 4684 2271 4751 tur,
2328 4690 2628 4738 asserens
2659 4666 2830 4755 quod
2866 4686 3075 4753 neque
3106 4667 3339 4730 Gentes
3392 4684 3506 4750 per
3547 4661 3685 4727 vim

2142 4800 2416 4866 naturae,
2512 4804 2724 4871 neque
2780 4783 2974 4848 etiam
3035 4781 3240 4848 Judaei
3300 4801 3416 4868 per
3475 4779 3684 4866 ipsam

2141 4907 2335 4972 etiam
2384 4904 2663 4969 litteram
2705 4900 2873 4988 legis
2906 4899 3111 4985 Moysi
3154 4897 3415 4964 liberari
3457 4909 3688 4983 potue-

2145 5021 2278 5087 rint
2319 5041 2352 5085 a
2390 5030 2672 5107 peccam.
2720 5019 2798 5082 Et
2827 5036 3077 5082 canone
3112 5019 3170 5080 1.
3219 5013 3389 5079 idem
3431 5012 3682 5092 definit,

2143 5149 2207 5204 et
2238 5135 2409 5225 quod
2441 5155 2637 5221 supra
2670 5132 3023 5220 appellavit
3070 5131 3353 5197 litteram
3386 5129 3578 5216 legis,
3624 5128 3688 5193 in

2145 5254 2371 5322 eodem
2412 5270 2661 5318 canone
2704 5249 2861 5316 dicit
2909 5249 3268 5317 doctrinam
3317 5246 3504 5332 legis,
3544 5266 3693 5332 quae

2148 5370 2448 5438 consistit
2486 5369 2553 5433 in
2588 5366 2758 5434 nuda
2798 5367 3173 5434 ostensione
3210 5379 3274 5432 et
3313 5362 3638 5430 mandato.

2235 5486 2685 5552 Distinxerunt
2723 5498 2786 5551 et
2826 5484 3093 5573 antiqua
3141 5480 3429 5548 Concilia
3466 5489 3690 5545 contra
3799 5497 3989 5548 Eadem

2147 5601 2508 5692 Pelagium,
2555 5612 2617 5667 et
2655 5611 3032 5678 sectatores,
3077 5597 3425 5695 gratiama
3455 5591 3691 5664 doctri·
3769 5560 4033 5689 ἀξξὲζᾚο

3723 2189 4010 2253 Argumen-

3899 5975 4008 6050 f
