4287 6313
128 1201 404 1253 Excusatur

162 1265 361 1317 Petrus.

1588 431 1916 497 Dls'r.111.
1979 429 2343 507 QUAES'I'IO
2400 429 2501 494 tv.

447 600 522 650 se
570 588 718 663 illis,
771 593 881 670 qui
933 597 1122 655 erant
1167 592 1534 668 inferiores,
1565 596 1849 658 maxime
1879 597 2004 656 An-

447 703 719 781 tiochiae,
795 714 862 769 et
922 710 1096 772 inter
1157 712 1426 787 Gentes,
1491 713 1577 777 ad
1641 729 1805 793 quas
1861 715 2003 790 ipse

452 820 636 896 aliam,
674 838 825 884 cum
870 823 1010 886 aliis
1038 828 1368 904 Apostolis
1397 829 1677 907 scripsit,
1715 843 1827 889 eas
1866 842 2001 888 non

448 939 725 1018 obligari
767 941 851 1003 ad
901 942 1161 1024 legalia,
1213 944 1395 1022 quod
1451 946 1754 1024 exemplo
1803 946 2001 1007 etiam

451 1054 871 1120 confirmasse
931 1059 1182 1123 debuit.
1259 1061 1436 1124 Licet
1492 1078 1652 1141 ergo
1708 1062 1775 1123 in
1826 1058 1995 1122 facto

451 1173 649 1234 fuerit
718 1179 1088 1251 peccatum,
1162 1182 1383 1238 tamen
1465 1191 1749 1255 persona
1827 1175 2001 1237 Petri

453 1294 805 1352 excusatur
833 1308 870 1353 a
898 1293 1082 1372 gravi
1110 1294 1324 1372 lapsu,
1357 1294 1411 1356 si
1442 1294 1612 1355 ullus
1658 1291 1802 1365 fuit,
1846 1292 2004 1371 quia

447 1405 616 1470 forte
667 1424 747 1470 ex
795 1408 1221 1473 instructione
1266 1412 1711 1491 praesumebat
1748 1410 1998 1471 nullum

446 1520 587 1585 fore
612 1524 997 1586 scandalum
1030 1525 1334 1587 Gentium
1386 1541 1471 1587 ex
1520 1525 1625 1586 illa
1673 1540 1999 1604 segrega-

352 1665 359 1738 s
449 1639 650 1715 tione,
703 1657 894 1719 quam
947 1645 1023 1703 ut
1062 1642 1318 1704 Judaeos
1366 1641 1802 1716 lucrifaceret,
1844 1638 2003 1701 fecit

446 1758 552 1819 vel
579 1772 713 1819 non
745 1757 1046 1830 advertit,
1099 1762 1166 1820 et
1210 1756 1453 1820 factum
1501 1758 1664 1820 illud
1718 1758 1803 1819 ad
1854 1773 1999 1835 per-

374 1907 379 1914 ·
446 1889 677 1935 sonam
721 1874 893 1938 Petri
928 1873 1237 1947 refertur,
1288 1880 1362 1937 ut
1403 1875 1725 1954 processit
1769 1874 1850 1935 ab
1893 1877 1994 1938 in-

382 2038 393 2042 -
452 1993 744 2054 tentione
812 1992 981 2072 ejuS,
1070 1996 1224 2071 quia
1294 1992 1544 2054 licitum
1615 1997 1757 2054 erat
1825 1994 1999 2054 inter

445 2109 703 2172 Judaeos
761 2126 1025 2173 servare
1082 2115 1336 2172 tantum
1389 2110 1639 2191 legem,
1696 2109 1877 2189 quod
1934 2118 2000 2173 et

448 2226 686 2290 Paulus
735 2227 931 2288 etiam
978 2226 1158 2299 fecit,
1210 2228 1383 2289 licuit
1433 2231 1500 2289 et
1542 2228 1715 2290 inter
1753 2227 1999 2289 Gentes

448 2356 581 2401 non
652 2341 1032 2416 observare,
1105 2345 1173 2403 et
1253 2345 1485 2404 notum
1553 2339 1675 2404 fuit
1743 2340 1999 2403 Judaeos

448 2457 664 2519 adhuc
694 2473 1157 2535 perseverasse
1198 2459 1265 2519 in
1313 2455 1478 2538 legis
1509 2458 1995 2530 observatione,

448 2576 514 2635 et
559 2572 682 2632 hoc
725 2572 885 2649 ipsis
929 2569 1133 2632 fuisse
1183 2571 1431 2634 licitum
1482 2588 1599 2649 pro
1659 2571 1766 2633 illo
1825 2574 1991 2632 tem-

445 2708 631 2769 pore,
718 2694 867 2770 quia
956 2691 1292 2753 consilium
1374 2691 1997 2771 lerosolymitanuin

446 2808 601 2870 nihil
634 2807 718 2870 de
745 2807 991 2870 Judaeis
1022 2809 1281 2881 statuit3
1337 2812 1590 2871 ratione
1640 2823 1799 2887 ergo
1850 2808 1995 2868 cha-

449 2925 653 2987 ritatis
710 2933 777 2986 et
824 2923 1240 2987 humanitatis
1285 2926 1514 2986 Petrus
1571 2923 2000 2988 conformavit

448 3056 520 3102 se
578 3039 701 3104 illis
757 3038 999 3102 nuntiis
1065 3042 1316 3117 Jacobi,
1390 3057 1525 3103 non
1597 3057 1995 3117 praesumens

445 3158 600 3221 inde
631 3156 899 3236 aliquod
927 3161 995 3221 in
1026 3159 1347 3247 Gentibus
1378 3167 1767 3222 eventurum
1813 3177 2000 3222 scan-

449 3273 692 3346 dalum,
725 3291 947 3353 neque
978 3275 1364 3354 praevidens,
1398 3276 1545 3355 quia
1576 3277 1700 3354 ipsi
1732 3293 1813 3339 ex
1845 3276 2000 3338 defi·

443 3390 695 3453 nitione
726 3388 1018 3463 Concilii,
1077 3396 1145 3453 et
1186 3390 1659 3469 praedicatione
1713 3394 1994 3470 Aposto-

445 3510 662 3571 lorum
690 3502 1067 3571 hab'uerunt
1093 3509 1417 3590 regulam,
1459 3512 1561 3573 cui
1610 3526 1683 3571 se
1738 3507 2002 3573 confor-

454 3642 637 3687 mare
667 3626 1017 3689 deberent.

523 3741 840 3804 Caeterum
920 3716 1137 3817 ipsum
1217 3756 1337 3818 per
1419 3756 1492 3803 se
1566 3739 1811 3803 factum
1880 3741 2004 3804 fuit

455 3855 982 3935 reprehensibile
1009 3859 1263 3917 ratione
1295 3856 1615 3927 scandali,
1653 3856 1833 3936 quod
1875 3874 2001 3936 ge-

449 3970 665 4035 nerari
739 3979 962 4050 posset
1039 3988 1122 4033 ex
1184 3973 1653 4052 segregatione
1726 3972 2000 4051 praefata

322 4120 335 4133 ·
446 4105 485 4149 a
530 4087 872 4158 Gentibus,
964 4095 1031 4149 et
1099 4087 1225 4149 hoc
1299 4086 1494 4149 modo
1567 4088 1995 4161 reprehendit

216 4598 305 4650 81.

447 4203 687 4264 Paulus
728 4201 997 4264 factum.
1066 4204 1205 4264 Haec
1264 4208 1482 4264 autern
1535 4205 1803 4282 quaestio
1866 4219 2001 4266 non

448 4325 551 4382 est
609 4322 802 4401 juris,
857 4319 979 4382 sed
1038 4319 1215 4391 facti,
1277 4322 1340 4381 in
1387 4336 1516 4398 qua
1565 4322 1773 4397 potuit
1844 4336 1991 4383 esse

454 4452 635 4498 error
675 4435 816 4497 sine
848 4435 1223 4515 praeJudicio
1254 4414 1259 4419 ¹
1278 4451 1580 4512 personae
1615 4438 1916 4497 errantis.

530 4551 737 4631 Major
779 4550 1122 4615 difficultas
1166 4562 1368 4625 esset,
1400 4552 1454 4613 si
1485 4552 1723 4631 legalia
1777 4556 2003 4613 essent

451 4665 808 4739 mortifera,
884 4673 957 4728 ut
1042 4669 1249 4729 sensit
1318 4668 1773 4748 HieronymuS,
1847 4668 1998 4747 quia

454 4781 774 4844 simulatio
819 4782 924 4843 illa
953 4782 1062 4843 vix
1093 4783 1389 4844 excusari
1429 4790 1676 4860 posset,
1727 4800 1875 4845 cum
1919 4784 2002 4845 sit

449 4901 516 4960 in
544 4898 815 4960 materia
858 4898 1238 4977 ReligioniS,
1272 4903 1337 4961 et
1368 4900 1735 4963 contineret
1758 4898 1997 4962 falsum

450 5013 717 5083 cultum,
769 5013 877 5091 qui
924 5014 1096 5075 nulla
1143 5015 1397 5076 ratione
1443 5014 1696 5076 admitti
1742 5024 1994 5092 potest;

449 5129 686 5190 melius
747 5143 904 5208 ergo
964 5131 1370 5208 Augustinus
1415 5129 1692 5192 admittit
1753 5130 1993 5209 legalia

453 5245 653 5307 fuisse
712 5245 907 5314 licita,
968 5251 1035 5307 et
1094 5262 1229 5307 non
1300 5246 1649 5323 prohibita,
1727 5247 1993 5326 quando

458 5389 534 5433 ea
564 5372 998 5433 observarunt
1037 5371 1353 5448 Apostoli,
1404 5386 1479 5432 ac
1528 5372 1801 5450 proinde
1853 5377 1995 5433 tan-

456 5489 607 5552 dem
649 5490 790 5569 ipse
853 5492 1287 5570 Hieronymus
1361 5490 1655 5551 transivit
1700 5491 1766 5552 in
1837 5506 1990 5552 sen-

463 5607 733 5669 tentiam
761 5607 1149 5688 Augustini,
1193 5611 1268 5668 ut
1300 5612 1477 5685 patet
1520 5623 1598 5670 ex
1636 5606 1898 5689 dialogo
1935 5608 1989 5670 l.

3537 427 3656 489 373

2123 595 2350 654 contra
2379 591 2770 673 Pelagianos
2803 610 2820 653 ε
2854 591 3174 663 Primum,
3218 590 3456 670 inquit,
3497 589 3672 667 quod

2114 711 2285 770 dixit
2359 709 2969 786 irreprehensibilis,
3043 713 3157 771 aut
3237 707 3479 782 nullus,
3552 711 3668 768 aut

2112 843 2351 900 rarus;
2399 826 2542 902 quis
2579 832 2667 888 est
2711 828 2904 902 enim,
2954 828 3071 904 qui
3113 842 3238 886 non
3279 827 3346 887 in
3382 824 3663 902 pulchro

2111 956 2404 1016 corpore,
2453 945 2566 1001 aut
2627 956 2897 1013 naevum,
2960 945 3067 1001 aul
3128 955 3469 1002 verrucam
3541 941 3665 1001 lta-

2112 1058 2295 1118 beat?
2323 1059 2381 1117 si
2423 1061 2591 1120 enim
2621 1059 2754 1133 ipse
2800 1056 3124 1132 Apostolus
3152 1056 3307 1118 dicit
3336 1058 3414 1117 de
3447 1059 3656 1127 Petra,

2112 1175 2288 1251 quod
2325 1189 2451 1234 non
2495 1181 2669 1235 recto
2714 1174 2876 1249 pede
2912 1174 3240 1235 incesserit
3278 1174 3347 1233 in
3373 1175 3659 1248 Evanqe-

2112 1285 2195 1353 lii
2233 1293 2588 1363 veritatem,
2633 1296 2691 1351 et
2729 1292 2798 1352 in
2836 1295 3088 1351 tantum
3141 1287 3665 1366 reprehensibilis

2109 1415 2343 1490 fuerit,
2403 1417 2472 1473 ut
2543 1418 2599 1473 et
2655 1413 2992 1473 Barnabas
3068 1413 3382 1474 adductus
3443 1412 3523 1473 sit
3594 1411 3663 1472 in

2110 1531 2406 1592 eamdem
2447 1530 2953 1603 simulationem,
3017 1529 3162 1605 quis
3213 1527 3665 1604 indiqnabitur

2108 1645 2182 1706 id
2219 1646 2348 1707 sibi
2384 1645 2720 1722 denegari,
2764 1645 2940 1722 quod
2986 1645 3290 1718 Princeps
3327 1640 3663 1720 Apostolo-

2106 1776 2260 1820 rum
2331 1776 2458 1821 non
2512 1759 2777 1820 habuit?
2831 1757 3007 1821 Idem
3080 1757 3276 1820 docet
3334 1759 3471 1836 ipse
3526 1759 3664 1818 Au-

2109 1876 2415 1956 gustinus
2460 1877 2728 1954 epistola
2776 1876 2916 1938 260.
2965 1874 3051 1937 ad
3098 1875 3438 1938 Oceanum
3481 1876 3666 1937 :Sed
3689 1893 4013 1960 Augustinus

2112 1996 2271 2071 quid
2295 1996 2444 2056 hinc
2470 1995 2734 2067 diutius,
2765 1994 2993 2071 inquit,
3041 2008 3190 2055 cum
3230 1995 3309 2055 de
3334 1994 3458 2054 hac
3485 2009 3656 2069 ςυστ·
3686 1955 4011 2070 ,εἶξὲζῖξζῗψ

2105 2112 2307 2172 stione
2360 2108 2636 2190 (scilicet
2696 2108 3126 2171 observantiae
3193 2107 3532 2188 legalium,
3594 2110 3661 2167 et
3778 2096 3925 2194 33¹3·

2108 2229 2278 2290 circa
2322 2230 2544 2291 locum
2574 2227 2752 2289 Pauli
2795 2225 2881 2288 ad
2930 2226 3186 2288 Galatas
3214 2224 3305 2295 2.)
3346 2227 3516 2287 inter
3544 2242 3660 2287 nos

2105 2362 2246 2423 eya,
2294 2353 2349 2405 et
2389 2346 2739 2420 praedictus
2817 2319 3212 2406 Venerabilis
3250 2344 3469 2419 frater
3509 2344 3657 2403 Hie·
3735 2373 3738 2378 <

2106 2476 2418 2536 ronymus
2476 2460 2634 2521 satis
2675 2458 2907 2521 litteris
2949 2459 3289 2535 aperimus,
3345 2463 3401 2517 et
3448 2459 3517 2519 in
3544 2458 3665 2519 boc

2110 2593 2303 2654 opere
2339 2577 2773 2639 recentissimo
2819 2576 2994 2651 quod
3028 2576 3287 2636 nomine
3345 2573 3666 2636 critoboli

2108 2695 2419 2755 adversus
2475 2691 2812 2768 Pelaqium
2873 2692 3061 2752 modo
3109 2692 3332 2766 edidit,
3366 2691 3664 2752 eamdem

2110 2811 2189 2871 de
2230 2809 2352 2870 ista
2407 2824 2481 2868 re
2536 2814 2714 2884 qesta
2756 2810 2943 2870 dictis
2994 2807 3371 2883 Apostolicis
3410 2811 3656 2868 senten·
3777 2855 3780 2860 .

2107 2926 2272 2986 tiam
2338 2926 2561 2995 tenuit,
2639 2939 2839 3000 quam
2908 2924 3276 2986 Beatissimi
3345 2923 3665 2999 Cypriani

2108 3043 2303 3105 etiam
2356 3058 2470 3104 nos
2519 3041 2723 3104 seculi
2783 3056 3029 3116 sumus,
3090 3047 3215 3102 etc.
3261 3042 3354 3103 Ex
3414 3039 3654 3120 quibus

2108 3163 2294 3238 patet
2350 3160 2843 3238 Hieronymum,
2906 3158 3060 3220 visis
3131 3158 3389 3235 scriptis
3430 3160 3661 3237 Augu-

2106 3277 2259 3339 stini
2296 3279 2361 3337 in
2399 3275 2664 3350 epistola
2724 3275 2818 3337 19.
2877 3280 3170 3337 mutasse
3231 3244 3655 3347 sententiam,

2111 3398 2177 3453 et
2234 3392 2587 3456 adhaesisse
2639 3393 3048 3472 Augustino;
3120 3406 3255 3453 non
3320 3395 3424 3452 est
3494 3405 3657 3469 ergo

2111 3510 2292 3589 quod
2363 3510 2469 3571 alii
2552 3526 2693 3570 eam
2790 3514 3017 3571 contra
3086 3512 3381 3569 mentem
3447 3507 3655 3586 ipsius

2117 3626 2490 3707 Hieronymi
2549 3621 2915 3686 defendere
2974 3628 3319 3687 conentur.

2191 3739 2290 3802 Ad
2333 3737 2761 3800 fundamenta
2806 3735 3093 3798 adducta
3122 3737 3204 3798 ab
3235 3738 3657 3817 HieronymO,

2110 3862 2297 3935 patet
2341 3856 2518 3917 illam
2560 3853 3080 3932 suppositionem
3142 3854 3287 3933 ejus
3351 3852 3435 3915 de
3496 3854 3660 3916 inhi-

2108 3974 2358 4038 bitione
2416 3971 2729 4051 legalium
2772 3985 2905 4033 non
2959 3987 3106 4033 esse
3157 3969 3659 4047 admittendam,

2110 4091 2234 4151 nisi
2307 4106 2386 4150 eo
2456 4104 2683 4158 sensu,
2758 4103 2887 4165 quo
2956 4089 3099 4165 quis
3169 4089 3237 4148 in
3309 4086 3402 4148 eis
3471 4104 3662 4166 spem

2112 4210 2412 4284 poneret,
2475 4209 2540 4265 et
2583 4219 2716 4265 non
2760 4206 2823 4264 in
2882 4204 3093 4282 gratia
3138 4201 3394 4273 Christi,
3456 4218 3659 4282 quem

2109 4339 2375 4384 sensum
2447 4320 2683 4381 Paulus
2755 4319 3047 4392 damnat,
3119 4323 3289 4383 sicut
3344 4324 3411 4381 et
3463 4335 3655 4381 usum

2110 4436 2541 4510 conformem,
2592 4434 2675 4497 de
2734 4435 2834 4496 his
2902 4435 3093 4513 plura
3163 4434 3468 4498 moderni
3524 4436 3655 4496 Do-

3692 1032 4011 1085 Retractatio

3741 1095 3950 1148 Hieron.

2070 4561 2350 4628 stores,
2395 4554 2518 4618 sed
2565 4553 2952 4635 compendio
3017 4553 3170 4616 data
3232 4554 3470 4616 solutio
3526 4550 3659 4615 suf·

2108 4674 2276 4747 ficit;
2324 4690 2460 4735 non
2516 4672 2824 4736 videntur
2867 4674 3043 4734 enim
3092 4670 3457 4735 advertisse
3508 4672 3655 4733 Hie-

2105 4805 2455 4870 ronymum
2506 4788 2772 4852 tandem
2815 4793 3107 4851 mutasse
3157 4788 3569 4851 sententiam.

2188 4906 2282 4988 (k)
2326 4913 2398 4969 Et
2449 4908 2512 4969 si
2549 4923 2827 4985 quaeras,
2888 4908 3144 4986 quando
3189 4908 3318 4983 fuit
3360 4907 3657 4969 Circum-

2107 5026 2263 5087 cisio
2289 5023 2671 5102 simpliciter
2715 5025 2947 5089 illicita
2986 5025 3226 5087 ,ludaeis
3269 5025 3464 5085 etiam
3511 5040 3655 5087 con·
3732 5003 3959 5130 T‘fflgm

2104 5143 2326 5214 versiS,
2376 5146 2502 5203 etc.
2553 5140 2938 5218 Respondet
2987 5139 3057 5202 id
3098 5141 3422 5203 incertum
3480 5156 3650 5215 esse,
3691 5126 3994 5178 Judaeorum

2107 5263 2173 5318 et
2229 5257 2656 5333 probabiliter
2715 5256 2839 5318 dici
2885 5273 3083 5333 posse
3130 5273 3213 5319 ex
3272 5262 3407 5319 toto
3453 5254 3653 5319 fuisse
3707 5188 3984 5365 ξςὲῖῑέιῑέἐὲξ

2103 5356 2442 5436 inhibitam
2491 5376 2808 5437 subversa
2849 5376 3254 5456 ,ierosolyma
3286 5379 3353 5436 et
3383 5375 3655 5453 temp10,
3984 5351 4002 5369 ⁹

2105 5490 2288 5570 quod
2356 5489 2549 5552 valde
2621 5494 3143 5552 consentaneum
3217 5495 3317 5552 est
3393 5490 3653 5564 rationi,

2103 5624 2240 5672 non
2293 5600 2568 5671 durasse
2625 5608 2928 5688 ampliuS,
2976 5608 3130 5687 quia
3188 5612 3256 5669 et
3297 5580 3655 5690 synagoga

3801 4939 3889 4992 82.
