4287 6313
614 393 733 459 370

387 559 466 611 19·
598 554 956 649 primum
1021 553 1225 637 dico,
1291 553 1619 647 quod-in
1675 553 1854 645 lege
1911 556 2151 626 erant

249 624 456 761 arguff.
513 687 565 740 ι.
595 672 967 755 moralia,
1062 674 1231 747 sive
1313 672 1646 765 legalia,
1728 669 2152 765 judicialia

246 752 676 879 sssssscgssffiet
743 790 1382 874 caeremonialia;
1452 793 1531 863 et
1604 793 1995 883 quantum
2055 788 2150 861 ad

297 889 515 1004 in'ssffo,
597 908 1001 1000 quodlibet
1052 906 1431 989 istorum,
1485 910 1757 1000 potest
1799 903 2150 996 intelligi

588 1026 925 1101 Verbum
983 1024 1293 1102 Christi
1359 1028 1582 1097 :‘Non
1649 1029 1805 1095 veni
1859 1028 2143 1104 solvere,

592 1148 744 1217 etc.
834 1141 1025 1234 quia
1108 1140 1569 1233 Decalogus
1658 1139 2152 1233 simpliciter

594 1263 891 1343 manet,
965 1258 1097 1331 sed
1167 1259 1611 1352 perfectius
1679 1259 2143 1351 exponitur,

594 1394 835 1467 quam
878 1373 1135 1447 Judaei
1205 1374 1701 1466 intelligunt,
1766 1378 1852 1446 ut
1927 1363 2146 1466 patet

537 1573 546 1593 ¹
593 1490 882 1566 Matth.
924 1494 993 1565 5.
1029 1493 1356 1573 Audistis,
1402 1495 1558 1581 quia
1599 1493 1849 1559 dictum
1896 1503 1989 1557 est
2026 1513 2148 1557 an-

265 1639 451 1690 Matth.
479 1640 534 1692 5.
595 1612 797 1697 liquis
854 1635 877 1677 .·
945 1610 1096 1676 Non
1162 1610 1444 1676 occides.
1513 1610 1657 1696 qu
1712 1619 1933 1675 autem
1995 1608 2147 1674 dico

328 1703 545 1815 ffi‘ssffiss'
593 1728 777 1794 vobis
844 1753 865 1794 .·

276 1828 551 1958 n‘ssgfflxvst
594 1845 800 1924 Raca,
863 1854 982 1909 etc.
1049 1843 1150 1915 Et
1203 1868 1225 1909 .·
1283 1844 1433 1909 Non
1497 1842 1947 1922 moechaberiS,
2019 1851 2139 1909 ete.

280 1953 543 2007 veterem?
596 1962 739 2048 Eyo
768 1970 986 2026 autem
1029 1960 1180 2025 dico
1227 1958 1407 2024 vobis
1448 1984 1469 2024 .·
1517 1959 1919 2043 Quicumque
1955 1956 2142 2023 vide-

596 2077 690 2143 rit
713 2076 1057 2142 mulierem
1085 2074 1176 2140 ad
1206 2073 1799 2161 concupiscendum
1821 2095 1987 2151 eam,
2017 2084 2137 2140 etc.

685 2188 1115 2262 Judicialia
1156 2192 1430 2261 autem
1467 2191 1815 2267 manent,
1850 2206 2011 2258 non
2063 2187 2142 2258 in

598 2323 707 2384 se,
780 2306 913 2376 sed
982 2304 1062 2375 in
1118 2302 1697 2395 aequipollenti,
1752 2306 2141 2394 quantum

276 2411 537 2522 ᾖξ’ζῗξξχ
596 2421 690 2493 ad
755 2419 1021 2493 finem.
1095 2419 1319 2492 Finis
1372 2419 1587 2492 enim
1635 2417 2139 2511 judicialium

331 2532 383 2581 ‘¹-
412 2535 498 2585 ⁴0·
594 2541 774 2610 erat
867 2537 1201 2631 pacifica
1286 2536 1789 2610 cohabitatio
1885 2534 2142 2608 homi-

592 2675 783 2727 num
832 2681 848 2736 ;
941 2674 1212 2728 mores
1311 2657 1584 2728 aut-em
1672 2651 2139 2744 Evangelici

591 2770 772 2864 plus
831 2769 1105 2844 valent
1163 2768 1256 2840 ad
1331 2767 1750 2861 pacificam
1810 2787 2140 2840 conver-

589 2887 925 2969 sionem,
990 2905 1230 2978 quam
1271 2884 1402 2956 lex
1452 2883 1812 2965 talionis,
1878 2883 2138 2975 magis

586 3003 801 3075 enim
863 3007 1248 3076 servatur
1290 3022 1472 3096 pax,
1529 3003 1599 3075 si
1644 3022 1805 3074 non
1861 3021 2142 3094 percu-

586 3120 744 3195 tias
797 3120 1412 3213 percutientem,
1466 3140 1702 3213 quam
1745 3119 1813 3192 si
1858 3120 2136 3193 oculus

585 3258 735 3330 pro
772 3238 1033 3321 oculo,
1068 3244 1149 3311 et
1187 3237 1378 3309 dens
1413 3256 1560 3329 pro
1594 3236 1827 3309 dente
1870 3235 2135 3308 redda-

585 3358 748 3427 tur.
783 3355 1002 3426 Unde
1035 3353 1397 3426 breviter
1417 3352 1729 3425 nullum
1755 3351 2135 3444 judiciale

588 3469 807 3542 illius
850 3467 1052 3559 legis
1110 3466 1329 3560 (quia
1390 3468 1609 3541 illius
1649 3467 1881 3560 legis)
1934 3466 2135 3558 ligat

582 3605 819 3668 nunc,
858 3586 1045 3658 licet
1086 3587 1363 3657 tamen
1392 3584 1589 3657 bene
1626 3583 2133 3676 Principibus

582 3723 791 3778 nunc
826 3704 1189 3777 statuere
1222 3701 1524 3794 aliqua,
1570 3721 1742 3794 quae
1783 3705 2020 3775 erant
2052 3701 2133 3774 in

579 3818 757 3910 lege
808 3816 1118 3911 Moysi;
1164 3821 1246 3891 et
1289 3817 1429 3889 illa
1474 3817 1732 3908 ligant
1773 3816 2134 3891 auctori-

578 3940 747 4009 tate
838 3934 1271 4026 Principis,
1364 3954 1574 4006 nunc
1661 3934 2128 4014 statuentiS,

571 4072 734 4125 non
768 4051 1266 4125 auctoritate
1297 4049 1501 4143 legis
1534 4050 1864 4123 veteris.
1905 4051 2129 4124 Sicut

570 4170 765 4244 licet
799 4169 936 4241 uni
981 4168 1186 4260 Regi
1222 4168 1302 4240 in
1346 4186 1596 4258 regno
1634 4187 1779 4239 suo
1829 4171 2129 4241 statue·

574 4308 661 4359 re
728 4287 1013 4376 legem,
1075 4305 1249 4376 quae
1308 4288 1434 4357 est
1497 4282 1577 4354 in
1635 4281 1798 4354 alio
1845 4301 2125 4373 regnO,

572 4403 705 4476 sed
760 4402 901 4475 illa
941 4422 1101 4474 non
1153 4400 1358 4491 ligat
1402 4398 1533 4482 ibi,
1592 4398 1781 4490 quia
1822 4398 1952 4469 lex
2001 4401 2124 4470 est

570 4519 917 4593 alterius
963 4515 1220 4609 regni,
1279 4514 1412 4587 sed
1491 4514 1680 4607 quia
1750 4513 2129 4588 instituta

580 4638 714 4712 hic
756 4636 855 4708 ab
892 4635 1050 4707 isto
1096 4635 1348 4723 Rege.

236 4773 553 4824 emmoni-
667 4748 1291 4828 caeremonialia
1367 4750 1643 4818 autem
1720 4766 1881 4818 non
1960 4766 2129 4818 ma-

347 4837 446 4886 alia

252 4897 538 4949 manentia
578 4872 772 4942 nent
808 4867 887 4939 in
921 4888 1029 4949 se,
1081 4865 1215 4938 sed
1264 4865 1345 4936 in
1396 4863 1565 4936 suis
1619 4861 2127 4955 significatis,

234 4962 770 5089 ,gniffififfiquia
857 4982 1146 5055 umbra
1229 4978 1594 5061 transiit,
1664 4983 1745 5053 et
1820 4979 2130 5052 veritas

577 5100 994 5175 successit.
1059 5100 1354 5174 Omnes
1404 5094 1620 5168 enim
1688 5094 1847 5169 illae
1920 5096 2134 5188 puri-

573 5215 993 5293 ficationes
1081 5212 1655 5304 significabant
1754 5212 2127 5304 purifica-

571 5338 879 5412 tionem
961 5353 1008 5405 a
1083 5332 1438 5424 peccato,
1523 5331 1601 5401 et
1682 5328 1843 5403 illae
1915 5330 2125 5403 obla-

570 5456 837 5529 tiones
889 5449 1352 5545 figurabant
1402 5446 1897 5520 oblationem
1954 5467 2125 5540 per-

570 5572 872 5650 sectam
924 5566 1261 5650 Christi,
1312 5571 1394 5641 et
1453 5569 1685 5640 actus
1745 5563 2132 5656 quosdam

274 2218 301 2267 J
309 2216 543 2267 udicialia

292 2280 543 2344 quomodo

343 2358 477 2394 nunc

949 1727 1352 1812 Quicumque
1434 1726 1690 1792 dixerit
1762 1725 1976 1808 fratri
2027 1744 2190 1789 suo.

1789 392 1935 456 ΗΒ.
1968 391 2071 455 1V.
2094 388 2693 459 SENTEN'riARUM

2263 552 2561 638 latriae,
2607 554 2813 639 fidei,
2868 556 3040 650 spei
3096 562 3177 634 et
3238 559 3674 637 charitatis
3737 560 3816 635 in

2262 671 2553 752 Deum;
2654 675 2736 747 et
2828 671 3000 747 haec
3096 680 3285 752 sunt
3379 679 3810 772 completa,

2264 783 2534 860 hostia
2577 788 2718 861 illa
2759 789 2931 882 jam
2967 791 3263 877 oblata,
3316 797 3395 867 et
3445 813 3592 887 per
3633 816 3815 869 eam

2265 902 2621 991 peccatis
2681 905 3083 995 purgatis,
3134 911 3215 981 et
3267 908 3670 984 mentibus
3730 909 3812 982 in

2262 1014 2573 1091 cultum
2614 1018 2761 1091 Dei
2791 1019 3152 1096 directis.

2350 1132 2547 1205 Dico
2581 1153 2807 1228 ergo,
2845 1140 3052 1228 quod
3093 1159 3253 1211 non
3299 1140 3518 1214 venit
3561 1142 3815 1215 solve-

2265 1265 2352 1320 re
2445 1248 2731 1343 legem,
2827 1253 2955 1325 vel
3051 1255 3806 1342 Circumcisionem,

2262 1372 2653 1456 quantum
2686 1369 2781 1442 ad
2813 1368 3199 1454 fructum,
3235 1373 3330 1446 ad
3365 1394 3595 1466 quem
3629 1379 3810 1450 erat

2261 1479 2666 1567 instituta,
2739 1485 2902 1559 imo
2984 1487 3326 1579 perfecit
3395 1510 3603 1575 eam,
3682 1511 3812 1565 co-

2260 1596 2572 1688 piosius
2651 1602 3094 1675 remedium
3146 1608 3227 1678 et
3286 1604 3525 1697 longe
3632 1627 3810 1700 per-

2237 1709 2547 1821 ‘fectius
2600 1716 3116 1802 instituendO,
3179 1724 3265 1793 ut
3324 1721 3626 1797 dictum
3685 1730 3811 1799 est

2259 1829 2340 1903 in
2412 1830 2891 1907 declarando
2975 1836 3489 1928 suppositum
3567 1840 3806 1915 istius

2257 1947 2760 2039 quaestionis.

2344 2066 2456 2138 Ad
2480 2068 3210 2153 confirmationem,
3248 2094 3429 2166 cum
3472 2074 3798 2162 dicitur,

2256 2180 2633 2257 Christus
2711 2184 2792 2257 in
2870 2207 2954 2259 se
3012 2185 3165 2261 fuit
3239 2189 3795 2282 circumcisus»,
3832 2173 4157 2286 Adfosshm

2256 2298 2757 2392 Respondeo,
2810 2322 2971 2374 non
3045 2306 3414 2396 oportuit
3478 2308 3805 2401 legisla-

2254 2419 2524 2488 torem
2619 2417 2901 2491 statim
2978 2419 3201 2495 circa
3283 2420 3804 2499 nativitatem

2256 2552 2488 2605 suam
2520 2531 2782 2625 legem
2824 2533 3069 2618 ferre,
3114 2541 3195 2612 et
3236 2538 3409 2612 ideo
3460 2538 3543 2612 in
3584 2542 3808 2634 prin-

2254 2648 2469 2741 cipio
2512 2650 2639 2723 sui
2680 2653 3077 2745 temporis
3118 2653 3252 2728 lex
3293 2655 3524 2747 prior
3553 2656 3808 2732 adhuc

2251 2763 2621 2849 duravit;
2676 2767 2879 2840 unde
2917 2774 3002 2844 et
3041 2770 3205 2856 illa,
3250 2792 3424 2863 quae
3474 2770 3807 2848 fuerunt

2254 2878 2458 2971 legis
2499 2886 2843 2966 naturae,
2907 2884 3235 2962 fuerunt
3309 2888 3808 2961 observanda

2252 2996 2478 3069 circa
2548 2999 2944 3090 Moysem,
3008 3022 3260 3094 usque
3321 3004 3416 3076 ad
3481 3007 3807 3098 tempus

2249 3111 2601 3188 dationis
2641 3114 2845 3208 legis
2890 3118 2972 3191 in
3032 3122 3305 3194 monte
3364 3119 3621 3203 Sinai;
3694 3121 3810 3197 ita

2249 3226 2408 3302 hic.
2455 3232 2557 3303 Et
2589 3232 2866 3305 eodem
2901 3235 3137 3307 modo
3195 3238 3463 3328 potest
3511 3237 3665 3310 dici
3716 3237 3808 3309 de

2248 3346 2440 3436 agni
2501 3347 2918 3422 Paschalis
2976 3351 3479 3426 comestione
3534 3353 3615 3425 in
3655 3375 3808 3428 coe·
3864 3364 3924 3413 112
3964 3366 4131 3415 morte

2248 3480 2376 3545 na,
2432 3462 2619 3553 quia
2670 3464 2754 3535 in
2806 3471 3071 3542 morte
3115 3466 3425 3543 Christi
3465 3468 3803 3543 causali·
3860 3428 4133 3541 0333&-

2248 3579 2378 3649 ter
2442 3578 2852 3671 expiravit
2913 3582 3042 3654 lex
3097 3588 3358 3666 vetus,
3408 3584 3596 3659 licet
3642 3606 3802 3661 non
3883 3559 4098 3668 oeffifm

2247 3713 2399 3786 pro
2435 3697 2648 3777 tunc,
2686 3697 2818 3770 sed
2856 3717 3003 3790 pro
3038 3702 3409 3793 tempore
3454 3702 3805 3794 publica-

2245 3806 2497 3887 tionis
2551 3808 2792 3904 hujus
2838 3833 3108 3887 causae
3156 3818 3236 3887 et
3289 3814 3493 3908 legis
3549 3820 3802 3893 Evan-

2247 3923 2552 4013 gelicae,
2597 3929 2676 3999 et
2737 3927 2911 4001 ideo
2972 3951 3224 4023 usque
3277 3933 3372 4005 ad
3419 3938 3799 4019 mortem,

2246 4043 2516 4133 potuit
2558 4044 2936 4120 Christus
2972 4047 3196 4122 licite
3231 4048 3371 4121 illa
3420 4070 3803 4125 caeremo-

2247 4157 2503 4230 nialia
2538 4180 2901 4233 servare.

2333 4273 2449 4346 Ad
2491 4275 2952 4360 secundum,
3008 4282 3277 4371 potest
3325 4282 3626 4374 exponi
3666 4282 3799 4358 foe·
3913 4314 3996 4364 Ad
4023 4314 4074 4365 s.

2245 4386 2389 4461 dus
2470 4391 3093 4484 sempiternum,
3169 4395 3249 4468 in
3322 4417 3439 4480 se,
3508 4398 3638 4472 vel
3718 4400 3797 4472 in
3832 4377 4164 4430 Ci‘m'mci‘i‘

2245 4503 2805 4617 aequivalente,
2869 4507 2997 4582 vel
3074 4508 3292 4584 forte
3371 4512 3633 4605 magis
3703 4516 3797 4589 ad
3912 4454 4076 4616 ἐξ

2247 4623 2752 4702 intellectum
2795 4628 3120 4715 litterae,
3176 4634 3400 4723 quod,
3435 4640 3617 4709 erat
3667 4635 3800 4710 foe·
3854 4629 4134 4740 oefflffr·

2244 4742 2390 4816 dus
2459 4745 3048 4838 sempiternum
3117 4746 3335 4822 inter
3396 4752 3651 4824 Deum
3720 4755 3799 4826 et
3856 4729 4131 4867 ξυρῑίξξιῖοτ

2246 4859 2709 4944 Abraham,
2756 4866 2835 4935 et
2905 4864 3376 4956 specialiter
3441 4867 3621 4958 eius
3685 4890 3802 4943 se·
3888 4832 3983 4880 ’ρο
4069 4832 4152 4868 ω’

2247 4996 2453 5059 men,
2499 4978 2688 5070 quia
2719 4998 3160 5073 numquam
3229 4982 3384 5059 fuit
3436 4984 3653 5058 aliud
3702 4985 3803 5058 si-

2243 5112 2491 5186 gnum
2562 5097 3035 5190 specialiter
3111 5099 3328 5174 inter
3395 5104 3650 5176 Deum
3720 5107 3802 5177 et

2247 5211 2441 5286 illud
2521 5233 2799 5308 genus,
2891 5222 2973 5292 et
3069 5221 3343 5292 tamen
3433 5220 3804 5294 futurum

2243 5337 2425 5407 erat
2456 5333 2783 5424 aliquod
2826 5333 3148 5427 signum
3190 5335 3536 5418 foederis,
3586 5338 3804 5410 inter

2244 5450 2501 5523 Deum
2551 5455 2632 5525 et
2684 5454 2952 5527 totum
3002 5470 3256 5545 genus
3316 5452 3800 5535 humanum;

2246 5569 2326 5641 et
2416 5567 2703 5642 melius
2800 5574 2982 5643 erat
3080 5569 3368 5643 semini
3453 5570 3802 5648 Abrahae
