4287 6313
299 3872 375 3923 10.

169 3935 253 3986 Ad
289 3952 400 4003 arg.
432 3935 480 3987 1.

1622 389 1826 452 Dls'r.
1874 388 1978 453 Vl.
2016 387 2380 465 QUAESTlo
2409 391 2484 451 V.

536 553 910 644 respectu
952 549 1221 630 ultimi
1252 549 1436 622 finis
1476 537 1903 642 Baptismi,
1949 547 2080 619 sed

538 670 913 760 respectu
964 666 1391 761 Baptismi.

626 785 738 859 Ad
781 786 1214 859 secundum
1267 784 1468 868 dicO,
1538 786 1739 878 quod
1791 785 1882 856 ad
1935 784 2079 854 Ba-

530 901 923 995 ptismum
1030 902 1445 994 pertinent
1538 900 1810 994 aliqua
1912 900 2081 972 tan·

529 1038 770 1113 quam
823 1018 1295 1100 intrinseca,
1360 1021 1438 1090 et
1496 1018 1769 1110 aliqua
1814 1022 1904 1091 ut
1954 1038 2080 1089 ex-

527 1136 914 1217 trinseca;
960 1139 1039 1208 et
1074 1137 1424 1208 concedo
1470 1135 1675 1226 quod
1722 1133 1925 1206 nihil
1968 1135 2077 1206 in-

530 1251 883 1326 trinsece
925 1252 1282 1344 pertinet
1324 1250 1417 1322 ad
1468 1250 1758 1343 ipsum,
1812 1251 1939 1322 vel
1984 1251 2076 1322 ad

528 1364 1140 1439 fundamentum
1192 1366 1395 1458 ejuS,
1458 1365 1613 1437 nisi
1669 1365 2071 1438 sensibile.

528 1484 828 1555 Tamen
863 1481 1073 1555 sicut
1125 1502 1373 1554 causa
1418 1469 1773 1553 efficiens
1818 1482 2078 1573 requi-

528 1600 744 1674 ritur
814 1600 1282 1674 necessario
1364 1601 1457 1672 ad
1539 1598 1830 1692 ipsum,
1906 1602 2079 1671 tan-

526 1735 764 1808 quam
829 1737 1077 1790 causa
1147 1716 1639 1797 extrinseca,
1709 1716 1825 1789 ita
1884 1715 2077 1788 illud

526 1832 728 1923 quod
781 1836 904 1905 est
966 1832 1195 1924 quasi
1257 1831 1747 1924 principium
1792 1829 2074 1921 agendi

522 1949 670 2023 tali
740 1969 1008 2022 causae
1076 1948 1489 2024 effectivae.
1570 1948 2070 2040 Principium

522 2069 795 2140 autem
927 2065 1397 2140 ultimatum
1525 2066 2074 2139 determinans

520 2201 765 2275 agens
852 2182 1399 2255 intellectuale
1469 2184 1563 2254 ad
1650 2183 2069 2273 agendum,

521 2302 653 2373 est
713 2297 1076 2382 intentio,
1146 2298 1336 2390 quia
1393 2298 1559 2370 tale
1621 2317 1869 2389 agens
1932 2319 2076 2391 per

521 2413 959 2508 imperium
1026 2414 1501 2495 volunt-atis,
1605 2419 1729 2488 est
1824 2434 2073 2487 causa

519 2532 789 2606 activa
871 2533 1181 2606 motiva
1287 2533 1642 2605 aliarum
1732 2532 2070 2624 potenti-

516 2667 787 2733 arum,
825 2667 1000 2739 quae
1055 2647 1473 2739 subjacent
1534 2646 1881 2739 imperio
1931 2667 2071 2716 vo-

516 2764 892 2838 luntatis.
1003 2764 1329 2847 Quando
1432 2783 1631 2855 ergo
1740 2761 2065 2845 dicitur,

519 2879 724 2971 quod
782 2880 985 2953 nihil
1058 2880 1409 2973 pertinet
1469 2880 1561 2952 ad
1607 2883 2072 2954 Sacramen-

519 2999 718 3078 tum,
786 2996 943 3068 nisi
1006 2996 1113 3070 sit
1173 2996 1470 3089 aliquid
1526 2996 2066 3077 sacramenti,

520 3112 648 3184 vel
694 3134 823 3185 res
865 3114 1066 3205 ejus,
1104 3133 1390 3186 verum
1433 3118 1560 3189 est
1599 3115 1689 3186 de
1721 3133 1816 3187 eo
1867 3113 2068 3206 quod

520 3235 647 3305 cst·
695 3231 1229 3306 intrinsecum
1301 3232 1557 3324 ipsius
1610 3231 2068 3304 fundamen-

523 3348 609 3427 ti,
667 3348 792 3420 vel
847 3348 1149 3439 signati
1200 3347 1457 3441 ipsius
1530 3346 2062 3422 sacramenti.

522 3466 664 3539 Sed
731 3466 1075 3541 intentio
1134 3470 1426 3539 neutro
1491 3467 1724 3538 modo
1786 3470 1909 3539 est
1959 3465 2069 3536 in-

516 3583 988 3664 trinsecum,
1086 3582 1536 3674 requiritur
1613 3587 1884 3656 tamen
1968 3603 2065 3654 ex

524 3701 757 3793 parte
792 3698 1138 3789 agentis

611 3817 723 3890 Ad
757 3816 1101 3908 primum
1137 3815 1588 3909 principale
1618 3814 1818 3898 dico,
1859 3815 2061 3910 quod

521 3954 679 4006 non
737 3932 1038 4005 habens
1084 3932 1316 4005 fidem
1376 3934 1467 4005 de
1525 3933 1679 4005 fine
1740 3932 2077 4017 ultimo,

517 4070 677 4122 non
753 4047 1094 4124 intendit
1161 4050 1539 4122 ordinare
1606 4048 1854 4121 istum
1915 4069 2060 4141 per

511 4166 1021 4261 Baptismum
1094 4167 1188 4238 ad
1257 4165 1488 4238 illum
1553 4165 1793 4238 finem
1872 4164 2060 4238 ulti-

512 4304 772 4364 mum;
838 4282 1171 4355 credens
1240 4288 1511 4356 tamen
1575 4303 1755 4355 eum
1818 4303 2058 4376 posse

508 4421 655 4495 per
757 4399 1267 4492 Baptismum
1363 4399 1713 4471 adscribi
1812 4403 2052 4473 sectae

508 4519 1192 4598 Christianorum,
1230 4516 1397 4587 sive
1440 4517 1713 4589 credat
1748 4522 2051 4591 secta-m

506 4636 733 4709 illam
792 4635 1090 4717 valere,
1158 4633 1326 4706 sive
1367 4653 1552 4715 non,
1619 4638 1885 4726 potest
1945 4635 2050 4705 in-

506 4754 832 4825 tendere
892 4750 1349 4824 adscribere
1425 4750 1674 4823 istum
1738 4749 1857 4822 illi
1935 4774 2050 4824 se-

507 4874 702 4954 ctae;
775 4869 902 4940 vel
970 4866 1431 4960 generalius
1480 4871 1742 4960 potest
1795 4868 2044 4942 inten-

505 4989 692 5060 dere
733 4985 1001 5059 facere
1036 5005 1181 5077 per
1213 4988 1484 5058 actum
1536 4984 1787 5058 istum
1821 4984 2046 5057 circa

503 5103 737 5183 hunc,
821 5100 1025 5193 quod
1100 5100 1545 5175 Christiani
1621 5101 2042 5173 intendunt

501 5218 772 5291 facere
872 5217 1095 5290 circa
1180 5217 1410 5289 tales.
1532 5219 2038 5309 Exemplum,

500 5353 823 5428 possem
856 5333 1070 5406 enim
1121 5353 1295 5427 ego,
1341 5332 1671 5407 credens
1723 5335 2042 5408 Judaeos

490 5471 647 5545 ⁴per
712 5450 1423 5524 circumcisionem
1495 5450 1884 5543 distingui
1944 5454 2042 5525 ab

499 5567 711 5651 aliis,
791 5567 1202 5643 intendere
1296 5566 1505 5640 hunc
1613 5568 2037 5662 parvulum

3630 393 3748 456 567

2198 551 2441 620 sectae
2482 549 2945 623 ,Iudaeorum
2997 550 3484 632 adscribere,
3529 557 3611 628 et
3642 552 3753 625 fa-

2195 685 2382 736 cere
2451 666 2678 740 circa
2730 688 2940 748 eum,
3027 670 3227 760 quod
3304 668 3559 741 Judaei
3641 670 3751 743 fa-

2194 780 2417 854 ciunt
2523 783 2746 857 circa
2876 806 3066 857 suos
3185 787 3743 871 circumcisos,

2193 898 2520 972 etiamsi
2578 919 2741 971 non
2826 901 3241 974 crederem
3320 903 3751 978 circumci-

2195 1014 2504 1087 sionem
2568 1014 2791 1089 illam
2865 1016 3142 1089 valere
3208 1016 3304 1089 ad
3372 1019 3746 1092 salutem.

2196 1130 2366 1201 Hoc
2464 1130 2713 1202 etiam
2787 1131 3017 1204 modo
3117 1133 3389 1226 aliqua
3470 1134 3741 1217 verba,

2195 1245 2480 1338 quibus
2553 1250 2897 1322 utuntur
2968 1251 3186 1341 magi
3275 1252 3403 1323 vel
3455 1253 3746 1344 magiae

2194 1363 2731 1445 incantantes,
2816 1369 3092 1457 posset
3142 1366 3437 1459 aliquis
3511 1367 3741 1441 bonae

2190 1479 2369 1552 fidei
2476 1479 2852 1572 proferre
2969 1482 3190 1556 circa
3304 1483 3741 1557 materiam

2181 1597 2443 1676 illam,
2518 1596 2741 1669 circa
2819 1618 3059 1689 quam
3147 1598 3285 1669 alii
3365 1602 3736 1682 utuntur,

2195 1711 2611 1783 intendens
2675 1712 2756 1783 in
2833 1713 3198 1804 generali
3269 1713 3539 1787 facere
3600 1717 3741 1788 illa

2192 1826 2283 1897 ad
2337 1826 2568 1898 illum
2623 1828 2888 1910 finem,
2944 1830 3038 1900 ad
3102 1850 3335 1921 quem
3381 1829 3498 1901 illi
3561 1851 3739 1922 pro-

2194 1940 2492 2015 ferunt.
2597 1991 2600 2000 -
3173 1927 3178 1933 ’

2281 2060 2394 2131 Ad
2457 2060 2888 2133 secundum
2948 2059 3149 2141 dico,
3211 2062 3415 2152 quod
3484 2062 3738 2135 ebrio-

2192 2193 2328 2246 sus
2371 2179 2518 2258 est,
2575 2176 2707 2267 qui
2758 2178 2881 2248 est
2922 2181 3297 2250 assuetus
3340 2176 3436 2248 ad
3484 2177 3760 2271 ebrie-¹
3846 2172 3929 2222 Ad
3956 2175 4010 2226 2·

2190 2293 2467 2372 tatem,
2557 2296 2637 2365 et
2728 2292 2881 2365 iste
2966 2313 3127 2365 non
3216 2314 3537 2386 semper
3612 2299 3734 2368 est

2187 2407 2485 2489 ebrius,
2543 2408 2732 2501 quia
2798 2428 2958 2481 non
3024 2430 3347 2503 semper
3407 2411 3735 2504 impedi-

2188 2524 2319 2595 tus
2370 2524 2469 2596 ab
2513 2527 2696 2599 actu
2754 2526 3128 2598 rationis.
3180 2529 3484 2599 Verum
3533 2548 3732 2620 ergo

2186 2639 2377 2715 dicit
2439 2642 2942 2734 Augustinus
3014 2668 3027 2711 :
3087 2648 3234 2713 Non
3304 2650 3500 2712 timeo
3557 2648 3731 2714 ebri-

2185 2782 2393 2841 osum,
2430 2757 2505 2829 id
2544 2763 2693 2843 est,
2753 2764 3170 2832 assuetum
3232 2760 3731 2850 generaliter

2188 2876 2281 2948 ad
2346 2876 2851 2960 ebrietatem,
2927 2877 3112 2970 quia
3183 2877 3322 2950 illa
3393 2898 3729 2951 consue-

2186 2995 2375 3067 tudo
2421 2995 2635 3066 mala
2689 3014 2849 3067 non
2903 2994 3294 3088 prohibet,
3347 2995 3534 3089 quin
3583 2997 3726 3066 Ba-

2187 3110 2535 3204 ptismus
2588 3112 2685 3185 ab
2729 3132 2824 3184 eo
2878 3112 3226 3187 collatus
3272 3113 3379 3188 sit
3438 3112 3721 3199 bonus,

2182 3249 2342 3301 non
2400 3232 2674 3302 tamen
2728 3233 3038 3322 quando
3089 3236 3212 3306 est
3280 3231 3580 3304 ebrius.
3627 3234 3742 3305 Etw

2184 3346 2332 3420 hoc
2409 3349 2580 3420 dico
2662 3345 3043 3441 perfecte,
3123 3351 3433 3441 quando
3520 3332 3726 3422 tota·

2180 3465 2375 3538 liter
2479 3464 2916 3558 impeditur
2994 3466 3233 3548 ratio,
3309 3466 3441 3539 sed
3518 3467 3723 3539 alias

2182 3583 2495 3674 quando
2552 3587 2677 3657 est
2737 3602 2899 3654 non
2939 3583 3397 3675 impedituS,
3437 3587 3723 3678 potens

2181 3701 2502 3774 ratione
2547 3700 2690 3776 uti.

2613 3921 3248 3986 COMMENTARIUS.

2251 4184 2339 4268 (a)
2369 4186 2466 4246 Ad
2490 4186 2680 4247 istam
2711 4183 3141 4260 quoestionem,
3178 4188 3303 4246 etc.
3340 4184 3453 4247 Hic
3501 4186 3719 4266 agitur

2173 4306 2256 4368 de
2300 4302 2688 4372 intentione,
2749 4302 3140 4377 inquantum
3211 4303 3587 4381 requiritur,
3639 4310 3714 4367 ut

2169 4539 2378 4619 qualis
2422 4543 2520 4599 est
2573 4533 2904 4609 minister;
2967 4538 3271 4612 superius
3315 4544 3535 4600 autem
3595 4557 3706 4601 ex-

2168 4655 2327 4717 clusi
2372 4657 2522 4713 sunt
2566 4656 2864 4713 amentes
2917 4657 2983 4713 et
3031 4654 3379 4729 incapaces
3439 4657 3709 4719 rationis

2168 4787 2204 4832 a
2261 4768 2618 4832 ministerio
2666 4768 3096 4842 sacramenti,
3144 4770 3296 4847 quia
3336 4770 3417 4831 ab
3463 4771 3541 4832 iis
3573 4787 3704 4834 non

2161 4889 2380 4968 potest
2433 4882 2799 4962 procedere
2848 4886 3014 4948 actio
3072 4885 3383 4962 humana,
3429 4889 3535 4951 vel
3575 4890 3699 4952 hoc

2159 4999 2589 5062 ministerium
2661 4996 2858 5059 modo
2914 4998 3229 5072 humahc,
3283 5001 3395 5077 qui
3463 5007 3563 5063 est
3633 5009 3705 5066 ut

2158 5114 2478 5196 procedat
2530 5113 2866 5175 mediante
2922 5114 3286 5177 intentione
3320 5123 3389 5179 et
3428 5119 3703 5182 scientia

2160 5250 2280 5313 per
2322 5231 2596 5294 modum
2619 5230 2850 5310 judicii
2884 5236 2948 5291 et
2980 5230 3416 5308 discretionis,
3449 5240 3515 5296 et
3566 5253 3699 5300 non

2158 5350 2437 5412 fortuita}
2467 5354 2579 5410 aut
2606 5364 2802 5409 merae
2830 5350 3398 5427 apprehensioniS,
3449 5356 3513 5413 et
3554 5354 3696 5416 sine

2158 5466 2335 5529 omni
2385 5482 2512 5526 usu
2548 5463 2836 5527 rationis.
2891 5465 3031 5526 Non
3075 5468 3288 5546 agitur
3336 5472 3557 5529 autem
3590 5469 3694 5531 hic

2158 5581 2242 5644 de
2286 5583 2593 5661 qualitate
2623 5582 3026 5656 intentioniS,
3071 5583 3192 5645 sed
3237 5583 3319 5645 de
3351 5582 3490 5661 eius
3532 5585 3689 5646 sub-

3865 4285 3927 4399 11).

3914 4364 3945 4399 0

2169 4420 2558 4502 principium
2590 4434 2673 4480 ex
2717 4420 2902 4495 parte
2940 4419 3207 4496 ,agentis
3263 4435 3300 4478 a
3344 4424 3707 4498 proposito,
3750 4405 4052 4472 intentione,
