4287 6313
1684 388 1895 452 DlST.
1929 390 1976 451 Ι.
2025 389 2385 466 QUAESTIO
2418 392 2518 455 vt.

154 548 285 602 tufi-a
340 550 470 604 dist.
508 564 638 632 am,
689 544 870 639 'quae
956 553 1186 620 asserit
1261 556 1673 621 Sacramenta
1747 555 2052 622 vivorum

511 687 662 732 cum
703 667 868 733 bona
901 666 1025 734 fide
1082 680 1145 734 et
1176 669 1506 736 attritione
1535 682 1861 757 suscepta,
1897 671 2052 738 dare

284 618 339 670 9.

506 784 809 871 gratiam,
848 806 995 872 quae
1027 785 1105 851 de
1136 806 1205 852 se
1246 786 1592 853 remissiva
1630 799 1729 853 est
1750 789 1994 874 peccati
2026 812 2041 867 ;

506 920 664 987 ergo
705 901 1077 987 Baptismus
1110 902 1391 991 amplius
1438 904 1631 970 habet
1662 925 1741 970 ex
1787 904 2046 973 institu-

505 1028 593 1096 to,
675 1029 740 1083 et
778 1018 1262 1105 significatione
1305 1021 1586 1107 propria,
1636 1041 1829 1108 quam
1892 1021 2046 1089 dare

187 1097 444 1208 ῗδθξῖἱῗ
503 1125 780 1211 gratiam
813 1128 1230 1195 remissivam
1280 1129 1549 1216 peccati,
1578 1150 1726 1195 cum
1751 1141 1814 1195 et
1833 1131 2045 1216 gratia

148 1222 472 1333 Pffigssfg‘
501 1232 624 1299 hoe
667 1255 747 1300 ex
789 1256 860 1300 se
899 1236 1153 1315 habeat,
1200 1236 1723 1325 quandoquidem
1772 1236 1878 1304 det
1934 1240 2044 1326 jus

171 1347 235 1396 ab
286 1347 432 1397 alus.
500 1347 576 1411 ad
610 1347 912 1434 gloriam,
977 1360 1039 1416 et
1097 1351 1312 1417 omnia
1380 1355 1792 1421 Sacramenta
1850 1377 2041 1422 novae

500 1454 668 1541 legis
726 1458 1061 1525 conferant
1129 1461 1433 1547 gratiam,
1515 1462 1811 1549 sequitur
1867 1464 2037 1550 quod

499 1564 866 1649 Baptismus
934 1587 1013 1633 ex
1073 1567 1323 1634 ratione
1383 1570 1686 1655 generica
1757 1583 2033 1650 tantum,

501 1679 768 1746 haberet
807 1680 987 1748 illum
1031 1683 1356 1764 effectum,
1403 1706 1529 1751 non
1570 1702 1783 1752 autem
1833 1690 2039 1775 speci·

495 1795 639 1874 fica,
704 1808 769 1862 et
825 1819 904 1864 ex
944 1810 1115 1866 statu
1185 1802 1460 1888 subjecti
1527 1817 1926 1889 competeret
1978 1806 2037 1872 ei

491 1912 822 1980 remittere
874 1928 1233 2001 peccatum,
1283 1937 1516 2006 nempe
1559 1920 1613 1986 si
1659 1919 1837 2000 insit,
1885 1924 2034 2009 quia

489 2027 598 2093 dat
646 2030 950 2115 gratiam,
988 2052 1137 2118 quae
1167 2045 1266 2100 est
1316 2035 1845 2123 incompatibilis,
1906 2061 2035 2106 non

488 2156 704 2211 autem
736 2166 816 2211 ex
864 2144 1151 2214 efficacia
1203 2151 1463 2237 propria
1504 2173 1700 2239 super
1746 2155 2035 2222 remissi-

491 2280 613 2326 one
644 2263 913 2346 peccati,
947 2266 1120 2351 quod
1151 2266 1383 2333 falsum
1418 2281 1538 2336 est.

559 2379 874 2446 Probatur
909 2385 1559 2473 consequentia,quia
1596 2388 1882 2475 alioquin
1906 2411 2032 2457 non

493 2493 751 2563 videtur
823 2517 940 2562 cur
1027 2500 1394 2586 Baptismus
1472 2504 1753 2570 conferri
1833 2509 2035 2593 possit

491 2611 683 2678 alicui
742 2614 1043 2680 existenti
1097 2616 1162 2682 in
1221 2629 1482 2705 peccato
1555 2626 1790 2709 magis,
1837 2646 2032 2711 quam

490 2732 980 2799 Sacramentum
1030 2736 1359 2814 vivorum,
1405 2738 1588 2804 verbi
1656 2742 1888 2827 gratia,
1935 2742 2031 2808 in-

491 2846 673 2927 fanti,
736 2849 879 2915 sine
963 2851 1091 2916 ulla
1172 2852 1597 2939 dispositione
1671 2858 1837 2942 ejus,
1905 2859 2030 2926 nisi

485 2962 775 3053 alioquin
827 2968 1151 3053 Baptisma
1192 2991 1272 3035 ex
1315 2972 1578 3058 propria
1624 2987 1687 3040 et
1727 2976 2028 3044 determi-

486 3092 632 3147 nata
706 3081 994 3151 efficacia
1058 3086 1322 3155 haberet
1390 3088 1607 3158 delere
1663 3106 2025 3178 peccatum.

484 3199 579 3264 Ad
629 3201 752 3266 hoc
807 3213 1022 3269 autem
1065 3224 1192 3269 non
1246 3206 1490 3276 sufficit
1530 3211 1771 3278 habere
1810 3214 2033 3281 effica-

481 3315 647 3382 ciam
687 3317 879 3385 dandi
929 3321 1231 3406 gratiam,
1278 3345 1427 3411 quae
1457 3325 1537 3392 de
1569 3348 1640 3393 se
1681 3331 2025 3403 remissiva

481 3448 582 3503 est
630 3441 896 3524 peccati,
971 3444 1083 3510 sed
1143 3447 1497 3532 requiritur
1539 3460 1608 3516 ut
1657 3452 2027 3539 Baptismus

480 3554 791 3638 primario
856 3559 1310 3627 remissionem
1371 3565 1613 3649 peccati
1689 3568 2018 3654 respiciat,

475 3672 757 3755 gratiam
795 3694 954 3740 vero
994 3676 1379 3764 inquantum
1421 3701 1673 3748 annexa
1704 3694 1803 3750 est
1833 3684 1890 3749 ei
1924 3705 2024 3750 re-

478 3785 706 3853 missio
729 3790 1018 3874 peccati;
1072 3812 1150 3857 ex
1187 3814 1315 3879 quo
1354 3796 1654 3882 sequitur
1693 3798 2022 3865 remissio·

476 3921 624 3968 nem
659 3902 901 3988 peccati
942 3924 1088 3970 esse
1113 3907 1448 3991 proprium
1475 3911 1643 3997 ejuS,
1672 3922 1736 3977 et
1764 3933 2021 3999 expres-

474 4038 622 4084 sum
652 4018 1093 4105 significatum
1125 4023 1420 4090 conferre
1450 4038 1664 4092 autem
1698 4030 2012 4114 gratiam,

473 4154 622 4199 esse
686 4133 1128 4220 significatum
1198 4143 1665 4223 concomitans,
1747 4144 2020 4233 inquan-

474 4261 616 4316 tum
664 4250 788 4335 ipsi
840 4272 1132 4320 connexa
1201 4269 1302 4323 est
1347 4258 1496 4325 talis
1563 4261 1887 4347 remissi0‚
1949 4275 2020 4329 ut

477 4365 636 4432 dicit
676 4370 930 4436 Doctor.

148 4481 408 4592 nef-{2⁸50
569 4480 730 4549 Hinc
769 4483 874 4549 illa
915 4485 1066 4565 duo,
1117 4490 1573 4556 remissionem
1632 4497 1910 4579 peccati,
1958 4507 2018 4560 et

179 4606 384 4716 ᾒξῗζ
476 4595 899 4665 collationem
926 4605 1185 4688 qratiae,
1215 4617 1523 4691 tanquam
1557 4608 1814 4676 diversa
1838 4611 2017 4698 (licet

170 4731 380 4840 αξξ-εξ
475 4715 988 4785 concomitanter
1063 4740 1134 4786 se
1187 4722 1469 4811 habent)
1517 4725 1845 4812 explicant
1895 4733 2014 4796 Pa-

142 4832 415 4922 nia-vim,
470 4842 625 4897 tres.
700 4831 858 4898 Hinc
918 4834 1364 4903 Milevitanum
1433 4861 1576 4926 cap.
1623 4846 1685 4907 3.
1750 4843 2014 4913 damnat

162 4916 400 4971 Tnd‘n‘·
470 4947 805 5033 Pelagium
869 4965 1266 5019 asserentem
1344 4957 1620 5041 gratiam
1673 4960 1750 5025 ad
1808 4961 2010 5027 solam

470 5077 880 5148 peccatorum
938 5068 1417 5146 remissionem,
1478 5094 1626 5160 quae
1660 5075 1794 5161 jam
1838 5098 2012 5144 com-

468 5179 673 5245 missa
741 5191 918 5259 sunt,
998 5185 1363 5269 pertinere;
1428 5189 2008 5259 et·Tridentinum

460 5327 617 5372 sess.
655 5307 719 5371 6.
767 5327 915 5372 can.
970 5312 1074 5373 11.
1120 5322 1181 5376 ec
1211 5332 1355 5397 cap.
1419 5315 1481 5378 6.
1539 5313 1723 5381 docet
1772 5301 2012 5403 justifi-

180 2402 426 2452 probatio

144 2480 464 2577 comsanen-

167 2589 225 2638 ab
253 2591 429 2639 incon-

174 2653 419 2705 venienti.

459 5436 787 5502 cationem
859 5452 1267 5524 peccatorum
1346 5453 1698 5532 utrumque
1776 5447 2009 5514 horum

458 5562 826 5642 continere,
871 5575 936 5631 et
976 5566 1425 5660 remissionem
1469 5572 1735 5658 peccati,
1808 5585 1872 5640 et
1911 5595 2006 5645 re-

2064 2954 2067 2955 r
2140 2921 2293 2966 sess.
2345 2903 2450 2965 14.
2504 2921 2647 2985 cap.
2710 2903 2771 2963 5.
2817 2902 2974 2965 etss.
3021 2908 3080 2963 et
3128 2918 3277 2963 can..
3329 2901 3399 2963 3.
3455 2896 3683 2962 defini-

3586 392 3696 457 231

2169 556 2583 623 novationem
2643 556 3017 624 interiorem
3091 579 3206 645 per
3270 557 3575 647 gratiam.
3635 560 3715 625 Et

2163 672 2519 738 secundum
2606 675 3072 760 Augustinum,
3153 675 3410 762 justitia
3489 686 3712 742 nostra

2164 788 2584 875 principalius
2622 790 2919 856 consistit
2950 789 3015 855 in
3060 789 3444 857 remissione
3485 811 3712 878 pecca-

2160 904 2232 983 ti,
2286 924 2481 991 quam
2531 904 2596 969 in
2650 904 2995 973 collatione
3042 907 3297 993 gratiae,
3360 920 3448 988 et,
3511 917 3710 993 prout

2160 1021 2325 1086 infra
2365 1019 2640 1102 dicetur,
2695 1036 3026 1111 peccatum
3078 1025 3315 1093 remitti
3361 1038 3580 1112 posset
3629 1023 3709 1089 de

2157 1139 2442 1224 potentia
2474 1140 2764 1207 absoluta
2812 1142 2956 1207 sine
2993 1143 3228 1227 gratia,
3280 1163 3428 1230 quae
3478 1141 3535 1208 ei
3582 1161 3712 1207 non

2154 1254 2506 1341 opponitur
2544 1277 2623 1321 ex
2659 1267 2888 1323 natura
2920 1257 3036 1337 rei,
3091 1259 3200 1324 sed
3250 1278 3328 1323 ex
3362 1257 3714 1323 ordinatio-

2156 1393 2236 1439 ne
2267 1371 2520 1451 divina;
2579 1393 2735 1459 ergo
2776 1374 2916 1439 haec
2947 1374 3247 1439 remissio
3314 1373 3556 1461 peccati
3601 1395 3711 1461 po-

2148 1501 2276 1555 test
2306 1510 2448 1555 esse
2488 1489 2757 1555 effectus
2788 1491 3065 1576 alicujus
3109 1490 3506 1556 Sacramenti
3549 1511 3702 1576 pro-

2154 1605 2360 1690 prius,
2403 1606 2572 1673 sicut
2602 1620 2701 1673 est
2732 1606 3067 1693 Baptismi,
3119 1627 3193 1672 ac
3250 1607 3520 1692 proinde
3574 1626 3703 1671 non

2152 1732 2326 1788 reete
2365 1721 2785 1789 confunditur
2852 1744 2998 1789 cum
3053 1722 3396 1789 collatione
3444 1723 3701 1809 gratiae,

2149 1853 2459 1927 tanquam
2512 1860 2637 1905 una
2691 1852 2754 1905 et
2793 1839 3015 1905 eadem
3069 1839 3365 1920 mutati0‚
3424 1840 3574 1906 licet
3624 1839 3705 1906 de

2151 1955 2317 2020 facto
2348 1955 2856 2021 concomitanter
2888 1976 2959 2021 se
2988 1956 3290 2033 habeant,
3334 1966 3400 2021 et
3431 1968 3704 2042 utraque

2151 2071 2263 2136 fiat
2315 2092 2432 2157 per
2485 2072 3002 2149 Sacramentum,
3069 2071 3371 2158 quamvis
3431 2071 3559 2145 illa,
3607 2072 3695 2137 sit

2149 2195 2523 2283 expressior
2552 2196 2695 2283 ejus
2726 2195 3145 2283 significatiO,
3180 2207 3244 2262 et
3275 2196 3485 2283 magis
3515 2197 3698 2283 prin-

2147 2311 2399 2397 cipalis.

2237 2429 2532 2494 Secundo
2574 2428 2884 2514 probatur
2942 2428 3111 2495 idem
3158 2428 3238 2495 de
3277 2429 3686 2497 Paenitentia.
3831 2438 3912 2487 59.

3725 2498 4024 2551 Paenitenti-

2150 2545 2365 2610 Primo
2397 2565 2476 2610 ex
2507 2546 2651 2632 ejus
2683 2543 3094 2611 institutione
3122 2544 3388 2612 Ioannis
3411 2548 3518 2612 ΞΟ.
3563 2548 3689 2612 Ac·
3838 2578 3935 2632 am·

2146 2663 2347 2748 cipite
2386 2663 2716 2747 Spiritum
2775 2674 3098 2738 sanctum,
3154 2656 3432 2748 quorum
3487 2665 3688 2727 remi·
3739 2625 3999 2757 ‘primi-io

2142 2781 2366 2844 scricis
2438 2790 2727 2866 peccata,
2781 2789 2932 2845 etc.
3005 2780 3165 2843 Item
3229 2764 4009 2860 Tridentinutn'¹¹},c}'8{¹,¹,}⁸‘

3760 2882 3985 2938 peccato-

3797 2951 3909 2984 rum
3922 2976 3934 2987 .

2142 3029 2249 3086 tur
2287 3039 2434 3085 esse
2466 3028 2648 3084 actus
2673 3016 3002 3104 judicialis
3035 3016 3434 3082 absolventis
3464 3037 3495 3081 a
3540 3037 3683 3103 pec·
3751 2998 4018 3089 'hidem-¹

2141 3144 2307 3213 cate,
2371 3145 2434 3200 et
2472 3133 2738 3222 ligantis
2785 3132 2863 3200 ad
2913 3152 3172 3221 poenam
3233 3132 3680 3221 temporalem,

2140 3253 2312 3340 quod
2354 3252 2547 3318 etiam
2619 3263 2792 3339 patet
2838 3272 2918 3318 ex
2971 3251 3117 3316 aliis
3181 3250 3340 3317 locis
3394 3251 3683 3338 ejusdem

2139 3368 2479 3448 sessioniS,
2517 3378 2588 3434 ut
2640 3389 2758 3434 suo
2807 3368 2946 3434 loco
3004 3368 3404 3435 ostendetur.
3448 3369 3685 3455 Subje-

2136 3500 2313 3556 ctum
2347 3500 2447 3555 est
2478 3509 2627 3555 reus
2660 3499 2723 3555 et
2764 3499 3081 3575 peccator,
3119 3487 3504 3574 inquantum
3539 3508 3681 3573 pec-

2135 3618 2337 3685 cator,
2412 3606 2678 3671 materia
2755 3605 2924 3672 circa
3004 3625 3223 3692 quam,
3303 3605 3409 3671 vel
3484 3624 3684 3689 super

2135 3744 2330 3812 quam
2372 3722 2544 3790 cadit
2582 3721 2926 3801 sententia,
2973 3732 3072 3788 est
3111 3732 3471 3808 peccatum.
3545 3727 3684 3792 Huc

2132 3840 2328 3906 etiam
2379 3850 2673 3927 spectant
2721 3851 2903 3905 actus
2946 3838 3343 3924 poenitentiS,
3404 3851 3474 3906 ut
3529 3861 3680 3906 con-

2133 3957 2331 4032 tritio,
2379 3977 2527 4043 quae
2575 3968 2676 4023 est
2734 3956 3076 4022 detestatio
3116 3956 3384 4040 peccati,
3429 3957 3706 4040 confes-N

2132 4072 2253 4151 sio,
2319 4071 2692 4137 informatio
2751 4070 3016 4158 judicis,
3080 4070 3460 4150 satisfactiO,
3531 4091 3680 4158 quae

2131 4198 2233 4253 est
2284 4187 2607 4253 ordinatio
2664 4187 3040 4273 temporalis
3072 4207 3311 4274 poenae,
3375 4187 3439 4252 in
3480 4207 3677 4276 quam

2130 4316 2564 4371 commutatur
2615 4317 2899 4384 aeterna;
2972 4327 3127 4393 ergo
3195 4304 3465 4372 effectus
3537 4307 3678 4392 ejus

2129 4429 2229 4485 est
2259 4417 2582 4485 absolutio
2614 4419 2900 4485 hominis
2947 4439 2980 4484 a
3022 4431 3306 4505 peccatO,
3360 4431 3430 4485 ut
3468 4419 3674 4486 decla-

2129 4544 2228 4598 rat
2275 4532 2759 4609 Florentinum;
2826 4531 3286 4611 reconciliatio,
3333 4543 3404 4597 ut
3449 4531 3677 4599 definit

2128 4647 2605 4729 Tridentinum,
2652 4669 2800 4735 quae
2838 4647 2910 4714 fit
2943 4668 3057 4735 per
3088 4648 3538 4715 remissionem
3573 4649 3673 4715 of·
3749 4659 3980 4725 Floreat.

2128 4767 2330 4834 fensae
3748 4734 3963 4786 Trident
3973 4777 3985 4790 .

2214 4886 2308 4950 Ex
2350 4882 2454 4948 bis
2485 4892 2659 4968 patet
2707 4883 2951 4950 veritas
2992 4883 3334 4950 sententiae
3367 4883 3672 4970 praemis-

2125 5009 2243 5069 see,
2299 4984 2508 5076 neque
2547 4990 2603 5055 ei
2637 4989 2897 5055 obstant
2928 4989 3228 5078 quaedam
3270 4990 3672 5079 objectiones

2123 5098 2427 5171 aliorum,
2465 5108 2536 5162 ut
2566 5096 2737 5183 quod
2772 5107 3104 5183 peccatum
3142 5119 3267 5162 non
3302 5100 3674 5166 remittatur

2123 5218 2204 5282 de
2265 5214 2461 5294 fact0,
2519 5215 2643 5280 nisi
2705 5214 3100 5306 conferendo
3139 5215 3442 5300 gratiam,
3496 5217 3667 5303 quod

2122 5335 2532 5398 Sacramenta
2569 5353 2757 5397 novae
2789 5332 2955 5418 legis
2988 5354 3066 5398 ex
3100 5331 3480 5399 Tridentino
3510 5356 3666 5402 sess.

2123 5453 2186 5516 7.
2247 5458 2516 5516 causent
2590 5459 2655 5514 et
2700 5449 3075 5515 contineant
3130 5450 3443 5538 gratiam;
3511 5473 3667 5538 ergo

2122 5575 2498 5665 significant
2527 5575 2804 5665 gratiam
2829 5576 3158 5663 primario
3190 5575 3660 5662 Respondetur,
