4287 6313
1926 429 2331 496 PltAEFATto
3796 430 3833 494 3

598 595 681 664 et
726 591 881 666 huc
914 592 1467 685 spectantibus
1513 614 1762 685 usque
1794 595 1888 666 ad
1920 594 2202 677 finem3
2240 617 2494 686 neque
2527 594 2771 670 aliter
2803 595 2897 667 ad
2931 616 3166 666 usum
3226 593 3817 669 commentarii

598 700 832 776 licuit
886 702 1083 775 mihi
1124 701 1771 795 comprehensio,

692 811 1129 902 Reliquum
1175 817 1322 893 est,
1381 816 1467 884 ut
1526 811 1592 882 si
1648 810 1829 903 quid
1883 810 2147 883 minus
2197 811 2455 885 debite
2503 816 2902 907 scriptum
2948 816 3080 898 sit,
3117 815 3511 906 ingenuus
3557 814 3820 888 lector

596 921 974 1011 corrigat
1016 927 1153 994 aut
1207 922 1622 1014 suppleat3
1681 921 1747 992 si
1802 920 1981 1012 quid
2024 941 2221 992 vero
2278 923 2369 993 ad
2423 943 2826 1006 normam,
2871 945 2966 996 eo
3021 945 3166 997 suo
3214 925 3399 1015 jure
3458 925 3814 998 fruatur,

594 1027 930 1119 Aliquot
977 1028 1302 1101 subinde
1342 1051 1441 1101 ex
1500 1029 1752 1122 praelo
1826 1030 2342 1121 irrepserunt
2397 1038 2703 1115 errata,
2782 1054 2956 1125 quae
2996 1054 3093 1105 ex
3143 1032 3508 1105 discursu
3583 1032 3818 1107 facile

594 1138 1376 1231 deprehendentur...
1424 1139 1712 1215 Omnia,
1745 1139 2047 1232 judicio
2091 1142 2692 1214 etcorrectioni
2741 1146 2814 1216 S.
2872 1145 2964 1214 R.
3013 1145 3098 1214 E.
3145 1142 3399 1214 libens
3444 1142 3808 1235 subjicio.

2304 1258 2418 1325 Fr.
2464 1257 2975 1357 ANTONIUS
3041 1258 3540 1340 HIQUAEUS.

1108 1489 1266 1558 FR.
1386 1487 1846 1558 JOANNES
1943 1486 2440 1560 BAPTISTA
2535 1488 2600 1559 A
2695 1490 3290 1571 CAMPANEA,

602 1614 804 1678 tocius
866 1612 1145 1678 Ordinis
1195 1612 1526 1677 Minorum
1568 1611 1912 1676 Generalis
1962 1610 2268 1676 Minister
2319 1623 2381 1678 ec
2437 1633 2688 1693 servus,
2750 1613 2990 1679 dilecto
3056 1615 3132 1680 in
3195 1616 3462 1682 Christo
3528 1617 3606 1681 P.
3689 1616 3804 1682 Fr.

693 1729 983 1793 Antonio
1050 1728 1342 1813 Hiqucw,
1414 1728 1626 1793 nostri
1693 1726 1979 1812 Colleqii
2046 1728 2118 1791 S.
2180 1726 2427 1793 Isidori
2473 1730 2545 1794 in
2600 1728 2767 1794 Urbe
2832 1730 2904 1794 S.
2981 1730 3348 1817 Theoloqice
3429 1732 3810 1817 Professori

692 1852 985 1929 emerim,
1036 1850 1336 1916 salutem.

670 2070 839 2127 Nihil
871 2074 994 2128 tam
1026 2067 1547 2135 desideravimus»,
1575 2082 1765 2137 quam
1799 2073 1867 2125 ut
1897 2069 1963 2125 in
1995 2075 2263 2141 quatuor
2294 2070 2488 2128 libros
2520 2072 2984 2129 Sententiarum
3018 2074 3209 2130 nostri
3248 2073 3516 2129 Doctoris
3547 2072 3804 2130 Subtilis

597 2162 849 2230 integra
880 2157 1203 2231 prodirent
1231 2157 1708 2224 Commentaria,
1745 2158 1849 2214 vel
1882 2160 2102 2214 saltem
2143 2159 2630 2230 complerentur,
2673 2175 2813 2230 quae
2853 2162 3259 2231 praetermisit
3308 2165 3516 2217 noster
3565 2159 3808 2231 praede-

594 2262 827 2315 cessor,
861 2246 1297 2303 Reverendiss,
1334 2250 1398 2303 P.
1434 2248 1799 2303 Franciscus
1839 2249 2169 2317 Lychetus,
2203 2247 2268 2304 td
2302 2255 2357 2305 te
2389 2250 2755 2321 praestitisse
2803 2255 2897 2308 est
2942 2250 3105 2322 quod
3156 2251 3576 2320 gratulemur,
3608 2250 3806 2308 doctis

596 2340 953 2410 praesertim
985 2339 1179 2394 nostri
1213 2339 1483 2396 instituti
1516 2339 1675 2393 viris
1705 2338 1980 2395 laborem
2018 2342 2193 2395 tuum
2225 2340 2744 2397 collaudantibus,
2776 2342 3055 2397 Primum
3094 2342 3308 2412 itaque
3348 2344 3599 2398 Tomum
3641 2342 3805 2397 hunc

597 2446 635 2486 a
665 2436 725 2487 te
755 2432 821 2486 in
855 2432 1151 2501 quartum
1186 2430 1646 2486 Sententiarum
1687 2429 1948 2497 editum,
1976 2434 2036 2487 et
2064 2430 2141 2486 ab
2182 2430 2282 2497 iis,
2333 2430 2562 2502 quibus
2613 2431 3030 2488 revidendum
3082 2433 3531 2500 commisimuS,
3579 2447 3807 2503 appro-

598 2528 839 2596 batum,
883 2529 1085 2599 placet
1116 2533 1181 2585 ut
1212 2528 1404 2598 praelo
1434 2529 1802 2594 committaS,
1836 2527 2182 2585 observatis
2211 2527 2584 2595 Tridentini,
2623 2534 2682 2587 et
2712 2531 2941 2586 nostris
2979 2531 3542 2588 constitutionibus.
3591 2533 3808 2588 Horta·

601 2634 879 2691 murque
912 2624 980 2676 ut
1015 2617 1231 2675 sedulo
1260 2619 1428 2674 circa
1460 2618 1758 2691 reliqum,
1793 2619 1901 2688 qui
1935 2622 2276 2690 supersunt
2305 2621 2540 2687 TomOS,
2573 2619 2857 2676 sedulam
2890 2635 3105 2678 curam
3138 2620 3482 2692 impendas,
3525 2621 3696 2688 Vale,
3729 2634 3805 2676 ex

598 2713 812 2765 nostro
844 2709 1167 2764 Conventu
1199 2709 1257 2765 S.
1297 2709 1511 2766 Mariae
1542 2705 1623 2763 de
1653 2709 1918 2764 Aracaeli
1962 2709 2046 2764 14.
2081 2709 2229 2764 Maii
2265 2710 2423 2766 1636.

1315 2832 1416 2893 Fa.
1462 2832 1715 2893 JOANNES
1758 2833 2037 2893 Bwnsu
2078 2851 2112 2892 A
2157 2829 2493 2904 Caeritum,
2524 2832 2812 2893 Minister
2844 2830 3202 2893 Generalis,

2056 3013 2466 3078 APPROBA
2484 3014 2571 3078 TI
2571 3014 2625 3079 Ο
2641 3066 2653 3080 .

662 3177 833 3246 Opus
855 3173 969 3229 hoc
1000 3171 1599 3230 Commentariorum
1639 3169 1704 3224 in
1734 3166 2027 3225 tredecim
2067 3167 2311 3238 priores
2341 3166 2770 3225 distinctiones
2799 3168 3072 3224 Doctoris
3112 3168 3370 3225 Subtilis
3409 3168 3474 3224 in
3507 3172 3801 3241 quartum

591 3264 835 3320 librum
885 3262 1345 3320 Sententiarum
1394 3274 1429 3314 a
1481 3261 1549 3314 R.
1591 3255 1923 3314 admodum
1976 3258 2033 3311 Ρ.
2082 3257 2346 3314 Antonio
2392 3257 2665 3328 Hiquaeo,
2701 3256 3025 3328 seraphici
3057 3254 3335 3323 Ordinis,
3367 3261 3429 3313 et
3471 3258 3803 3327 Regularis

586 3354 1023 3410 Observantiae
1070 3353 1344 3418 alumno,
1399 3365 1470 3406 ac
1517 3348 1794 3419 ejusdem
1846 3362 2038 3403 sacrae
2088 3347 2351 3403 familiae
2397 3348 2464 3403 in
2517 3361 2693 3404 sacra
2742 3347 3080 3415 Theologia
3122 3347 3487 3404 Praelectore
3520 3349 3801 3415 emerim,

588 3442 1034 3513 compositum,
1092 3456 1215 3512 qua
1273 3440 1444 3511 potui
1503 3439 1838 3508 diligentia
1888 3437 2161 3508 perlegi,
2216 3451 2331 3493 nec
2378 3436 2719 3508 quidquam
2771 3438 2982 3508 reperi
3032 3436 3194 3508 quod
3237 3436 3401 3504 fidei,
3431 3439 3667 3509 pietati,
3700 3444 3806 3495 aut

588 3534 777 3590 bonis
818 3532 1098 3589 moribus
1127 3532 1595 3589 dissentaneum
1629 3531 1729 3596 sit,
1764 3530 1919 3601 quin
1949 3530 2157 3600 potius
2186 3544 2298 3599 pro
2325 3528 2469 3584 fidei
2505 3529 2844 3600 mysteriiS,
2879 3544 3018 3599 quae
3070 3531 3135 3585 in
3187 3529 3600 3586 sacramentis
3632 3527 3807 3585 relu-

590 3626 768 3688 cent,
800 3620 1215 3687 elucidandis,
1249 3618 1529 3690 eJusdem
1562 3618 1821 3675 Subtilis
1854 3619 2126 3674 Doctoris
2157 3617 2484 3674 sententiis
2525 3617 2944 3687 explicandis»,
2973 3633 3043 3674 ac
3083 3619 3278 3674 variis
3321 3617 3498 3674 nodis
3536 3618 3807 3674 actricis

590 3713 997 3784 'theologicis
1043 3711 1401 3772 enodandis,
1444 3724 1601 3779 opus
1640 3710 1853 3780 prae10,
1903 3712 1962 3765 et
2013 3709 2152 3764 luce
2198 3708 2462 3779 dignum
2513 3723 2753 3776 censeo,
2783 3711 2832 3764 si
2867 3711 2952 3765 ita
2996 3708 3313 3766 videbitur
3363 3707 3803 3765 Reverendiss.

589 3809 658 3861 P.
697 3806 997 3875 Magistro
1022 3804 1180 3859 sacri
1214 3807 1275 3859 et
1305 3802 1640 3873 Apostolici
1674 3799 1919 3865 Palatii,
1954 3800 2136 3868 cujus
2169 3799 2604 3855 commissione
2629 3799 2789 3855 illud
2812 3800 2965 3856 mihi
2990 3799 3474 3856 examinandum
3509 3796 3804 3856 traditum
3841 3801 3876 3832 ⁶

606 3901 729 3953 est,
758 3899 968 3953 Romae
1027 3895 1090 3950 in
1112 3893 1389 3950 coenobio
1438 3895 1501 3948 B.
1554 3890 1834 3961 Virginis
1872 3890 2347 3959 Transpontinae
2377 3889 2627 3945 Ordinis
2659 3890 3160 3956 carmelitarum,
3195 3888 3299 3945 die
3328 3889 3418 3942 28,
3451 3887 3604 3942 ,Iulii
3643 3886 3801 3941 1636.

1670 4016 1978 4096 Magister
2008 4018 2108 4079 Fn.
2157 4017 2414 4078 ,loannes
2459 4017 2743 4077 ΒΑρτιετΑ
2786 4034 2859 4075 m:
2890 4017 3132 4077 Limus,

960 4120 1321 4185 IMPRIMA
1343 4120 1508 4185 TUR

1666 4241 1768 4301 Fa.
1816 4240 2096 4303 Nicomus
2138 4242 2509 4313 thmnoms,
2557 4241 2620 4300 S,
2670 4239 3284 4317 P.xt.x1-11Apostolici
3321 4240 3648 4319 Magister.

1761 4408 2167 4475 CENSURA
2270 4407 2644 4474 ORDINIS.

656 4561 784 4616 Nos
816 4555 988 4613 infra
1024 4553 1211 4622 cripti
1245 4556 1301 4608 S.
1335 4550 1686 4622 Theologiae
1718 4553 2024 4616 LectoreS,
2056 4550 2304 4606 Ordinis
2339 4550 2648 4605 Minorum
2682 4548 3017 4617 Regularis
3048 4546 3497 4614 Observantiae,
3549 4548 3613 4602 in
3664 4547 3809 4602 Col-

578 4652 762 4719 legio
787 4649 848 4702 S.
888 4641 1107 4699 Isidori
1143 4644 1205 4696 in
1241 4641 1428 4707 Urbe,
1461 4655 1535 4696 ex
1568 4655 1637 4697 co
1660 4640 2005 4695 nmissione
2048 4636 2492 4694 Reverendiss.
2531 4638 2592 4692 P.
2629 4639 2725 4690 Fr.
2760 4636 3014 4690 ,loannis
3048 4634 3331 4704 Baptistae
3361 4647 3394 4687 a
3435 4633 3806 4703 campanea,

582 4740 874 4800 Ministri
909 4735 1234 4792 Generalis
1266 4736 1449 4791 totius
1481 4733 1757 4799 Ordinis,
1792 4733 2063 4802 legimus
2105 4730 2446 4801 diligenter
2472 4732 2729 4785 Tomum
2781 4729 3057 4797 primum
3112 4726 3579 4792 commentarii,
3627 4740 3811 4797 quem

579 4837 797 4896 edidit
833 4836 904 4889 R.
937 4833 1000 4887 P,
1036 4833 1132 4886 Fr.
1171 4831 1471 4888 Antonius
1506 4831 1801 4899 Hiquaeus
1841 4831 1898 4883 S,
1932 4827 2283 4896 Tlieologiae
2319 4828 2532 4886 Lector
2564 4823 2883 4888 emeritus,
2918 4822 2981 4876 in
3014 4825 3306 4891 quartum
3355 4821 3815 4876 Sententiarum

578 4929 795 4989 nostri
834 4927 1118 4983 Doctoris
1148 4925 1424 4990 Subtilis,
1458 4925 1523 4979 in
1564 4938 1685 4993 quo
1717 4922 1879 4978 nihil
1911 4920 2077 4989 fidei,
2109 4926 2216 4977 aut
2256 4920 2432 4977 bonis
2481 4920 2759 4976 moribus
2807 4919 3184 4975 contrarium
3237 4917 3639 4987 invenimus3
3693 4917 3819 4972 imo

576 5038 1068 5099 doctissimum,
1102 5034 1162 5085 et
1192 5032 1415 5084 nostrae
1444 5026 1671 5082 scholae
1706 5023 2166 5081 professoribus
2199 5037 2438 5079 summe
2485 5024 2702 5078 utilem
2752 5021 3133 5091 judicamus,
3175 5025 3236 5078 et
3264 5019 3523 5093 proinde
3577 5018 3820 5089 dignis-

571 5154 849 5210 simum,
922 5139 1037 5211 qui
1097 5135 1174 5193 ad
1230 5134 1500 5192 fructum
1539 5134 1832 5198 aliorum,
1881 5136 1938 5189 et
1990 5145 2287 5200 magnum
2333 5130 2423 5185 rei
2473 5129 2862 5198 Theologicae
2912 5128 3371 5184 incrementum
3440 5125 3820 5197 publicetur,

572 5259 812 5313 Datum
850 5249 925 5304 in
963 5240 1268 5315 pra->dicto
1299 5241 1574 5308 Collegio
1604 5239 1656 5292 4.
1691 5237 1838 5291 Maii
1880 5236 2035 5292 1636.

1647 5360 1749 5421 Fa.
1795 5360 2041 5419 Jomssss
2071 5378 2102 5417 A
2132 5357 2195 5418 S.
2234 5358 2578 5424 anucisct),
2614 5354 2675 5414 S.
2709 5353 3081 5432 Theologiae
3112 5355 3362 5413 Lector.

1648 5466 1748 5524 Fa.
1782 5466 2067 5524 Tmofflus
2099 5464 2366 5533 BALAEUS,
2398 5461 2461 5521 S.
2494 5459 2873 5537 Theologiae
2908 5461 3156 5521 Lector.

1657 5569 1758 5630 Fn.
1808 5568 2118 5629 Psi-tucius
2166 5568 2496 5634 Bnmmus,
2532 5567 2595 5626 S.
2628 5565 2998 5644 Tlieologiae
3032 5565 3287 5625 Lector,
