4287 6313
156 1046 499 1110 Exemplum.

179 2340 491 2470 Resgxgmsio.

270 2928 391 2978 Alia

179 2989 474 3056 rsponsio.

185 3343 196 3350 ·
216 3283 456 3346 Yasquez

183 3351 472 3410 impugnat.

187 3643 468 3712 Contradi-

261 3712 380 3755 eno.

230 4674 421 4723 Evasit·

179 4739 459 4785 resellitur.

1664 404 1865 468 ms'r.
1916 408 1961 469 l.
1996 402 2357 481 QUAES'HO
2403 404 2475 463 V.

537 567 852 635 oramenti
900 579 1051 635 ante
1100 568 1257 635 illud
1317 568 1570 636 instans
1635 566 2075 634 extrinsecum

538 686 880 772 completae
910 686 1294 772 prolationis
1337 688 1634 753 habetur.
1664 689 2077 771 Consequen-

536 801 625 867 tia
682 814 781 869 est
846 803 1211 882 manifesta,
1279 804 1431 890 quia
1500 814 1650 868 ante
1709 801 1868 868 illud
1947 820 2078 867 non

535 918 898 1005 completur
926 940 1163 987 sensus
1198 920 1426 988 formae
1461 917 1973 986 sacramentalis.

623 1035 917 1122 Exempli
971 1036 1204 1123 gratia,
1264 1036 1330 1101 in
1382 1036 1588 1102 forma
1649 1032 2074 1100 Eucharistiae

529 1172 660 1218 non
703 1153 965 1238 ponitur
1002 1173 1241 1240 corpus
1289 1153 1528 1221 Christi
1562 1154 1684 1219 sub
1729 1151 2073 1237 speciebus

524 1269 735 1355 paniS,
783 1269 1040 1356 quando
1071 1270 1419 1356 profertur,
1477 1270 1606 1335 Hoc
1636 1280 1729 1335 est
1773 1268 2066 1355 praecise,

521 1386 684 1453 alias
749 1388 803 1454 si
880 1388 1363 1455 obmutesceret
1416 1387 1730 1454 Sacerdos
1790 1387 1868 1453 ad
1919 1385 2071 1454 reli·

520 1524 651 1590 qua
703 1503 855 1583 duo,
908 1505 1014 1571 vel
1057 1524 1187 1571 non
1235 1505 1479 1572 diceret
1519 1525 1591 1571 ea
1641 1478 2066 1584 sensibiliter,

519 1620 738 1688 adhuc
801 1622 1204 1688 consecratio
1274 1631 1443 1688 esset
1486 1622 1672 1701 facta,
1711 1619 1882 1710 quod
1951 1620 2068 1687 fal·

520 1760 672 1806 sum
705 1749 823 1810 est.
872 1741 1057 1819 Item,
1105 1739 1169 1804 in
1203 1738 1412 1805 forma
1463 1738 1798 1825 Baptismi‚
1836 1738 1890 1804 si
1923 1759 2068 1824 pro-

520 1855 722 1921 ferret
751 1855 1051 1922 minister
1090 1855 1197 1922 illa
1241 1857 1465 1936 verba,
1523 1858 1807 1942 Baptizo
1849 1868 1930 1936 te,
1982 1856 2072 1921 si-

519 1990 604 2035 ne
642 1970 1053 2038 invocatione
1114 1971 1448 2039 Trinitatis
1502 1972 1825 2039 conferret
1864 1971 2071 2059 grati-

517 2106 624 2150 am
668 2086 1162 2173 baptismalem;
1236 2087 1407 2175 quod
1476 2087 1695 2154 nullus
1735 2087 1914 2165 dicit,
1988 2108 2069 2153 ex

521 2201 777 2268 ratione
800 2203 934 2289 jam
979 2202 1339 2290 praemissa.

616 2320 710 2383 Ex
743 2338 871 2406 qua
910 2316 1088 2384 nullo
1129 2318 1391 2405 negotio
1439 2328 1842 2384 evacuantur
1889 2317 2066 2385 solu·

523 2432 738 2499 tiones
806 2432 1355 2499 adversariorum.
1417 2433 1835 2519 Respondent
1891 2432 2065 2499 enim

521 2548 812 2635 quidam,
882 2548 1052 2635 quod
1099 2548 1305 2635 gratia
1365 2570 1479 2615 seu
1534 2549 1804 2616 effectus
1845 2550 2069 2615 Sacra-

523 2664 750 2744 menti,
798 2663 1192 2750 producatur
1223 2686 1337 2752 pro
1376 2666 1593 2753 aliquo
1623 2677 1917 2752 tempore
1971 2666 2067 2732 in-

521 2779 955 2847 determinato
985 2766 1134 2848 ante
1166 2781 1418 2848 instans
1459 2782 2066 2870 extrinsecum,quo

519 2897 761 2964 desinit
790 2899 1308 2965 Sacramentum.
1355 2898 1479 2965 Alii
1523 2899 1919 2986 respondent
1952 2921 2066 2987 pro

518 3023 814 3099 tempore
853 3012 1307 3093 determinato,
1334 3035 1462 3101 quo
1494 3014 1721 3081 ultima
1753 3015 2065 3101 particula

521 3129 905 3216 prolationis
946 3130 1297 3199 verborum
1329 3132 1520 3199 durat
1567 3134 1863 3219 produci.
1938 3137 2065 3201 Has

518 3247 983 3332 responsiones
1035 3248 1201 3314 bene
1259 3248 1600 3335 impugnat
1666 3252 1855 3315 Pater
1900 3253 2065 3316 Vas-

516 3381 681 3448 quez
721 3372 876 3430 com.
922 3365 986 3429 2.
1042 3365 1118 3429 in
1156 3366 1220 3428 3.
1272 3375 1489 3449 parte,
1528 3364 1850 3450 disputat.
1908 3370 2059 3434 132.

514 3499 665 3564 cap.
703 3483 768 3544 4.
823 3500 1102 3566 quorum
1146 3480 1560 3566 impugnatio
1617 3481 1788 3567 apud
1847 3483 2062 3569 ipsum

517 3594 730 3661 videri
761 3606 998 3681 potest.
1035 3599 1257 3683 Neque
1279 3607 1758 3684 consequenter
1788 3596 2064 3685 loquun-

517 3723 629 3775 tur
662 3709 774 3795 qui
811 3708 1037 3775 dicunt
1065 3710 1340 3795 gratiam
1366 3709 1597 3788 creari,
1621 3710 1772 3797 quia
1807 3711 1901 3778 sic
1932 3723 2064 3778 tota

512 3824 713 3891 simul
755 3826 1137 3912 producitur
1190 3848 1204 3906 ;
1277 3826 1381 3891 vel
1423 3847 1581 3914 ergo
1638 3837 1929 3914 tempore
1960 3828 2066 3894 de-

511 3943 866 4009 terminato
906 3942 1009 4009 vel
1080 3943 1578 4010 indeterminato
1634 3956 1784 4010 ante
1816 3945 2065 4012 instans

522 4057 911 4147 prolationis
954 4059 1336 4145 producitur
1392 4059 1602 4146 gratia
1663 4061 2059 4144 successive,

511 4177 690 4243 sicut
737 4178 821 4243 sit
879 4179 1018 4264 ipsa
1076 4178 1352 4264 prolatio
1420 4179 1649 4246 formae
1688 4180 2064 4247 successive

510 4305 583 4358 et
629 4294 1137 4361 concomitanter
1167 4315 1238 4360 se
1266 4295 1507 4362 habent
1539 4295 1813 4382 prolatio
1837 4295 2065 4362 formae

512 4409 729 4495 quoad
824 4410 1115 4477 ultimam
1179 4411 1587 4498 particulam,
1623 4424 1687 4478 et
1728 4412 2065 4499 productio

510 4528 774 4612 gratiae.

610 4641 739 4708 Sed
781 4642 999 4709 hocin
1044 4644 1274 4729 primis
1312 4655 1407 4711 est
1440 4645 1700 4721 falsum,
1745 4646 1898 4733 quia
1933 4668 2066 4713 om-

515 4758 622 4825 nis
690 4758 954 4825 effectus
996 4760 1309 4846 supponit
1364 4781 1548 4826 suam
1584 4781 1845 4828 causam
1881 4763 1947 4828 in
1971 4785 2064 4828 es-

512 4896 586 4940 se
613 4874 843 4941 saltem
904 4875 1087 4962 prius
1140 4887 1411 4953 natura;
1472 4876 1678 4942 forma
1745 4889 1959 4944 autem
1995 4892 2066 4946 ut

517 4989 768 5079 prolata
823 4991 1076 5076 integre
1142 5003 1205 5057 et
1247 4991 1668 5073 sensibiliter,
1725 5006 1824 5059 est
1870 5015 2065 5062 causa

512 5110 749 5196 gratiae
786 5132 800 5187 ;
836 5129 995 5196 ergo
1026 5109 1361 5196 productio
1436 5109 1669 5197 gratiae
1722 5114 1946 5199 nequit
1995 5135 2066 5180 se

513 5225 759 5291 habere
807 5225 1320 5292 concomitanter
1359 5225 1434 5292 ad
1479 5226 1907 5313 prolationem
1935 5230 2061 5295 for-

514 5362 641 5407 mae
682 5341 1041 5406 secundum
1095 5340 1377 5426 aliquam
1413 5342 1793 5426 particulam
1857 5345 2065 5429 prola-

507 5458 743 5524 tionis.
828 5460 1007 5524 Patet
1081 5459 1571 5545 consequentia,
1636 5461 1787 5547 quia
1860 5460 2066 5530 donec

507 5573 884 5661 proseratur
938 5573 1193 5660 integre
1241 5574 1472 5653 forma,
1532 5575 1757 5663 nequit
1807 5577 2063 5663 concipi

3636 404 3745 466 153

2193 565 2255 630 in
2299 586 2449 645 esse,
2508 566 2700 633 etiam
2754 576 2825 634 ut
2869 567 3052 655 prius
3100 578 3330 634 natura
3389 566 3631 653 gratia;
3677 564 3733 631 si

2190 704 2346 749 vero
2394 684 2601 768 gratia
2636 685 3028 771 producatur
3067 683 3263 752 simul
3318 705 3468 750 cum
3519 681 3735 769 prola-

2190 798 2365 864 tione
2414 801 2785 867 successiva
2828 802 3075 868 ultimae
3107 799 3444 888 particulae
3477 800 3728 878 formae,

2191 938 2348 1003 ergo
2387 929 2538 985 sunt
2589 918 2784 985 simul
2841 918 2903 984 in
2961 921 3120 1002 fieri
3158 919 3368 1007 gratia
3426 930 3491 983 et
3530 917 3737 983 forma
3838 933 4011 983 Donec

2189 1034 2353 1120 ipsa,
2392 1035 2542 1121 quia
2571 1035 2777 1102 donec
2814 1035 3221 1123 compleatur
3271 1034 3546 1121 prolatio
3610 1035 3738 1100 sor·
3768 994 4085 1117 &325⁸ssssss

2187 1170 2336 1229 mae,
2394 1171 2730 1237 nunquam
2782 1153 3146 1239 concipitur
3198 1152 3403 1217 forma
3453 1151 3518 1216 in
3570 1149 3738 1216 facto
3881 1127 3975 1171 ω·

2187 1288 2341 1345 esse,
2370 1287 2528 1353 ergo
2561 1287 2773 1354 neque
2806 1280 2875 1334 ut
2907 1288 3100 1334 causa
3134 1269 3318 1355 prius
3353 1277 3582 1332 natura
3614 1286 3735 1332 suo

2187 1382 2447 1450 effectu.

2274 1499 2661 1587 Imaginatio
2701 1511 2916 1567 autem
2951 1503 3117 1581 haec,
3164 1523 3312 1589 quae
3353 1513 3453 1568 est
3482 1500 3562 1567 de
3593 1522 3729 1568 mo·
3757 1570 3859 1618 Ima
3901 1502 4058 1619 flgitio

2185 1624 2280 1693 tu,
2316 1624 2375 1679 et
2419 1636 2537 1681 suo
2588 1616 2869 1682 termino
2938 1617 3161 1703 nequit
3219 1617 3387 1683 trahi
3437 1617 3515 1684 ad
3571 1639 3726 1685 cau·
3802 1630 3956 1679 salax
3984 1635 4036 1677 et

2184 1749 2322 1795 sam
2390 1741 2451 1795 et
2516 1730 2839 1815 effectum,
2898 1732 3049 1818 quia
3110 1732 3279 1798 sicut
3337 1744 3551 1799 motus
3627 1744 3729 1800 est
3781 1703 4062 1806 cohssssgns.

2184 1858 2366 1913 actus
2428 1848 2847 1932 productivus
2880 1848 3166 1925 termini,
3226 1847 3322 1914 sic
3370 1849 3562 1914 etiam
3597 1860 3728 1916 ter-

2185 1962 2403 2029 minus
2443 1963 2639 2030 simul
2680 1964 3008 2031 mediante
3058 1977 3236 2033 motu
3296 1964 3369 2030 fit
3416 1966 3733 2031 successi-

2182 2098 2289 2158 ve,
2341 2077 2681 2167 sicutipse
2729 2093 2970 2162 motus,
3028 2093 3097 2148 ut
3163 2092 3339 2168 patet
3387 2081 3453 2146 in
3504 2080 3734 2147 calefa-

2181 2195 2395 2261 ctione
2435 2206 2498 2261 et
2529 2195 2764 2276 calore,
2830 2198 2982 2284 quia
3051 2209 3267 2263 motus
3307 2197 3533 2284 nequit
3591 2216 3737 2264 esse

2183 2325 2294 2378 aut
2328 2313 2580 2400 concipi
2622 2314 2765 2381 sine
2823 2335 2943 2381 suo
2977 2315 3283 2396 termino,
3336 2336 3373 2381 a
3414 2336 3543 2402 quo
3592 2335 3736 2402 spe·

2181 2427 2518 2509 cificatur;
2563 2451 2759 2498 causa
2808 2444 3026 2498 autem
3070 2433 3464 2519 supponitur
3515 2432 3591 2497 ad
3642 2431 3734 2497 ef-

2183 2545 2427 2613 fectum
2462 2546 2527 2613 in
2568 2547 2890 2635 completo
2922 2571 3076 2628 esse,
3117 2570 3234 2615 nec
3282 2550 3361 2615 ab
3405 2569 3481 2614 eo
3525 2549 3736 2635 speci-

2187 2663 2438 2741 ficatur,
2498 2684 2709 2751 neque
2775 2664 3101 2751 dependet
3168 2666 3234 2731 in
3276 2665 3407 2731 ullo
3459 2685 3725 2751 genere,

2183 2780 2296 2846 sed
2329 2801 2363 2846 e
2396 2791 2645 2847 contra.

2270 2897 2565 2965 Secundo
2615 2909 2762 2985 peto
2819 2898 2976 2985 quid
3043 2900 3252 2966 salvet
3307 2898 3524 2965 dicere
3579 2919 3726 2986 gra·
3801 2934 4079 2985 Solutionis

2181 3015 2334 3081 tiam
2369 3012 2634 3100 produci
2665 3014 2729 3078 in
2792 3024 3082 3102 tempore
3122 3016 3554 3082 determinato
3615 3000 3727 3082 aut
3811 2998 4026 3048 vanitas.

2182 3127 2681 3195 indeterminato
2745 3127 2992 3196 ultimae
3042 3128 3422 3215 prolationis
3485 3130 3720 3218 magiS,

2181 3269 2375 3338 quam
2415 3248 2469 3314 si
2510 3247 2761 3314 dicatur
2793 3247 3059 3332 produci
3092 3260 3227 3314 toto
3259 3259 3388 3315 tem
3400 3270 3551 3335 pore
3582 3271 3726 3337 pro-

2182 3365 2466 3447 lationiS,
2496 3376 2689 3453 atque
2720 3387 2836 3453 per
2865 3365 3193 3432 alterum?
3228 3367 3499 3453 perinde
3528 3368 3721 3434 etiam

2180 3481 2478 3568 sequitur
2525 3481 2823 3548 effectum
2867 3482 3267 3548 Sacramenti
3325 3483 3603 3569 supponi
3645 3483 3721 3548 ad

2179 3599 2479 3679 formam,
2524 3600 2676 3688 quia
2707 3599 2914 3665 donec
2972 3598 3375 3686 compleatur
3416 3600 3728 3687 quaelibet

2180 3736 2327 3802 pars
2377 3715 2824 3782 substantialis
2875 3715 3126 3795 formae,
3173 3735 3303 3780 non
3362 3727 3460 3782 est
3518 3715 3729 3782 forma

2179 3831 2245 3897 in
2278 3851 2476 3897 sensu
2535 3830 3012 3910 sacramentali,
3058 3831 3168 3918 qui
3240 3841 3310 3897 ut
3366 3830 3729 3918 completus

2179 3946 2607 4034 praeexigitur
2635 3946 2711 4012 ad
2754 3945 3078 4025 effectum,
3125 3947 3300 4033 quia,
3339 3958 3409 4013 ut
3461 3946 3724 4025 dicitur,

2180 4061 2611 4149 significando
2642 4074 2866 4130 causat
2898 4076 2961 4129 et
2999 4063 3288 4129 continet
3346 4085 3538 4131 suum
3571 4065 3729 4132 effe-

2179 4191 2377 4246 ctum.
2426 4176 2612 4246 Unde
2670 4178 2839 4245 sicut
2906 4177 3205 4264 ponendo
3270 4200 3533 4265 corpuS,
3600 4181 3725 4247 nisi

2182 4306 2459 4382 ponatur
2509 4295 2724 4360 anima
2758 4293 2963 4375 unita,
3011 4314 3139 4359 non
3191 4296 3455 4380 ponitur
3495 4295 3715 4374 homo,

2180 4412 2275 4479 sic
2331 4411 2631 4498 ponendo
2678 4431 3126 4498 quascumque
3174 4411 3403 4478 formae
3443 4413 3722 4498 particu-

2178 4528 2275 4595 las
2341 4528 2546 4595 donec
2614 4539 2891 4615 ponatur
2957 4526 3184 4593 ultima
3242 4527 3717 4610 substantialiS,

2180 4666 2310 4712 non
2370 4644 2630 4732 ponitur
2668 4644 2898 4722 forma,
2960 4654 3030 4709 ut
3091 4656 3191 4709 est
3238 4664 3433 4711 causa
3500 4648 3724 4712 Sacra-

2183 4762 2407 4840 menti‚
2482 4759 2641 4828 alias
2697 4760 2870 4826 enim
2931 4760 3185 4827 sublata
3235 4760 3339 4827 illa
3409 4760 3722 4848 particula

2181 4889 2471 4946 maneret
2511 4877 2711 4943 forma
2770 4889 2834 4943 et
2890 4876 3159 4943 effectus
3198 4877 3365 4964 ejuS,
3406 4878 3578 4965 quod
3627 4891 3726 4946 est

2179 4995 2440 5061 falsum.

2268 5111 2540 5198 Sequela
2595 5119 2808 5175 tamen
2859 5110 3195 5195 probatur,
3278 5110 3429 5198 quia
3469 5110 3524 5176 si
3572 5132 3727 5198 gra-

2179 5226 2265 5293 tia
2337 5226 2737 5312 producitur,
2819 5225 3030 5311 quoad
3101 5226 3384 5313 aliquem
3448 5226 3725 5313 gradum

2179 5342 2306 5421 sui,
2357 5353 2466 5408 aut
2524 5362 2594 5407 se
2642 5352 2847 5407 totum
2918 5353 3266 5429 antequam
3326 5343 3729 5429 compleatur

2180 5458 2432 5545 integra
2483 5457 2779 5544 prolati0,
2827 5470 2890 5524 et
2922 5458 3007 5524 sit
3056 5457 3162 5524 ille
3195 5458 3440 5545 gradus
3488 5459 3724 5545 produ-

2178 5586 2322 5640 ctus
2355 5574 2418 5639 in
2454 5574 2662 5660 prima
2712 5586 2896 5660 parte
2942 5574 3254 5661 temporis
3309 5574 3717 5644 determinati
