<?xml version="1.0" encoding="UTF-8"?>
<!DOCTYPE html PUBLIC "-//W3C//DTD XHTML 1.0 Transitional//EN"
    "http://www.w3.org/TR/xhtml1/DTD/xhtml1-transitional.dtd">
<html xmlns="http://www.w3.org/1999/xhtml" xml:lang="en" lang="en">
 <head>
  <title>
</title>
<meta http-equiv="Content-Type" content="text/html;charset=utf-8" />
  <meta name='ocr-system' content='tesseract 3.04.00' />
  <meta name='ocr-capabilities' content='ocr_page ocr_carea ocr_par ocr_line ocrx_word'/>
</head>
<body>
  <div class='ocr_page' id='page_1' title='image "./joannisdunsscot01waddgoog_0571.png"; bbox 0 0 4287 6313; ppageno 0'>
   <div class='ocr_carea' id='block_1_1' title="bbox 279 5248 328 5297">
    <p class='ocr_par' dir='ltr' id='par_1_1' title="bbox 279 5248 328 5297">
     <span class='ocr_line' id='line_1_1' title="bbox 279 5248 328 5297; baseline 0 0"><span class='ocrx_word' id='word_1_1' title='bbox 279 5248 328 5297; x_wconf 84' lang='lat'>7.</span> 
     </span>
    </p>
   </div>
   <div class='ocr_carea' id='block_1_2' title="bbox 1596 389 3664 474">
    <p class='ocr_par' dir='ltr' id='par_1_2' title="bbox 1596 389 3664 474">
     <span class='ocr_line' id='line_1_2' title="bbox 1596 389 3664 474; baseline -0.006 -10"><span class='ocrx_word' id='word_1_2' title='bbox 1596 402 1797 466; x_wconf 80' lang='lat' dir='ltr'>Dls&#39;r.</span> <span class='ocrx_word' id='word_1_3' title='bbox 1861 400 1963 462; x_wconf 83' lang='lat' dir='ltr'>vl.</span> <span class='ocrx_word' id='word_1_4' title='bbox 2014 396 2379 474; x_wconf 83' lang='lat' dir='ltr'>QUAESTlo</span> <span class='ocrx_word' id='word_1_5' title='bbox 2435 397 2511 461; x_wconf 86' lang='lat'>11.</span> <span class='ocrx_word' id='word_1_6' title='bbox 3543 389 3664 452; x_wconf 84' lang='lat'>555</span> 
     </span>
    </p>
   </div>
   <div class='ocr_carea' id='block_1_3' title="bbox 478 558 2030 1009">
    <p class='ocr_par' dir='ltr' id='par_1_3' title="bbox 478 558 2030 1009">
     <span class='ocr_line' id='line_1_3' title="bbox 496 558 2030 661; baseline -0.006 -22"><span class='ocrx_word' id='word_1_7' title='bbox 496 566 889 654; x_wconf 85' lang='lat' dir='ltr'>actiones,</span> <span class='ocrx_word' id='word_1_8' title='bbox 931 573 1012 644; x_wconf 90' lang='lat' dir='ltr'>et</span> <span class='ocrx_word' id='word_1_9' title='bbox 1067 570 1342 661; x_wconf 89' lang='lat' dir='ltr'>plures</span> <span class='ocrx_word' id='word_1_10' title='bbox 1400 560 1826 656; x_wconf 85' lang='lat' dir='ltr'>Baptismi.</span> <span class='ocrx_word' id='word_1_11' title='bbox 1885 558 2030 632; x_wconf 87' lang='lat' dir='ltr'>Sed</span> 
     </span>
     <span class='ocr_line' id='line_1_4' title="bbox 483 677 2025 776; baseline -0.006 -21"><span class='ocrx_word' id='word_1_12' title='bbox 483 686 947 776; x_wconf 88' lang='lat' dir='ltr'>oppositum</span> <span class='ocrx_word' id='word_1_13' title='bbox 1006 686 1350 766; x_wconf 86' lang='lat' dir='ltr'>videtur,</span> <span class='ocrx_word' id='word_1_14' title='bbox 1424 679 1610 773; x_wconf 90' lang='lat' dir='ltr'>quia</span> <span class='ocrx_word' id='word_1_15' title='bbox 1674 697 1837 748; x_wconf 91' lang='lat' dir='ltr'>non</span> <span class='ocrx_word' id='word_1_16' title='bbox 1904 677 2025 746; x_wconf 91' lang='lat' dir='ltr'>est</span> 
     </span>
     <span class='ocr_line' id='line_1_5' title="bbox 478 793 2026 882; baseline -0.006 -11"><span class='ocrx_word' id='word_1_17' title='bbox 478 798 636 872; x_wconf 91' lang='lat' dir='ltr'>nisi</span> <span class='ocrx_word' id='word_1_18' title='bbox 688 802 928 875; x_wconf 91' lang='lat' dir='ltr'>unica</span> <span class='ocrx_word' id='word_1_19' title='bbox 988 799 1279 882; x_wconf 90' lang='lat' dir='ltr'>forma,</span> <span class='ocrx_word' id='word_1_20' title='bbox 1344 817 1530 870; x_wconf 90' lang='lat' dir='ltr'>nam</span> <span class='ocrx_word' id='word_1_21' title='bbox 1571 793 1819 866; x_wconf 87' lang='lat' dir='ltr'>verba</span> <span class='ocrx_word' id='word_1_22' title='bbox 1854 794 2026 863; x_wconf 91' lang='lat' dir='ltr'>tan-</span> 
     </span>
     <span class='ocr_line' id='line_1_6' title="bbox 482 908 2023 1009; baseline -0.006 -21"><span class='ocrx_word' id='word_1_23' title='bbox 482 919 653 989; x_wconf 91' lang='lat' dir='ltr'>tum</span> <span class='ocrx_word' id='word_1_24' title='bbox 716 921 903 990; x_wconf 90' lang='lat' dir='ltr'>sunt</span> <span class='ocrx_word' id='word_1_25' title='bbox 976 917 1223 991; x_wconf 91' lang='lat' dir='ltr'>semel</span> <span class='ocrx_word' id='word_1_26' title='bbox 1312 913 1662 1009; x_wconf 87' lang='lat' dir='ltr'>prolata.</span> <span class='ocrx_word' id='word_1_27' title='bbox 1740 908 2023 980; x_wconf 89' lang='lat' dir='ltr'>Posset</span> 
     </span>
    </p>
   </div>
   <div class='ocr_carea' id='block_1_4' title="bbox 441 1026 2023 1126">
    <p class='ocr_par' dir='ltr' id='par_1_4' title="bbox 441 1026 2023 1126">
     <span class='ocr_line' id='line_1_7' title="bbox 441 1026 2023 1126; baseline -0.008 -19"><span class='ocrx_word' id='word_1_28' title='bbox 441 1037 751 1116; x_wconf 81' lang='lat' dir='ltr'>,tamen</span> <span class='ocrx_word' id='word_1_29' title='bbox 818 1035 1079 1126; x_wconf 83' lang='lat' dir='ltr'>magis</span> <span class='ocrx_word' id='word_1_30' title='bbox 1148 1029 1497 1111; x_wconf 86' lang='lat' dir='ltr'>concedi,</span> <span class='ocrx_word' id='word_1_31' title='bbox 1565 1027 1766 1122; x_wconf 86' lang='lat' dir='ltr'>quod</span> <span class='ocrx_word' id='word_1_32' title='bbox 1838 1026 2023 1096; x_wconf 87' lang='lat' dir='ltr'>sunt</span> 
     </span>
    </p>
   </div>
   <div class='ocr_carea' id='block_1_5' title="bbox 476 1140 2033 5665">
    <p class='ocr_par' dir='ltr' id='par_1_5' title="bbox 476 1140 2030 2517">
     <span class='ocr_line' id='line_1_8' title="bbox 476 1140 2019 1244; baseline -0.001 -24"><span class='ocrx_word' id='word_1_33' title='bbox 476 1150 754 1242; x_wconf 88' lang='lat' dir='ltr'>plures</span> <span class='ocrx_word' id='word_1_34' title='bbox 841 1150 1280 1244; x_wconf 89' lang='lat' dir='ltr'>Baptismi,</span> <span class='ocrx_word' id='word_1_35' title='bbox 1374 1145 1711 1220; x_wconf 89' lang='lat' dir='ltr'>tenendo</span> <span class='ocrx_word' id='word_1_36' title='bbox 1801 1140 2019 1218; x_wconf 80' lang='lat' dir='ltr'>illud,</span> 
     </span>
     <span class='ocr_line' id='line_1_9' title="bbox 480 1264 2026 1356; baseline -0.005 -22"><span class='ocrx_word' id='word_1_37' title='bbox 480 1267 684 1356; x_wconf 89' lang='lat' dir='ltr'>quod</span> <span class='ocrx_word' id='word_1_38' title='bbox 734 1266 1035 1340; x_wconf 91' lang='lat' dir='ltr'>dictum</span> <span class='ocrx_word' id='word_1_39' title='bbox 1069 1269 1219 1349; x_wconf 92' lang='lat' dir='ltr'>est,</span> <span class='ocrx_word' id='word_1_40' title='bbox 1276 1264 1480 1355; x_wconf 93' lang='lat' dir='ltr'>quod</span> <span class='ocrx_word' id='word_1_41' title='bbox 1549 1264 2026 1334; x_wconf 84' lang='lat' dir='ltr'>Sacramen-</span> 
     </span>
     <span class='ocr_line' id='line_1_10' title="bbox 477 1377 2022 1476; baseline -0.006 -22"><span class='ocrx_word' id='word_1_42' title='bbox 477 1385 653 1454; x_wconf 91' lang='lat' dir='ltr'>tum</span> <span class='ocrx_word' id='word_1_43' title='bbox 720 1383 1122 1476; x_wconf 85' lang='lat' dir='ltr'>Baptismi</span> <span class='ocrx_word' id='word_1_44' title='bbox 1178 1385 1303 1454; x_wconf 91' lang='lat' dir='ltr'>est</span> <span class='ocrx_word' id='word_1_45' title='bbox 1351 1377 1795 1472; x_wconf 77' lang='lat' dir='ltr'>baptizatio</span> <span class='ocrx_word' id='word_1_46' title='bbox 1852 1395 2022 1466; x_wconf 86' lang='lat' dir='ltr'>pas-</span> 
     </span>
     <span class='ocr_line' id='line_1_11' title="bbox 482 1486 2022 1586; baseline -0.01 -14"><span class='ocrx_word' id='word_1_47' title='bbox 482 1498 682 1572; x_wconf 86' lang='lat' dir='ltr'>siva.</span> <span class='ocrx_word' id='word_1_48' title='bbox 750 1501 850 1572; x_wconf 90' lang='lat' dir='ltr'>Et</span> <span class='ocrx_word' id='word_1_49' title='bbox 900 1503 1090 1572; x_wconf 90' lang='lat' dir='ltr'>tunc</span> <span class='ocrx_word' id='word_1_50' title='bbox 1151 1497 1245 1569; x_wconf 86' lang='lat' dir='ltr'>ad</span> <span class='ocrx_word' id='word_1_51' title='bbox 1288 1497 1861 1586; x_wconf 78' lang='lat' dir='ltr'>argumentum</span> <span class='ocrx_word' id='word_1_52' title='bbox 1917 1486 2022 1559; x_wconf 89' lang='lat' dir='ltr'>di·</span> 
     </span>
     <span class='ocr_line' id='line_1_12' title="bbox 481 1604 2024 1706; baseline -0.01 -18"><span class='ocrx_word' id='word_1_53' title='bbox 481 1615 840 1696; x_wconf 90' lang='lat' dir='ltr'>cendum,</span> <span class='ocrx_word' id='word_1_54' title='bbox 880 1614 1086 1706; x_wconf 91' lang='lat' dir='ltr'>quod</span> <span class='ocrx_word' id='word_1_55' title='bbox 1142 1632 1301 1685; x_wconf 91' lang='lat' dir='ltr'>non</span> <span class='ocrx_word' id='word_1_56' title='bbox 1337 1613 1666 1704; x_wconf 78' lang='lat' dir='ltr'>oportet</span> <span class='ocrx_word' id='word_1_57' title='bbox 1718 1607 1811 1679; x_wconf 88' lang='lat' dir='ltr'>ad</span> <span class='ocrx_word' id='word_1_58' title='bbox 1852 1604 2024 1698; x_wconf 91' lang='lat' dir='ltr'>plu-</span> 
     </span>
     <span class='ocr_line' id='line_1_13' title="bbox 485 1723 2025 1820; baseline -0.008 -18"><span class='ocrx_word' id='word_1_59' title='bbox 485 1731 1026 1804; x_wconf 86' lang='lat' dir='ltr'>rificationem</span> <span class='ocrx_word' id='word_1_60' title='bbox 1103 1728 1482 1820; x_wconf 86' lang='lat' dir='ltr'>alicujus,</span> <span class='ocrx_word' id='word_1_61' title='bbox 1530 1723 1801 1798; x_wconf 92' lang='lat' dir='ltr'>omnia</span> <span class='ocrx_word' id='word_1_62' title='bbox 1855 1741 2025 1813; x_wconf 68' lang='lat' dir='ltr'>quae</span> 
     </span>
     <span class='ocr_line' id='line_1_14' title="bbox 481 1836 2026 1937; baseline -0.006 -21"><span class='ocrx_word' id='word_1_63' title='bbox 481 1849 670 1918; x_wconf 92' lang='lat' dir='ltr'>sunt</span> <span class='ocrx_word' id='word_1_64' title='bbox 730 1846 811 1916; x_wconf 92' lang='lat' dir='ltr'>in</span> <span class='ocrx_word' id='word_1_65' title='bbox 882 1845 1046 1926; x_wconf 84' lang='lat' dir='ltr'>illo,</span> <span class='ocrx_word' id='word_1_66' title='bbox 1126 1839 1604 1937; x_wconf 87' lang='lat' dir='ltr'>plurificari,</span> <span class='ocrx_word' id='word_1_67' title='bbox 1695 1837 1826 1910; x_wconf 87' lang='lat' dir='ltr'>sed</span> <span class='ocrx_word' id='word_1_68' title='bbox 1872 1836 2026 1908; x_wconf 89' lang='lat' dir='ltr'>suf-</span> 
     </span>
     <span class='ocr_line' id='line_1_15' title="bbox 478 1953 2028 2054; baseline -0.006 -21"><span class='ocrx_word' id='word_1_69' title='bbox 478 1962 648 2036; x_wconf 87' lang='lat' dir='ltr'>ficit</span> <span class='ocrx_word' id='word_1_70' title='bbox 694 1962 1016 2054; x_wconf 85' lang='lat' dir='ltr'>aliquod</span> <span class='ocrx_word' id='word_1_71' title='bbox 1068 1981 1356 2033; x_wconf 91' lang='lat' dir='ltr'>eorum</span> <span class='ocrx_word' id='word_1_72' title='bbox 1400 1954 1879 2051; x_wconf 88' lang='lat' dir='ltr'>plurificari‚</span> <span class='ocrx_word' id='word_1_73' title='bbox 1933 1953 2028 2024; x_wconf 90' lang='lat' dir='ltr'>ad</span> 
     </span>
     <span class='ocr_line' id='line_1_16' title="bbox 481 2070 2029 2167; baseline -0.005 -19"><span class='ocrx_word' id='word_1_74' title='bbox 481 2078 629 2148; x_wconf 93' lang='lat' dir='ltr'>hoc</span> <span class='ocrx_word' id='word_1_75' title='bbox 710 2077 915 2167; x_wconf 89' lang='lat' dir='ltr'>quod</span> <span class='ocrx_word' id='word_1_76' title='bbox 969 2078 1234 2148; x_wconf 91' lang='lat' dir='ltr'>totum</span> <span class='ocrx_word' id='word_1_77' title='bbox 1307 2071 1844 2166; x_wconf 86' lang='lat' dir='ltr'>plurificetur.</span> <span class='ocrx_word' id='word_1_78' title='bbox 1928 2070 2029 2140; x_wconf 90' lang='lat' dir='ltr'>Et</span> 
     </span>
     <span class='ocr_line' id='line_1_17' title="bbox 479 2183 2028 2276; baseline -0.006 -13"><span class='ocrx_word' id='word_1_79' title='bbox 479 2192 625 2263; x_wconf 87' lang='lat' dir='ltr'>illa</span> <span class='ocrx_word' id='word_1_80' title='bbox 665 2191 914 2265; x_wconf 91' lang='lat' dir='ltr'>etiam</span> <span class='ocrx_word' id='word_1_81' title='bbox 975 2190 1245 2262; x_wconf 89' lang='lat' dir='ltr'>forma</span> <span class='ocrx_word' id='word_1_82' title='bbox 1313 2208 1474 2259; x_wconf 92' lang='lat' dir='ltr'>non</span> <span class='ocrx_word' id='word_1_83' title='bbox 1542 2190 1665 2259; x_wconf 89' lang='lat' dir='ltr'>est</span> <span class='ocrx_word' id='word_1_84' title='bbox 1726 2183 2028 2276; x_wconf 91' lang='lat' dir='ltr'>simpli-</span> 
     </span>
     <span class='ocr_line' id='line_1_18' title="bbox 480 2301 2030 2400; baseline -0.008 -18"><span class='ocrx_word' id='word_1_85' title='bbox 480 2309 687 2383; x_wconf 90' lang='lat' dir='ltr'>citer</span> <span class='ocrx_word' id='word_1_86' title='bbox 737 2328 919 2391; x_wconf 91' lang='lat' dir='ltr'>una,</span> <span class='ocrx_word' id='word_1_87' title='bbox 975 2308 1162 2400; x_wconf 89' lang='lat' dir='ltr'>quia</span> <span class='ocrx_word' id='word_1_88' title='bbox 1211 2307 1296 2397; x_wconf 88' lang='lat' dir='ltr'>ly</span> <span class='ocrx_word' id='word_1_89' title='bbox 1377 2330 1484 2372; x_wconf 79' lang='lat' dir='ltr'>vos</span> <span class='ocrx_word' id='word_1_90' title='bbox 1556 2302 1888 2375; x_wconf 90' lang='lat' dir='ltr'>includit</span> <span class='ocrx_word' id='word_1_91' title='bbox 1950 2301 2030 2371; x_wconf 92' lang='lat' dir='ltr'>in</span> 
     </span>
     <span class='ocr_line' id='line_1_19' title="bbox 483 2420 2024 2517; baseline -0.006 -19"><span class='ocrx_word' id='word_1_92' title='bbox 483 2448 567 2498; x_wconf 92' lang='lat' dir='ltr'>se</span> <span class='ocrx_word' id='word_1_93' title='bbox 648 2424 1063 2517; x_wconf 83' lang='lat' dir='ltr'>singulare</span> <span class='ocrx_word' id='word_1_94' title='bbox 1132 2423 1440 2517; x_wconf 89' lang='lat' dir='ltr'>pluries</span> <span class='ocrx_word' id='word_1_95' title='bbox 1493 2420 2024 2512; x_wconf 86' lang='lat' dir='ltr'>geminatum.</span> 
     </span>
    </p>

    <p class='ocr_par' dir='ltr' id='par_1_6' title="bbox 477 2533 2032 5179">
     <span class='ocr_line' id='line_1_20' title="bbox 571 2533 2025 2614; baseline -0.007 -1"><span class='ocrx_word' id='word_1_96' title='bbox 571 2542 694 2613; x_wconf 89' lang='lat' dir='ltr'>An</span> <span class='ocrx_word' id='word_1_97' title='bbox 770 2545 1042 2614; x_wconf 87' lang='lat' dir='ltr'>autern</span> <span class='ocrx_word' id='word_1_98' title='bbox 1139 2558 1377 2611; x_wconf 88' lang='lat' dir='ltr'>casus</span> <span class='ocrx_word' id='word_1_99' title='bbox 1482 2533 2025 2614; x_wconf 54' lang='lat' dir='ltr'>ne„essitatis,</span> 
     </span>
     <span class='ocr_line' id='line_1_21' title="bbox 487 2650 2029 2751; baseline -0.006 -23"><span class='ocrx_word' id='word_1_100' title='bbox 487 2658 618 2751; x_wconf 91' lang='lat' dir='ltr'>qui</span> <span class='ocrx_word' id='word_1_101' title='bbox 662 2657 980 2750; x_wconf 90' lang='lat' dir='ltr'>positus</span> <span class='ocrx_word' id='word_1_102' title='bbox 1031 2658 1153 2728; x_wconf 91' lang='lat' dir='ltr'>est</span> <span class='ocrx_word' id='word_1_103' title='bbox 1194 2656 1285 2728; x_wconf 90' lang='lat' dir='ltr'>de</span> <span class='ocrx_word' id='word_1_104' title='bbox 1332 2653 1697 2737; x_wconf 89' lang='lat' dir='ltr'>pluribus</span> <span class='ocrx_word' id='word_1_105' title='bbox 1749 2650 2029 2723; x_wconf 88' lang='lat' dir='ltr'>statim</span> 
     </span>
     <span class='ocr_line' id='line_1_22' title="bbox 486 2767 2029 2856; baseline -0.006 -10"><span class='ocrx_word' id='word_1_106' title='bbox 486 2774 957 2856; x_wconf 81' lang='lat' dir='ltr'>morituriS,</span> <span class='ocrx_word' id='word_1_107' title='bbox 1043 2775 1473 2845; x_wconf 80' lang='lat' dir='ltr'>excusaret</span> <span class='ocrx_word' id='word_1_108' title='bbox 1558 2767 2029 2841; x_wconf 91' lang='lat' dir='ltr'>ministrum</span> 
     </span>
     <span class='ocr_line' id='line_1_23' title="bbox 479 2889 2028 2976; baseline -0.007 -12"><span class='ocrx_word' id='word_1_109' title='bbox 479 2895 841 2964; x_wconf 84' lang='lat' dir='ltr'>utentem</span> <span class='ocrx_word' id='word_1_110' title='bbox 890 2891 1031 2962; x_wconf 82' lang='lat' dir='ltr'>illa</span> <span class='ocrx_word' id='word_1_111' title='bbox 1098 2889 1390 2970; x_wconf 71' lang='lat' dir='ltr'>forma,</span> <span class='ocrx_word' id='word_1_112' title='bbox 1463 2891 1743 2976; x_wconf 73' lang='lat' dir='ltr'>Baplz‘zo</span> <span class='ocrx_word' id='word_1_113' title='bbox 1802 2908 1937 2976; x_wconf 76' lang='lat' dir='ltr'>vos,</span> <span class='ocrx_word' id='word_1_114' title='bbox 1982 2902 2028 2953; x_wconf 85' lang='lat' dir='ltr'>a</span> 
     </span>
     <span class='ocr_line' id='line_1_24' title="bbox 482 3000 2028 3100; baseline -0.007 -18"><span class='ocrx_word' id='word_1_115' title='bbox 482 3012 818 3100; x_wconf 87' lang='lat' dir='ltr'>peccato</span> <span class='ocrx_word' id='word_1_116' title='bbox 874 3006 1233 3090; x_wconf 86' lang='lat' dir='ltr'>mortali,</span> <span class='ocrx_word' id='word_1_117' title='bbox 1296 3005 1621 3078; x_wconf 88' lang='lat' dir='ltr'>dubium</span> <span class='ocrx_word' id='word_1_118' title='bbox 1674 3006 1822 3076; x_wconf 87' lang='lat' dir='ltr'>est.</span> <span class='ocrx_word' id='word_1_119' title='bbox 1892 3000 2028 3071; x_wconf 89' lang='lat' dir='ltr'>Vi-</span> 
     </span>
     <span class='ocr_line' id='line_1_25' title="bbox 477 3119 2028 3212; baseline -0.005 -14"><span class='ocrx_word' id='word_1_120' title='bbox 477 3126 1019 3199; x_wconf 88' lang='lat' dir='ltr'>deturtamen</span> <span class='ocrx_word' id='word_1_121' title='bbox 1078 3123 1229 3197; x_wconf 89' lang='lat' dir='ltr'>hoc</span> <span class='ocrx_word' id='word_1_122' title='bbox 1275 3120 1785 3205; x_wconf 81' lang='lat' dir='ltr'>rationabile,</span> <span class='ocrx_word' id='word_1_123' title='bbox 1842 3119 2028 3212; x_wconf 89' lang='lat' dir='ltr'>quia</span> 
     </span>
     <span class='ocr_line' id='line_1_26' title="bbox 480 3232 2028 3334; baseline -0.004 -20"><span class='ocrx_word' id='word_1_124' title='bbox 480 3264 578 3315; x_wconf 86' lang='lat' dir='ltr'>ex</span> <span class='ocrx_word' id='word_1_125' title='bbox 639 3263 794 3334; x_wconf 91' lang='lat' dir='ltr'>quo</span> <span class='ocrx_word' id='word_1_126' title='bbox 857 3240 936 3312; x_wconf 92' lang='lat' dir='ltr'>in</span> <span class='ocrx_word' id='word_1_127' title='bbox 980 3243 1387 3334; x_wconf 82' lang='lat' dir='ltr'>potestate</span> <span class='ocrx_word' id='word_1_128' title='bbox 1431 3237 1813 3310; x_wconf 74' lang='lat' dir='ltr'>Ecclesiae</span> <span class='ocrx_word' id='word_1_129' title='bbox 1874 3232 2028 3308; x_wconf 88' lang='lat' dir='ltr'>fuit</span> 
     </span>
     <span class='ocr_line' id='line_1_27' title="bbox 478 3351 2028 3431; baseline -0.005 0"><span class='ocrx_word' id='word_1_130' title='bbox 478 3357 1027 3431; x_wconf 88' lang='lat' dir='ltr'>determinare</span> <span class='ocrx_word' id='word_1_131' title='bbox 1133 3355 1378 3427; x_wconf 81' lang='lat' dir='ltr'>istam</span> <span class='ocrx_word' id='word_1_132' title='bbox 1474 3351 1828 3426; x_wconf 85' lang='lat' dir='ltr'>formam</span> <span class='ocrx_word' id='word_1_133' title='bbox 1934 3352 2028 3424; x_wconf 89' lang='lat' dir='ltr'>ad</span> 
     </span>
     <span class='ocr_line' id='line_1_28' title="bbox 482 3470 2027 3562; baseline -0.003 -16"><span class='ocrx_word' id='word_1_134' title='bbox 482 3475 623 3547; x_wconf 91' lang='lat' dir='ltr'>illa</span> <span class='ocrx_word' id='word_1_135' title='bbox 672 3474 946 3556; x_wconf 85' lang='lat' dir='ltr'>verba,</span> <span class='ocrx_word' id='word_1_136' title='bbox 993 3478 1276 3562; x_wconf 77' lang='lat' dir='ltr'>Baptizo</span> <span class='ocrx_word' id='word_1_137' title='bbox 1321 3486 1401 3553; x_wconf 82' lang='lat' dir='ltr'>ee,</span> <span class='ocrx_word' id='word_1_138' title='bbox 1442 3470 1683 3562; x_wconf 88' lang='lat' dir='ltr'>(sicut</span> <span class='ocrx_word' id='word_1_139' title='bbox 1723 3470 2027 3542; x_wconf 90' lang='lat' dir='ltr'>dictum</span> 
     </span>
     <span class='ocr_line' id='line_1_29' title="bbox 482 3584 2029 3684; baseline -0.006 -20"><span class='ocrx_word' id='word_1_140' title='bbox 482 3594 604 3663; x_wconf 93' lang='lat' dir='ltr'>est</span> <span class='ocrx_word' id='word_1_141' title='bbox 667 3610 915 3684; x_wconf 88' lang='lat' dir='ltr'>supra</span> <span class='ocrx_word' id='word_1_142' title='bbox 956 3592 1112 3659; x_wconf 79' lang='lat' dir='ltr'>dist.</span> <span class='ocrx_word' id='word_1_143' title='bbox 1175 3591 1241 3660; x_wconf 89' lang='lat'>3.</span> <span class='ocrx_word' id='word_1_144' title='bbox 1288 3600 1511 3678; x_wconf 79' lang='lat' dir='ltr'>quoest.</span> <span class='ocrx_word' id='word_1_145' title='bbox 1561 3588 1661 3675; x_wconf 74' lang='lat'>2.)</span> <span class='ocrx_word' id='word_1_146' title='bbox 1719 3606 1880 3658; x_wconf 93' lang='lat' dir='ltr'>non</span> <span class='ocrx_word' id='word_1_147' title='bbox 1920 3584 2029 3655; x_wconf 85' lang='lat' dir='ltr'>vi·</span> 
     </span>
     <span class='ocr_line' id='line_1_30' title="bbox 483 3702 2024 3800; baseline -0.006 -20"><span class='ocrx_word' id='word_1_148' title='bbox 483 3708 740 3789; x_wconf 86' lang='lat' dir='ltr'>detur,</span> <span class='ocrx_word' id='word_1_149' title='bbox 790 3708 994 3799; x_wconf 91' lang='lat' dir='ltr'>quod</span> <span class='ocrx_word' id='word_1_150' title='bbox 1034 3708 1212 3800; x_wconf 88' lang='lat' dir='ltr'>ipsa</span> <span class='ocrx_word' id='word_1_151' title='bbox 1265 3704 1620 3777; x_wconf 87' lang='lat' dir='ltr'>voluerit</span> <span class='ocrx_word' id='word_1_152' title='bbox 1679 3702 2024 3794; x_wconf 87' lang='lat' dir='ltr'>aliquem</span> 
     </span>
     <span class='ocr_line' id='line_1_31' title="bbox 485 3820 2029 3917; baseline -0.005 -22"><span class='ocrx_word' id='word_1_153' title='bbox 485 3824 601 3897; x_wconf 90' lang='lat' dir='ltr'>ita</span> <span class='ocrx_word' id='word_1_154' title='bbox 660 3823 1000 3917; x_wconf 80' lang='lat' dir='ltr'>praecise</span> <span class='ocrx_word' id='word_1_155' title='bbox 1070 3824 1164 3895; x_wconf 91' lang='lat' dir='ltr'>ad</span> <span class='ocrx_word' id='word_1_156' title='bbox 1224 3821 1451 3894; x_wconf 91' lang='lat' dir='ltr'>illam</span> <span class='ocrx_word' id='word_1_157' title='bbox 1509 3820 1861 3892; x_wconf 88' lang='lat' dir='ltr'>formam</span> <span class='ocrx_word' id='word_1_158' title='bbox 1903 3836 2029 3889; x_wconf 89' lang='lat' dir='ltr'>ar-</span> 
     </span>
     <span class='ocr_line' id='line_1_32' title="bbox 486 3936 2028 4033; baseline -0.004 -22"><span class='ocrx_word' id='word_1_159' title='bbox 486 3943 736 4022; x_wconf 88' lang='lat' dir='ltr'>ctare,</span> <span class='ocrx_word' id='word_1_160' title='bbox 808 3945 895 4014; x_wconf 93' lang='lat' dir='ltr'>ut</span> <span class='ocrx_word' id='word_1_161' title='bbox 959 3960 1105 4033; x_wconf 91' lang='lat' dir='ltr'>per</span> <span class='ocrx_word' id='word_1_162' title='bbox 1170 3939 1321 4011; x_wconf 91' lang='lat' dir='ltr'>hoc</span> <span class='ocrx_word' id='word_1_163' title='bbox 1382 3937 1627 4011; x_wconf 91' lang='lat' dir='ltr'>alicui</span> <span class='ocrx_word' id='word_1_164' title='bbox 1689 3936 2028 4029; x_wconf 78' lang='lat' dir='ltr'>praeclu-</span> 
     </span>
     <span class='ocr_line' id='line_1_33' title="bbox 482 4055 2028 4131; baseline -0.005 -2"><span class='ocrx_word' id='word_1_165' title='bbox 482 4057 817 4131; x_wconf 87' lang='lat' dir='ltr'>deretur</span> <span class='ocrx_word' id='word_1_166' title='bbox 883 4058 1017 4128; x_wconf 87' lang='lat' dir='ltr'>via</span> <span class='ocrx_word' id='word_1_167' title='bbox 1086 4055 1402 4128; x_wconf 87' lang='lat' dir='ltr'>salutis.</span> <span class='ocrx_word' id='word_1_168' title='bbox 1467 4056 1697 4126; x_wconf 94' lang='lat' dir='ltr'>Nunc</span> <span class='ocrx_word' id='word_1_169' title='bbox 1757 4058 2028 4126; x_wconf 92' lang='lat' dir='ltr'>autem</span> 
     </span>
     <span class='ocr_line' id='line_1_34' title="bbox 491 4170 2027 4265; baseline -0.004 -20"><span class='ocrx_word' id='word_1_170' title='bbox 491 4172 568 4245; x_wconf 93' lang='lat' dir='ltr'>in</span> <span class='ocrx_word' id='word_1_171' title='bbox 629 4192 821 4245; x_wconf 87' lang='lat' dir='ltr'>casu</span> <span class='ocrx_word' id='word_1_172' title='bbox 901 4172 1317 4265; x_wconf 81' lang='lat' dir='ltr'>praedictO,</span> <span class='ocrx_word' id='word_1_173' title='bbox 1390 4170 1634 4242; x_wconf 87' lang='lat' dir='ltr'>alicui</span> <span class='ocrx_word' id='word_1_174' title='bbox 1697 4170 2027 4243; x_wconf 79' lang='lat' dir='ltr'>illorum</span> 
     </span>
     <span class='ocr_line' id='line_1_35' title="bbox 485 4286 2030 4381; baseline -0.002 -22"><span class='ocrx_word' id='word_1_175' title='bbox 485 4288 1013 4381; x_wconf 69' lang='lat' dir='ltr'>praecluditur</span> <span class='ocrx_word' id='word_1_176' title='bbox 1079 4286 1326 4368; x_wconf 87' lang='lat' dir='ltr'>salus,</span> <span class='ocrx_word' id='word_1_177' title='bbox 1392 4286 1458 4357; x_wconf 93' lang='lat' dir='ltr'>si</span> <span class='ocrx_word' id='word_1_178' title='bbox 1535 4305 1694 4357; x_wconf 96' lang='lat' dir='ltr'>non</span> <span class='ocrx_word' id='word_1_179' title='bbox 1755 4288 2030 4377; x_wconf 92' lang='lat' dir='ltr'>posset</span> 
     </span>
     <span class='ocr_line' id='line_1_36' title="bbox 486 4402 2029 4498; baseline -0.003 -20"><span class='ocrx_word' id='word_1_180' title='bbox 486 4405 782 4498; x_wconf 92' lang='lat' dir='ltr'>aliquis</span> <span class='ocrx_word' id='word_1_181' title='bbox 852 4405 1024 4477; x_wconf 92' lang='lat' dir='ltr'>sine</span> <span class='ocrx_word' id='word_1_182' title='bbox 1106 4407 1439 4498; x_wconf 86' lang='lat' dir='ltr'>peccato</span> <span class='ocrx_word' id='word_1_183' title='bbox 1511 4402 1846 4474; x_wconf 90' lang='lat' dir='ltr'>mortali</span> <span class='ocrx_word' id='word_1_184' title='bbox 1912 4402 2029 4474; x_wconf 90' lang='lat' dir='ltr'>uti</span> 
     </span>
     <span class='ocr_line' id='line_1_37' title="bbox 484 4519 2030 4610; baseline -0.003 -16"><span class='ocrx_word' id='word_1_185' title='bbox 484 4524 645 4596; x_wconf 88' lang='lat' dir='ltr'>ista</span> <span class='ocrx_word' id='word_1_186' title='bbox 688 4521 955 4595; x_wconf 87' lang='lat' dir='ltr'>forma</span> <span class='ocrx_word' id='word_1_187' title='bbox 999 4546 1013 4588; x_wconf 77' lang='grc' dir='ltr'><strong><em>ε</em></strong></span> <span class='ocrx_word' id='word_1_188' title='bbox 1061 4525 1341 4610; x_wconf 77' lang='lat' dir='ltr'>Baptizo</span> <span class='ocrx_word' id='word_1_189' title='bbox 1392 4544 1522 4588; x_wconf 85' lang='lat' dir='ltr'>vos.</span> <span class='ocrx_word' id='word_1_190' title='bbox 1587 4520 1796 4590; x_wconf 88' lang='lat' dir='ltr'>Nam</span> <span class='ocrx_word' id='word_1_191' title='bbox 1840 4519 1907 4590; x_wconf 90' lang='lat' dir='ltr'>si</span> <span class='ocrx_word' id='word_1_192' title='bbox 1952 4519 2030 4589; x_wconf 94' lang='lat' dir='ltr'>in</span> 
     </span>
     <span class='ocr_line' id='line_1_38' title="bbox 486 4641 2029 4733; baseline -0.003 -21"><span class='ocrx_word' id='word_1_193' title='bbox 486 4660 990 4733; x_wconf 91' lang='lat' dir='ltr'>quocumque</span> <span class='ocrx_word' id='word_1_194' title='bbox 1057 4658 1250 4711; x_wconf 88' lang='lat' dir='ltr'>casu</span> <span class='ocrx_word' id='word_1_195' title='bbox 1323 4642 1538 4710; x_wconf 88' lang='lat' dir='ltr'>esset</span> <span class='ocrx_word' id='word_1_196' title='bbox 1606 4641 2029 4730; x_wconf 90' lang='lat' dir='ltr'>peccatum</span> 
     </span>
     <span class='ocr_line' id='line_1_39' title="bbox 487 4752 2029 4837; baseline -0.003 -7"><span class='ocrx_word' id='word_1_197' title='bbox 487 4756 861 4837; x_wconf 85' lang='lat' dir='ltr'>mortale,</span> <span class='ocrx_word' id='word_1_198' title='bbox 935 4754 1208 4826; x_wconf 91' lang='lat' dir='ltr'>nullus</span> <span class='ocrx_word' id='word_1_199' title='bbox 1291 4753 1615 4826; x_wconf 90' lang='lat' dir='ltr'>deberet</span> <span class='ocrx_word' id='word_1_200' title='bbox 1688 4773 1829 4825; x_wconf 91' lang='lat' dir='ltr'>eos</span> <span class='ocrx_word' id='word_1_201' title='bbox 1915 4752 2029 4825; x_wconf 90' lang='lat' dir='ltr'>sic</span> 
     </span>
     <span class='ocr_line' id='line_1_40' title="bbox 485 4868 2032 4967; baseline -0.005 -21"><span class='ocrx_word' id='word_1_202' title='bbox 485 4873 938 4967; x_wconf 85' lang='lat' dir='ltr'>baptizare;</span> <span class='ocrx_word' id='word_1_203' title='bbox 1014 4870 1284 4942; x_wconf 91' lang='lat' dir='ltr'>nullus</span> <span class='ocrx_word' id='word_1_204' title='bbox 1335 4868 1549 4941; x_wconf 93' lang='lat' dir='ltr'>enim</span> <span class='ocrx_word' id='word_1_205' title='bbox 1617 4868 1844 4940; x_wconf 92' lang='lat' dir='ltr'>debet</span> <span class='ocrx_word' id='word_1_206' title='bbox 1913 4887 2032 4940; x_wconf 90' lang='lat' dir='ltr'>sa-</span> 
     </span>
     <span class='ocr_line' id='line_1_41' title="bbox 485 4986 2032 5078; baseline -0.006 -15"><span class='ocrx_word' id='word_1_207' title='bbox 485 4992 737 5063; x_wconf 79' lang='lat' dir='ltr'>lutem</span> <span class='ocrx_word' id='word_1_208' title='bbox 789 4986 1134 5060; x_wconf 86' lang='lat' dir='ltr'>alterius</span> <span class='ocrx_word' id='word_1_209' title='bbox 1182 5004 1657 5078; x_wconf 87' lang='lat' dir='ltr'>procurare,</span> <span class='ocrx_word' id='word_1_210' title='bbox 1704 5005 2032 5076; x_wconf 92' lang='lat' dir='ltr'>peccan-</span> 
     </span>
     <span class='ocr_line' id='line_1_42' title="bbox 487 5102 1372 5179; baseline -0.009 0"><span class='ocrx_word' id='word_1_211' title='bbox 487 5108 582 5179; x_wconf 92' lang='lat' dir='ltr'>do</span> <span class='ocrx_word' id='word_1_212' title='bbox 617 5105 698 5177; x_wconf 90' lang='lat' dir='ltr'>in</span> <span class='ocrx_word' id='word_1_213' title='bbox 748 5124 831 5176; x_wconf 95' lang='lat' dir='ltr'>se</span> <span class='ocrx_word' id='word_1_214' title='bbox 876 5102 1372 5176; x_wconf 89' lang='lat' dir='ltr'>mortaliter.</span> 
     </span>
    </p>

    <p class='ocr_par' dir='ltr' id='par_1_7' title="bbox 490 5216 2033 5665">
     <span class='ocr_line' id='line_1_43' title="bbox 574 5216 2031 5316; baseline -0.005 -20"><span class='ocrx_word' id='word_1_215' title='bbox 574 5225 691 5297; x_wconf 91' lang='lat' dir='ltr'>De</span> <span class='ocrx_word' id='word_1_216' title='bbox 732 5225 1028 5316; x_wconf 89' lang='lat' dir='ltr'>quarto</span> <span class='ocrx_word' id='word_1_217' title='bbox 1074 5220 1435 5293; x_wconf 90' lang='lat' dir='ltr'>membro</span> <span class='ocrx_word' id='word_1_218' title='bbox 1488 5218 1588 5310; x_wconf 89' lang='lat' dir='ltr'>(b)</span> <span class='ocrx_word' id='word_1_219' title='bbox 1639 5216 2031 5290; x_wconf 88' lang='lat' dir='ltr'>distincti-</span> 
     </span>
     <span class='ocr_line' id='line_1_44' title="bbox 491 5336 2030 5433; baseline -0.004 -19"><span class='ocrx_word' id='word_1_220' title='bbox 491 5342 694 5425; x_wconf 90' lang='lat' dir='ltr'>onis,</span> <span class='ocrx_word' id='word_1_221' title='bbox 754 5343 930 5415; x_wconf 91' lang='lat' dir='ltr'>dico</span> <span class='ocrx_word' id='word_1_222' title='bbox 986 5338 1190 5433; x_wconf 91' lang='lat' dir='ltr'>quod</span> <span class='ocrx_word' id='word_1_223' title='bbox 1243 5338 1312 5411; x_wconf 89' lang='lat' dir='ltr'>si</span> <span class='ocrx_word' id='word_1_224' title='bbox 1370 5341 1690 5430; x_wconf 91' lang='lat' dir='ltr'>tempus</span> <span class='ocrx_word' id='word_1_225' title='bbox 1749 5336 2030 5408; x_wconf 89' lang='lat' dir='ltr'>haberi</span> 
     </span>
     <span class='ocr_line' id='line_1_45' title="bbox 490 5454 2031 5549; baseline -0.005 -21"><span class='ocrx_word' id='word_1_226' title='bbox 490 5459 760 5549; x_wconf 91' lang='lat' dir='ltr'>potest</span> <span class='ocrx_word' id='word_1_227' title='bbox 799 5458 891 5529; x_wconf 90' lang='lat' dir='ltr'>ad</span> <span class='ocrx_word' id='word_1_228' title='bbox 959 5454 1597 5533; x_wconf 89' lang='lat' dir='ltr'>discernendum,</span> <span class='ocrx_word' id='word_1_229' title='bbox 1645 5472 1746 5523; x_wconf 88' lang='lat' dir='ltr'>an</span> <span class='ocrx_word' id='word_1_230' title='bbox 1815 5472 2031 5523; x_wconf 91' lang='lat' dir='ltr'>mon-</span> 
     </span>
     <span class='ocr_line' id='line_1_46' title="bbox 492 5571 2033 5665; baseline -0.005 -18"><span class='ocrx_word' id='word_1_231' title='bbox 492 5577 758 5647; x_wconf 90' lang='lat' dir='ltr'>strum</span> <span class='ocrx_word' id='word_1_232' title='bbox 814 5574 918 5645; x_wconf 93' lang='lat' dir='ltr'>sit</span> <span class='ocrx_word' id='word_1_233' title='bbox 971 5571 1459 5665; x_wconf 90' lang='lat' dir='ltr'>simpliciter</span> <span class='ocrx_word' id='word_1_234' title='bbox 1490 5589 1648 5640; x_wconf 88' lang='lat' dir='ltr'>una</span> <span class='ocrx_word' id='word_1_235' title='bbox 1684 5587 2033 5660; x_wconf 90' lang='lat' dir='ltr'>persona</span> 
     </span>
    </p>
   </div>
   <div class='ocr_carea' id='block_1_6' title="bbox 2137 546 4015 1574">
    <p class='ocr_par' dir='ltr' id='par_1_8' title="bbox 2137 546 4015 1574">
     <span class='ocr_line' id='line_1_47' title="bbox 2138 546 3684 636; baseline -0.005 -10"><span class='ocrx_word' id='word_1_236' title='bbox 2138 556 2266 628; x_wconf 85' lang='lat' dir='ltr'>vel</span> <span class='ocrx_word' id='word_1_237' title='bbox 2324 555 2522 636; x_wconf 84' lang='lat' dir='ltr'>duae,</span> <span class='ocrx_word' id='word_1_238' title='bbox 2592 554 2684 627; x_wconf 91' lang='lat' dir='ltr'>de</span> <span class='ocrx_word' id='word_1_239' title='bbox 2746 552 2898 625; x_wconf 92' lang='lat' dir='ltr'>hoc</span> <span class='ocrx_word' id='word_1_240' title='bbox 2960 549 3187 624; x_wconf 91' lang='lat' dir='ltr'>debet</span> <span class='ocrx_word' id='word_1_241' title='bbox 3244 547 3525 620; x_wconf 88' lang='lat' dir='ltr'>haberi</span> <span class='ocrx_word' id='word_1_242' title='bbox 3576 546 3684 619; x_wconf 90' lang='lat' dir='ltr'>di-</span> 
     </span>
     <span class='ocr_line' id='line_1_48' title="bbox 2138 662 3689 764; baseline -0.006 -20"><span class='ocrx_word' id='word_1_243' title='bbox 2138 672 2400 763; x_wconf 83' lang='lat' dir='ltr'>ligens</span> <span class='ocrx_word' id='word_1_244' title='bbox 2462 669 2882 764; x_wconf 89' lang='lat' dir='ltr'>inquisitio</span> <span class='ocrx_word' id='word_1_245' title='bbox 2953 670 3386 758; x_wconf 84' lang='lat' dir='ltr'>antequam</span> <span class='ocrx_word' id='word_1_246' title='bbox 3435 662 3689 755; x_wconf 90' lang='lat' dir='ltr'>bapti-</span> 
     </span>
     <span class='ocr_line' id='line_1_49' title="bbox 2137 781 3683 874; baseline -0.007 -12"><span class='ocrx_word' id='word_1_247' title='bbox 2137 794 2393 862; x_wconf 87' lang='lat' dir='ltr'>zetur.</span> <span class='ocrx_word' id='word_1_248' title='bbox 2503 790 2785 863; x_wconf 91' lang='lat' dir='ltr'>Potest</span> <span class='ocrx_word' id='word_1_249' title='bbox 2865 789 3138 858; x_wconf 88' lang='lat' dir='ltr'>autem</span> <span class='ocrx_word' id='word_1_250' title='bbox 3227 781 3683 874; x_wconf 90' lang='lat' dir='ltr'>iniquisitio</span> 
     </span>
     <span class='ocr_line' id='line_1_50' title="bbox 2140 896 3682 996; baseline -0.005 -20"><span class='ocrx_word' id='word_1_251' title='bbox 2140 904 2445 986; x_wconf 87' lang='lat' dir='ltr'>haberi,</span> <span class='ocrx_word' id='word_1_252' title='bbox 2500 905 2628 975; x_wconf 86' lang='lat' dir='ltr'>vel</span> <span class='ocrx_word' id='word_1_253' title='bbox 2695 925 2792 976; x_wconf 78' lang='lat' dir='ltr'>ex</span> <span class='ocrx_word' id='word_1_254' title='bbox 2854 901 3223 996; x_wconf 87' lang='lat' dir='ltr'>partibus</span> <span class='ocrx_word' id='word_1_255' title='bbox 3275 896 3682 991; x_wconf 86' lang='lat' dir='ltr'>corporis,</span> 
     </span>
     <span class='ocr_line' id='line_1_51' title="bbox 2146 1014 3684 1114; baseline -0.004 -23"><span class='ocrx_word' id='word_1_256' title='bbox 2146 1024 2362 1114; x_wconf 86' lang='lat' dir='ltr'>puta,</span> <span class='ocrx_word' id='word_1_257' title='bbox 2430 1020 2493 1092; x_wconf 88' lang='lat' dir='ltr'>si</span> <span class='ocrx_word' id='word_1_258' title='bbox 2560 1021 2722 1092; x_wconf 90' lang='lat' dir='ltr'>sint</span> <span class='ocrx_word' id='word_1_259' title='bbox 2779 1020 2932 1092; x_wconf 91' lang='lat' dir='ltr'>duo</span> <span class='ocrx_word' id='word_1_260' title='bbox 2985 1016 3282 1110; x_wconf 88' lang='lat' dir='ltr'>capita,</span> <span class='ocrx_word' id='word_1_261' title='bbox 3326 1014 3453 1086; x_wconf 84' lang='lat' dir='ltr'>vel</span> <span class='ocrx_word' id='word_1_262' title='bbox 3513 1014 3684 1086; x_wconf 85' lang='lat' dir='ltr'>duae</span> 
     </span>
     <span class='ocr_line' id='line_1_52' title="bbox 2139 1130 3687 1231; baseline -0.006 -21"><span class='ocrx_word' id='word_1_263' title='bbox 2139 1138 2391 1231; x_wconf 84' lang='lat' dir='ltr'>spinae</span> <span class='ocrx_word' id='word_1_264' title='bbox 2456 1138 2706 1219; x_wconf 89' lang='lat' dir='ltr'>dorsi,</span> <span class='ocrx_word' id='word_1_265' title='bbox 2764 1136 2894 1209; x_wconf 87' lang='lat' dir='ltr'>vel</span> <span class='ocrx_word' id='word_1_266' title='bbox 2973 1132 3423 1229; x_wconf 88' lang='lat' dir='ltr'>principale</span> <span class='ocrx_word' id='word_1_267' title='bbox 3487 1130 3687 1202; x_wconf 91' lang='lat' dir='ltr'>indi-</span> 
     </span>
     <span class='ocr_line' id='line_1_53' title="bbox 2137 1247 3682 1333; baseline -0.005 -8"><span class='ocrx_word' id='word_1_268' title='bbox 2137 1254 2355 1326; x_wconf 91' lang='lat' dir='ltr'>cium</span> <span class='ocrx_word' id='word_1_269' title='bbox 2424 1254 2514 1323; x_wconf 89' lang='lat' dir='ltr'>de</span> <span class='ocrx_word' id='word_1_270' title='bbox 2579 1253 2998 1333; x_wconf 89' lang='lat' dir='ltr'>cordibus;</span> <span class='ocrx_word' id='word_1_271' title='bbox 3063 1249 3195 1322; x_wconf 93' lang='lat' dir='ltr'>sed</span> <span class='ocrx_word' id='word_1_272' title='bbox 3261 1247 3456 1320; x_wconf 91' lang='lat' dir='ltr'>illud</span> <span class='ocrx_word' id='word_1_273' title='bbox 3521 1266 3682 1318; x_wconf 93' lang='lat' dir='ltr'>non</span> 
     </span>
     <span class='ocr_line' id='line_1_54' title="bbox 2140 1363 3677 1459; baseline -0.003 -21"><span class='ocrx_word' id='word_1_274' title='bbox 2140 1372 2409 1459; x_wconf 88' lang='lat' dir='ltr'>potest</span> <span class='ocrx_word' id='word_1_275' title='bbox 2451 1388 2628 1439; x_wconf 91' lang='lat' dir='ltr'>esse</span> <span class='ocrx_word' id='word_1_276' title='bbox 2670 1366 3029 1439; x_wconf 83' lang='lat' dir='ltr'>faciliter</span> <span class='ocrx_word' id='word_1_277' title='bbox 3087 1365 3432 1447; x_wconf 85' lang='lat' dir='ltr'>evidens,</span> <span class='ocrx_word' id='word_1_278' title='bbox 3494 1363 3677 1435; x_wconf 92' lang='lat' dir='ltr'>dum</span> 
     </span>
     <span class='ocr_line' id='line_1_55' title="bbox 2138 1480 4015 1574; baseline -0.004 -20"><span class='ocrx_word' id='word_1_279' title='bbox 2138 1484 2366 1557; x_wconf 86' lang='lat' dir='ltr'>vivit.</span> <span class='ocrx_word' id='word_1_280' title='bbox 2415 1486 2557 1557; x_wconf 82' lang='lat' dir='ltr'>Sed</span> <span class='ocrx_word' id='word_1_281' title='bbox 2626 1504 2769 1556; x_wconf 93' lang='lat' dir='ltr'>nec</span> <span class='ocrx_word' id='word_1_282' title='bbox 2841 1485 3164 1574; x_wconf 84' lang='lat' dir='ltr'>signum</span> <span class='ocrx_word' id='word_1_283' title='bbox 3232 1481 3322 1553; x_wconf 93' lang='lat' dir='ltr'>de</span> <span class='ocrx_word' id='word_1_284' title='bbox 3375 1480 3678 1553; x_wconf 91' lang='lat' dir='ltr'>duobus</span> <span class='ocrx_word' id='word_1_285' title='bbox 3711 1484 4015 1548; x_wconf 67' lang='grc' dir='ltr'>Βυοοψίῑι</span> 
     </span>
    </p>
   </div>
   <div class='ocr_carea' id='block_1_7' title="bbox 2140 1561 4017 1694">
    <p class='ocr_par' dir='ltr' id='par_1_9' title="bbox 2140 1561 4017 1694">
     <span class='ocr_line' id='line_1_56' title="bbox 2140 1561 4017 1694; baseline -0.01 -21"><span class='ocrx_word' id='word_1_286' title='bbox 2140 1601 2540 1694; x_wconf 85' lang='lat' dir='ltr'>capitibus</span> <span class='ocrx_word' id='word_1_287' title='bbox 2616 1604 2827 1672; x_wconf 89' lang='lat' dir='ltr'>esset</span> <span class='ocrx_word' id='word_1_288' title='bbox 2909 1599 3236 1671; x_wconf 91' lang='lat' dir='ltr'>omnino</span> <span class='ocrx_word' id='word_1_289' title='bbox 3331 1600 3674 1676; x_wconf 91' lang='lat' dir='ltr'>certum,</span> <span class='ocrx_word' id='word_1_290' title='bbox 3727 1561 4017 1677; x_wconf 61' lang='grc' dir='ltr'>εῑςέῑὲἓιᾳι</span> 
     </span>
    </p>
   </div>
   <div class='ocr_carea' id='block_1_8' title="bbox 2138 1683 4012 2739">
    <p class='ocr_par' dir='ltr' id='par_1_10' title="bbox 2138 1683 4012 2391">
     <span class='ocr_line' id='line_1_57' title="bbox 2141 1683 4012 1813; baseline -0.004 -25"><span class='ocrx_word' id='word_1_291' title='bbox 2141 1720 2329 1811; x_wconf 89' lang='lat' dir='ltr'>quia</span> <span class='ocrx_word' id='word_1_292' title='bbox 2379 1719 2765 1813; x_wconf 90' lang='lat' dir='ltr'>possibile</span> <span class='ocrx_word' id='word_1_293' title='bbox 2824 1722 3038 1791; x_wconf 92' lang='lat' dir='ltr'>esset</span> <span class='ocrx_word' id='word_1_294' title='bbox 3108 1716 3462 1808; x_wconf 85' lang='lat' dir='ltr'>aliquam</span> <span class='ocrx_word' id='word_1_295' title='bbox 3533 1713 3680 1787; x_wconf 90' lang='lat' dir='ltr'>cel·</span> <span class='ocrx_word' id='word_1_296' title='bbox 3726 1683 4012 1804; x_wconf 55' lang='grc' dir='ltr'>ωὲῗιῖἷῃο</span> 
     </span>
     <span class='ocr_line' id='line_1_58' title="bbox 2138 1810 3980 1926; baseline -0.004 -19"><span class='ocrx_word' id='word_1_297' title='bbox 2138 1836 2394 1908; x_wconf 84' lang='lat' dir='ltr'>lulam</span> <span class='ocrx_word' id='word_1_298' title='bbox 2442 1837 2521 1908; x_wconf 93' lang='lat' dir='ltr'>in</span> <span class='ocrx_word' id='word_1_299' title='bbox 2573 1835 2914 1908; x_wconf 91' lang='lat' dir='ltr'>matrice</span> <span class='ocrx_word' id='word_1_300' title='bbox 2955 1854 3132 1905; x_wconf 89' lang='lat' dir='ltr'>esse</span> <span class='ocrx_word' id='word_1_301' title='bbox 3176 1831 3683 1926; x_wconf 88' lang='lat' dir='ltr'>perforatam</span> <span class='ocrx_word' id='word_1_302' title='bbox 3765 1810 3980 1846; x_wconf 67' lang='lat'>⁸⁰¹³¹²⁸⁸</span> 
     </span>
     <span class='ocr_line' id='line_1_59' title="bbox 2146 1946 3686 2044; baseline -0.004 -21"><span class='ocrx_word' id='word_1_303' title='bbox 2146 1973 2288 2044; x_wconf 88' lang='lat' dir='ltr'>per</span> <span class='ocrx_word' id='word_1_304' title='bbox 2347 1955 2638 2035; x_wconf 91' lang='lat' dir='ltr'>totum,</span> <span class='ocrx_word' id='word_1_305' title='bbox 2703 1952 3255 2042; x_wconf 77' lang='lat' dir='ltr'>praeterquam</span> <span class='ocrx_word' id='word_1_306' title='bbox 3318 1946 3399 2017; x_wconf 92' lang='lat' dir='ltr'>in</span> <span class='ocrx_word' id='word_1_307' title='bbox 3451 1950 3686 2039; x_wconf 90' lang='lat' dir='ltr'>parte</span> 
     </span>
     <span class='ocr_line' id='line_1_60' title="bbox 2142 2066 3689 2159; baseline -0.003 -20"><span class='ocrx_word' id='word_1_308' title='bbox 2142 2066 2579 2159; x_wconf 90' lang='lat' dir='ltr'>superiori,</span> <span class='ocrx_word' id='word_1_309' title='bbox 2651 2071 2730 2139; x_wconf 94' lang='lat' dir='ltr'>et</span> <span class='ocrx_word' id='word_1_310' title='bbox 2826 2070 3014 2140; x_wconf 93' lang='lat' dir='ltr'>tunc</span> <span class='ocrx_word' id='word_1_311' title='bbox 3102 2073 3689 2137; x_wconf 85' lang='lat' dir='ltr'>concurrerent</span> 
     </span>
     <span class='ocr_line' id='line_1_61' title="bbox 2146 2182 3695 2279; baseline -0.003 -22"><span class='ocrx_word' id='word_1_312' title='bbox 2146 2192 2419 2279; x_wconf 88' lang='lat' dir='ltr'>partes</span> <span class='ocrx_word' id='word_1_313' title='bbox 2491 2188 2821 2258; x_wconf 91' lang='lat' dir='ltr'>seminis</span> <span class='ocrx_word' id='word_1_314' title='bbox 2967 2185 3337 2258; x_wconf 86' lang='lat' dir='ltr'>cadentes</span> <span class='ocrx_word' id='word_1_315' title='bbox 3437 2182 3515 2253; x_wconf 93' lang='lat' dir='ltr'>in</span> <span class='ocrx_word' id='word_1_316' title='bbox 3588 2182 3695 2254; x_wconf 90' lang='lat' dir='ltr'>di-</span> 
     </span>
     <span class='ocr_line' id='line_1_62' title="bbox 2142 2298 3760 2391; baseline 0 -21"><span class='ocrx_word' id='word_1_317' title='bbox 2142 2303 2407 2376; x_wconf 88' lang='lat' dir='ltr'>versis</span> <span class='ocrx_word' id='word_1_318' title='bbox 2458 2301 3037 2376; x_wconf 86' lang='lat' dir='ltr'>incastraturis</span> <span class='ocrx_word' id='word_1_319' title='bbox 3087 2298 3484 2380; x_wconf 90' lang='lat' dir='ltr'>matricis,</span> <span class='ocrx_word' id='word_1_320' title='bbox 3541 2318 3691 2391; x_wconf 93' lang='lat' dir='ltr'>pro</span> <span class='ocrx_word' id='word_1_321' title='bbox 3747 2371 3760 2378; x_wconf 80' lang='grc'>,</span> 
     </span>
    </p>

    <p class='ocr_par' dir='ltr' id='par_1_11' title="bbox 2146 2415 3686 2633">
     <span class='ocr_line' id='line_1_63' title="bbox 2147 2415 3686 2515; baseline -0.005 -21"><span class='ocrx_word' id='word_1_322' title='bbox 2147 2425 2320 2494; x_wconf 89' lang='lat' dir='ltr'>tota</span> <span class='ocrx_word' id='word_1_323' title='bbox 2405 2426 2637 2515; x_wconf 90' lang='lat' dir='ltr'>parte</span> <span class='ocrx_word' id='word_1_324' title='bbox 2722 2416 3124 2502; x_wconf 88' lang='lat' dir='ltr'>inferiori,</span> <span class='ocrx_word' id='word_1_325' title='bbox 3181 2420 3258 2490; x_wconf 93' lang='lat' dir='ltr'>et</span> <span class='ocrx_word' id='word_1_326' title='bbox 3326 2419 3517 2488; x_wconf 92' lang='lat' dir='ltr'>tunc</span> <span class='ocrx_word' id='word_1_327' title='bbox 3579 2415 3686 2488; x_wconf 94' lang='lat' dir='ltr'>di-</span> 
     </span>
     <span class='ocr_line' id='line_1_64' title="bbox 2146 2534 3683 2633; baseline -0.004 -26"><span class='ocrx_word' id='word_1_328' title='bbox 2146 2536 2764 2633; x_wconf 77' lang='lat' dir='ltr'>stinguerentur</span> <span class='ocrx_word' id='word_1_329' title='bbox 2822 2534 2902 2606; x_wconf 93' lang='lat' dir='ltr'>in</span> <span class='ocrx_word' id='word_1_330' title='bbox 2968 2537 3201 2626; x_wconf 84' lang='lat' dir='ltr'>parte</span> <span class='ocrx_word' id='word_1_331' title='bbox 3277 2548 3683 2624; x_wconf 90' lang='lat' dir='ltr'>suprema,</span> 
     </span>
    </p>

    <p class='ocr_par' dir='ltr' id='par_1_12' title="bbox 2142 2646 3682 2739">
     <span class='ocr_line' id='line_1_65' title="bbox 2142 2646 3682 2739; baseline -0.004 -16"><span class='ocrx_word' id='word_1_332' title='bbox 2142 2658 2223 2725; x_wconf 89' lang='lat' dir='ltr'>et</span> <span class='ocrx_word' id='word_1_333' title='bbox 2310 2651 2416 2723; x_wconf 91' lang='lat' dir='ltr'>ibi</span> <span class='ocrx_word' id='word_1_334' title='bbox 2497 2648 3061 2723; x_wconf 82' lang='lat' dir='ltr'>formarentur</span> <span class='ocrx_word' id='word_1_335' title='bbox 3154 2648 3306 2719; x_wconf 91' lang='lat' dir='ltr'>duo</span> <span class='ocrx_word' id='word_1_336' title='bbox 3385 2646 3682 2739; x_wconf 90' lang='lat' dir='ltr'>capita,</span> 
     </span>
    </p>
   </div>
   <div class='ocr_carea' id='block_1_9' title="bbox 2145 2763 3688 2859">
    <p class='ocr_par' dir='ltr' id='par_1_13' title="bbox 2145 2763 3688 2859">
     <span class='ocr_line' id='line_1_66' title="bbox 2145 2763 3688 2859; baseline -0.005 -18"><span class='ocrx_word' id='word_1_337' title='bbox 2145 2789 2327 2841; x_wconf 91' lang='lat' dir='ltr'>cum</span> <span class='ocrx_word' id='word_1_338' title='bbox 2389 2773 2664 2841; x_wconf 89' lang='lat' dir='ltr'>tamen</span> <span class='ocrx_word' id='word_1_339' title='bbox 2737 2767 3052 2859; x_wconf 89' lang='lat' dir='ltr'>reliqua</span> <span class='ocrx_word' id='word_1_340' title='bbox 3121 2763 3468 2838; x_wconf 87' lang='lat' dir='ltr'>materia</span> <span class='ocrx_word' id='word_1_341' title='bbox 3527 2783 3688 2835; x_wconf 92' lang='lat' dir='ltr'>non</span> 
     </span>
    </p>
   </div>
   <div class='ocr_carea' id='block_1_10' title="bbox 2141 2880 4032 3207">
    <p class='ocr_par' dir='ltr' id='par_1_14' title="bbox 2141 2880 4032 3207">
     <span class='ocr_line' id='line_1_67' title="bbox 2146 2880 3688 2975; baseline -0.003 -19"><span class='ocrx_word' id='word_1_342' title='bbox 2146 2884 2581 2965; x_wconf 86' lang='lat' dir='ltr'>sufficeret,</span> <span class='ocrx_word' id='word_1_343' title='bbox 2683 2883 2841 2955; x_wconf 92' lang='lat' dir='ltr'>nisi</span> <span class='ocrx_word' id='word_1_344' title='bbox 2947 2902 3096 2975; x_wconf 92' lang='lat' dir='ltr'>pro</span> <span class='ocrx_word' id='word_1_345' title='bbox 3194 2880 3688 2953; x_wconf 88' lang='lat' dir='ltr'>formatione</span> 
     </span>
     <span class='ocr_line' id='line_1_68' title="bbox 2141 3001 2836 3094; baseline -0.001 -22"><span class='ocrx_word' id='word_1_346' title='bbox 2141 3001 2379 3074; x_wconf 90' lang='lat' dir='ltr'>unius</span> <span class='ocrx_word' id='word_1_347' title='bbox 2443 3020 2836 3094; x_wconf 73' lang='lat' dir='ltr'>personae.</span> 
     </span>
     <span class='ocr_line' id='line_1_69' title="bbox 2232 3113 4032 3207; baseline -0.005 -17"><span class='ocrx_word' id='word_1_348' title='bbox 2232 3119 2649 3207; x_wconf 87' lang='lat' dir='ltr'>Breviter,</span> <span class='ocrx_word' id='word_1_349' title='bbox 2770 3114 3465 3190; x_wconf 85' lang='lat' dir='ltr'>evidentissimum</span> <span class='ocrx_word' id='word_1_350' title='bbox 3581 3113 3685 3185; x_wconf 91' lang='lat' dir='ltr'>si·</span> <span class='ocrx_word' id='word_1_351' title='bbox 3714 3135 3910 3201; x_wconf 75' lang='lat' dir='ltr'>Regula</span> <span class='ocrx_word' id='word_1_352' title='bbox 3947 3138 4032 3188; x_wconf 78' lang='lat' dir='ltr'>di-</span> 
     </span>
    </p>
   </div>
   <div class='ocr_carea' id='block_1_11' title="bbox 2140 3202 4006 3326">
    <p class='ocr_par' dir='ltr' id='par_1_15' title="bbox 2140 3202 4006 3326">
     <span class='ocr_line' id='line_1_70' title="bbox 2140 3202 4006 3326; baseline -0.014 -16"><span class='ocrx_word' id='word_1_353' title='bbox 2140 3254 2387 3324; x_wconf 81' lang='lat' dir='ltr'>gnum</span> <span class='ocrx_word' id='word_1_354' title='bbox 2436 3233 3000 3326; x_wconf 84' lang='lat' dir='ltr'>distinguendi,</span> <span class='ocrx_word' id='word_1_355' title='bbox 3054 3235 3176 3304; x_wconf 90' lang='lat' dir='ltr'>est</span> <span class='ocrx_word' id='word_1_356' title='bbox 3218 3250 3364 3324; x_wconf 90' lang='lat' dir='ltr'>per</span> <span class='ocrx_word' id='word_1_357' title='bbox 3415 3232 3684 3303; x_wconf 90' lang='lat' dir='ltr'>actum</span> <span class='ocrx_word' id='word_1_358' title='bbox 3730 3202 4006 3313; x_wconf 40' lang='lat' dir='ltr'>gnozcffndi</span> 
     </span>
    </p>
   </div>
   <div class='ocr_carea' id='block_1_12' title="bbox 2142 3332 3994 3439">
    <p class='ocr_par' dir='ltr' id='par_1_16' title="bbox 2142 3332 3994 3439">
     <span class='ocr_line' id='line_1_71' title="bbox 2142 3332 3994 3439; baseline -0.001 -16"><span class='ocrx_word' id='word_1_359' title='bbox 2142 3353 2600 3427; x_wconf 89' lang='lat' dir='ltr'>intellectus</span> <span class='ocrx_word' id='word_1_360' title='bbox 2660 3354 2736 3424; x_wconf 91' lang='lat' dir='ltr'>et</span> <span class='ocrx_word' id='word_1_361' title='bbox 2795 3348 3274 3434; x_wconf 78' lang='lat' dir='ltr'>voluntatiS,</span> <span class='ocrx_word' id='word_1_362' title='bbox 3341 3350 3422 3422; x_wconf 87' lang='lat' dir='ltr'>Si</span> <span class='ocrx_word' id='word_1_363' title='bbox 3471 3348 3681 3420; x_wconf 92' lang='lat' dir='ltr'>enim</span> <span class='ocrx_word' id='word_1_364' title='bbox 3713 3332 3994 3439; x_wconf 54' lang='lat' dir='ltr'>mssfftffff</span> 
     </span>
    </p>
   </div>
   <div class='ocr_carea' id='block_1_13' title="bbox 2141 3463 3991 5536">
    <p class='ocr_par' dir='ltr' id='par_1_17' title="bbox 2141 3463 3991 5536">
     <span class='ocr_line' id='line_1_72' title="bbox 2142 3463 3991 3565; baseline -0.003 -23"><span class='ocrx_word' id='word_1_365' title='bbox 2142 3473 2328 3543; x_wconf 92' lang='lat' dir='ltr'>sunt</span> <span class='ocrx_word' id='word_1_366' title='bbox 2385 3472 2556 3544; x_wconf 78' lang='lat' dir='ltr'>duae</span> <span class='ocrx_word' id='word_1_367' title='bbox 2608 3470 2924 3553; x_wconf 75' lang='lat' dir='ltr'>animae,</span> <span class='ocrx_word' id='word_1_368' title='bbox 2998 3490 3157 3540; x_wconf 92' lang='lat' dir='ltr'>non</span> <span class='ocrx_word' id='word_1_369' title='bbox 3225 3470 3351 3541; x_wconf 89' lang='lat' dir='ltr'>est</span> <span class='ocrx_word' id='word_1_370' title='bbox 3408 3485 3682 3538; x_wconf 89' lang='lat' dir='ltr'>neces·</span> <span class='ocrx_word' id='word_1_371' title='bbox 3745 3463 3991 3565; x_wconf 45' lang='lat' dir='ltr'>33&amp;ss</span> 
     </span>
     <span class='ocr_line' id='line_1_73' title="bbox 2141 3582 3683 3677; baseline -0.001 -19"><span class='ocrx_word' id='word_1_372' title='bbox 2141 3587 2452 3660; x_wconf 88' lang='lat' dir='ltr'>sarium</span> <span class='ocrx_word' id='word_1_373' title='bbox 2513 3608 2758 3659; x_wconf 92' lang='lat' dir='ltr'>unum</span> <span class='ocrx_word' id='word_1_374' title='bbox 2822 3587 3033 3659; x_wconf 85' lang='lat' dir='ltr'>scire</span> <span class='ocrx_word' id='word_1_375' title='bbox 3104 3583 3476 3677; x_wconf 89' lang='lat' dir='ltr'>quidquid</span> <span class='ocrx_word' id='word_1_376' title='bbox 3527 3582 3683 3657; x_wconf 91' lang='lat' dir='ltr'>scit</span> 
     </span>
     <span class='ocr_line' id='line_1_74' title="bbox 2142 3700 3681 3795; baseline -0.003 -18"><span class='ocrx_word' id='word_1_377' title='bbox 2142 3704 2329 3786; x_wconf 91' lang='lat' dir='ltr'>alia,</span> <span class='ocrx_word' id='word_1_378' title='bbox 2388 3710 2466 3777; x_wconf 90' lang='lat' dir='ltr'>et</span> <span class='ocrx_word' id='word_1_379' title='bbox 2535 3703 2741 3775; x_wconf 86' lang='lat' dir='ltr'>velle</span> <span class='ocrx_word' id='word_1_380' title='bbox 2811 3702 3183 3795; x_wconf 90' lang='lat' dir='ltr'>quidquid</span> <span class='ocrx_word' id='word_1_381' title='bbox 3244 3702 3419 3774; x_wconf 86' lang='lat' dir='ltr'>vult</span> <span class='ocrx_word' id='word_1_382' title='bbox 3495 3700 3681 3784; x_wconf 89' lang='lat' dir='ltr'>alia,</span> 
     </span>
     <span class='ocr_line' id='line_1_75' title="bbox 2142 3821 3682 3915; baseline 0.002 -19"><span class='ocrx_word' id='word_1_383' title='bbox 2142 3827 2417 3896; x_wconf 84' lang='lat' dir='ltr'>tamen</span> <span class='ocrx_word' id='word_1_384' title='bbox 2478 3843 2671 3895; x_wconf 88' lang='lat' dir='ltr'>raro</span> <span class='ocrx_word' id='word_1_385' title='bbox 2738 3822 2864 3893; x_wconf 85' lang='lat' dir='ltr'>vel</span> <span class='ocrx_word' id='word_1_386' title='bbox 2907 3841 3316 3915; x_wconf 89' lang='lat' dir='ltr'>nunquam</span> <span class='ocrx_word' id='word_1_387' title='bbox 3365 3821 3682 3899; x_wconf 75' lang='lat' dir='ltr'>accidit,</span> 
     </span>
     <span class='ocr_line' id='line_1_76' title="bbox 2145 3936 3689 4033; baseline -0.001 -22"><span class='ocrx_word' id='word_1_388' title='bbox 2145 3940 2352 4033; x_wconf 90' lang='lat' dir='ltr'>quod</span> <span class='ocrx_word' id='word_1_389' title='bbox 2430 3940 2591 4012; x_wconf 93' lang='lat' dir='ltr'>sint</span> <span class='ocrx_word' id='word_1_390' title='bbox 2658 3940 2828 4012; x_wconf 76' lang='lat' dir='ltr'>duae</span> <span class='ocrx_word' id='word_1_391' title='bbox 2900 3938 3217 4021; x_wconf 79' lang='lat' dir='ltr'>animae,</span> <span class='ocrx_word' id='word_1_392' title='bbox 3276 3937 3462 4029; x_wconf 93' lang='lat' dir='ltr'>quin</span> <span class='ocrx_word' id='word_1_393' title='bbox 3528 3936 3689 4010; x_wconf 91' lang='lat' dir='ltr'>sint</span> 
     </span>
     <span class='ocr_line' id='line_1_77' title="bbox 2142 4052 3692 4149; baseline -0.004 -20"><span class='ocrx_word' id='word_1_394' title='bbox 2142 4058 2294 4129; x_wconf 85' lang='lat' dir='ltr'>duo</span> <span class='ocrx_word' id='word_1_395' title='bbox 2363 4057 2658 4149; x_wconf 90' lang='lat' dir='ltr'>capita,</span> <span class='ocrx_word' id='word_1_396' title='bbox 2739 4057 2866 4127; x_wconf 86' lang='lat' dir='ltr'>vel</span> <span class='ocrx_word' id='word_1_397' title='bbox 2926 4056 3096 4127; x_wconf 68' lang='lat' dir='ltr'>duee</span> <span class='ocrx_word' id='word_1_398' title='bbox 3142 4058 3415 4148; x_wconf 88' lang='lat' dir='ltr'>partes</span> <span class='ocrx_word' id='word_1_399' title='bbox 3477 4052 3692 4146; x_wconf 91' lang='lat' dir='ltr'>prin·</span> 
     </span>
     <span class='ocr_line' id='line_1_78' title="bbox 2145 4172 3692 4267; baseline -0.003 -21"><span class='ocrx_word' id='word_1_400' title='bbox 2145 4172 2448 4266; x_wconf 88' lang='lat' dir='ltr'>cipales</span> <span class='ocrx_word' id='word_1_401' title='bbox 2520 4172 2841 4267; x_wconf 79' lang='lat' dir='ltr'>capitiS,</span> <span class='ocrx_word' id='word_1_402' title='bbox 2915 4172 3106 4245; x_wconf 92' lang='lat' dir='ltr'>licet</span> <span class='ocrx_word' id='word_1_403' title='bbox 3174 4191 3333 4244; x_wconf 92' lang='lat' dir='ltr'>non</span> <span class='ocrx_word' id='word_1_404' title='bbox 3398 4192 3441 4243; x_wconf 93' lang='lat' dir='ltr'>e</span> <span class='ocrx_word' id='word_1_405' title='bbox 3510 4191 3692 4245; x_wconf 90' lang='lat' dir='ltr'>con-</span> 
     </span>
     <span class='ocr_line' id='line_1_79' title="bbox 2143 4283 3688 4379; baseline 0 -22"><span class='ocrx_word' id='word_1_406' title='bbox 2143 4309 2413 4360; x_wconf 82' lang='lat' dir='ltr'>verso.</span> <span class='ocrx_word' id='word_1_407' title='bbox 2471 4290 2571 4360; x_wconf 85' lang='lat' dir='ltr'>Et</span> <span class='ocrx_word' id='word_1_408' title='bbox 2622 4285 2688 4358; x_wconf 93' lang='lat' dir='ltr'>si</span> <span class='ocrx_word' id='word_1_409' title='bbox 2750 4308 2905 4379; x_wconf 89' lang='lat' dir='ltr'>quo</span> <span class='ocrx_word' id='word_1_410' title='bbox 2971 4286 3201 4359; x_wconf 91' lang='lat' dir='ltr'>modo</span> <span class='ocrx_word' id='word_1_411' title='bbox 3257 4283 3516 4378; x_wconf 92' lang='lat' dir='ltr'>possit</span> <span class='ocrx_word' id='word_1_412' title='bbox 3566 4285 3688 4357; x_wconf 93' lang='lat' dir='ltr'>de-</span> 
     </span>
     <span class='ocr_line' id='line_1_80' title="bbox 2148 4403 3686 4497; baseline -0.001 -21"><span class='ocrx_word' id='word_1_413' title='bbox 2148 4404 2526 4497; x_wconf 90' lang='lat' dir='ltr'>prehendi</span> <span class='ocrx_word' id='word_1_414' title='bbox 2605 4404 3041 4477; x_wconf 88' lang='lat' dir='ltr'>diversitas</span> <span class='ocrx_word' id='word_1_415' title='bbox 3127 4403 3686 4475; x_wconf 92' lang='lat' dir='ltr'>intellectuum</span> 
     </span>
     <span class='ocr_line' id='line_1_81' title="bbox 2146 4520 3691 4613; baseline 0 -21"><span class='ocrx_word' id='word_1_416' title='bbox 2146 4521 2225 4592; x_wconf 91' lang='lat' dir='ltr'>in</span> <span class='ocrx_word' id='word_1_417' title='bbox 2333 4520 2877 4612; x_wconf 82' lang='lat' dir='ltr'>intelligendO,</span> <span class='ocrx_word' id='word_1_418' title='bbox 2978 4525 3173 4613; x_wconf 92' lang='lat' dir='ltr'>puta</span> <span class='ocrx_word' id='word_1_419' title='bbox 3259 4520 3464 4611; x_wconf 90' lang='lat' dir='ltr'>quod</span> <span class='ocrx_word' id='word_1_420' title='bbox 3545 4540 3691 4613; x_wconf 92' lang='lat' dir='ltr'>per</span> 
     </span>
     <span class='ocr_line' id='line_1_82' title="bbox 2146 4636 3689 4729; baseline -0.001 -21"><span class='ocrx_word' id='word_1_421' title='bbox 2146 4636 2468 4725; x_wconf 83' lang='lat' dir='ltr'>aliquod</span> <span class='ocrx_word' id='word_1_422' title='bbox 2555 4638 2874 4729; x_wconf 81' lang='lat' dir='ltr'>signum</span> <span class='ocrx_word' id='word_1_423' title='bbox 2953 4636 3689 4729; x_wconf 86' lang='lat' dir='ltr'>deprehenderetur</span> 
     </span>
     <span class='ocr_line' id='line_1_83' title="bbox 2147 4754 3690 4846; baseline 0.001 -21"><span class='ocrx_word' id='word_1_424' title='bbox 2147 4754 2348 4825; x_wconf 91' lang='lat' dir='ltr'>idem</span> <span class='ocrx_word' id='word_1_425' title='bbox 2405 4754 2601 4827; x_wconf 88' lang='lat' dir='ltr'>sciri</span> <span class='ocrx_word' id='word_1_426' title='bbox 2667 4757 2744 4827; x_wconf 91' lang='lat' dir='ltr'>et</span> <span class='ocrx_word' id='word_1_427' title='bbox 2795 4755 3121 4835; x_wconf 87' lang='lat' dir='ltr'>nesciri,</span> <span class='ocrx_word' id='word_1_428' title='bbox 3215 4754 3343 4825; x_wconf 82' lang='lat' dir='ltr'>vel</span> <span class='ocrx_word' id='word_1_429' title='bbox 3415 4758 3690 4846; x_wconf 89' lang='lat' dir='ltr'>posset</span> 
     </span>
     <span class='ocr_line' id='line_1_84' title="bbox 2143 4869 3682 4962; baseline -0.001 -20"><span class='ocrx_word' id='word_1_430' title='bbox 2143 4869 2624 4962; x_wconf 89' lang='lat' dir='ltr'>deprehendi</span> <span class='ocrx_word' id='word_1_431' title='bbox 2673 4869 3106 4943; x_wconf 86' lang='lat' dir='ltr'>diversitas</span> <span class='ocrx_word' id='word_1_432' title='bbox 3139 4870 3682 4953; x_wconf 86' lang='lat' dir='ltr'>voluntatum,</span> 
     </span>
     <span class='ocr_line' id='line_1_85' title="bbox 2149 4987 3688 5079; baseline 0.003 -22"><span class='ocrx_word' id='word_1_433' title='bbox 2149 4991 2367 5079; x_wconf 91' lang='lat' dir='ltr'>puta,</span> <span class='ocrx_word' id='word_1_434' title='bbox 2414 4987 2621 5078; x_wconf 89' lang='lat' dir='ltr'>quod</span> <span class='ocrx_word' id='word_1_435' title='bbox 2679 4990 2896 5061; x_wconf 90' lang='lat' dir='ltr'>esset</span> <span class='ocrx_word' id='word_1_436' title='bbox 2937 4987 3045 5058; x_wconf 93' lang='lat' dir='ltr'>ibi</span> <span class='ocrx_word' id='word_1_437' title='bbox 3085 4987 3291 5058; x_wconf 85' lang='lat' dir='ltr'>velle</span> <span class='ocrx_word' id='word_1_438' title='bbox 3342 4991 3422 5060; x_wconf 94' lang='lat' dir='ltr'>et</span> <span class='ocrx_word' id='word_1_439' title='bbox 3472 4987 3688 5061; x_wconf 91' lang='lat' dir='ltr'>nolle</span> 
     </span>
     <span class='ocr_line' id='line_1_86' title="bbox 2146 5102 3678 5194; baseline 0.001 -21"><span class='ocrx_word' id='word_1_440' title='bbox 2146 5102 2237 5173; x_wconf 90' lang='lat' dir='ltr'>de</span> <span class='ocrx_word' id='word_1_441' title='bbox 2293 5102 2595 5182; x_wconf 86' lang='lat' dir='ltr'>eodem,</span> <span class='ocrx_word' id='word_1_442' title='bbox 2659 5102 2958 5194; x_wconf 91' lang='lat' dir='ltr'>absque</span> <span class='ocrx_word' id='word_1_443' title='bbox 3016 5102 3515 5176; x_wconf 88' lang='lat' dir='ltr'>dubitatione</span> <span class='ocrx_word' id='word_1_444' title='bbox 3575 5106 3678 5175; x_wconf 87' lang='lat' dir='ltr'>te·</span> 
     </span>
     <span class='ocr_line' id='line_1_87' title="bbox 2147 5220 3688 5312; baseline 0.002 -23"><span class='ocrx_word' id='word_1_445' title='bbox 2147 5220 2490 5292; x_wconf 92' lang='lat' dir='ltr'>nendum</span> <span class='ocrx_word' id='word_1_446' title='bbox 2539 5223 2780 5301; x_wconf 91' lang='lat' dir='ltr'>esset,</span> <span class='ocrx_word' id='word_1_447' title='bbox 2838 5220 3043 5312; x_wconf 90' lang='lat' dir='ltr'>quod</span> <span class='ocrx_word' id='word_1_448' title='bbox 3074 5223 3346 5294; x_wconf 89' lang='lat' dir='ltr'>essent</span> <span class='ocrx_word' id='word_1_449' title='bbox 3380 5220 3484 5292; x_wconf 89' lang='lat' dir='ltr'>ibi</span> <span class='ocrx_word' id='word_1_450' title='bbox 3516 5221 3688 5292; x_wconf 78' lang='lat' dir='ltr'>duee</span> 
     </span>
     <span class='ocr_line' id='line_1_88' title="bbox 2146 5336 3688 5429; baseline -0.001 -22"><span class='ocrx_word' id='word_1_451' title='bbox 2146 5336 2462 5408; x_wconf 87' lang='lat' dir='ltr'>animae.</span> <span class='ocrx_word' id='word_1_452' title='bbox 2528 5336 2674 5408; x_wconf 84' lang='lat' dir='ltr'>Sed</span> <span class='ocrx_word' id='word_1_453' title='bbox 2736 5336 2943 5409; x_wconf 90' lang='lat' dir='ltr'>istud</span> <span class='ocrx_word' id='word_1_454' title='bbox 3012 5357 3172 5409; x_wconf 92' lang='lat' dir='ltr'>non</span> <span class='ocrx_word' id='word_1_455' title='bbox 3231 5340 3500 5429; x_wconf 90' lang='lat' dir='ltr'>potest</span> <span class='ocrx_word' id='word_1_456' title='bbox 3561 5337 3688 5429; x_wconf 89' lang='lat' dir='ltr'>ju-</span> 
     </span>
     <span class='ocr_line' id='line_1_89' title="bbox 2145 5452 3682 5536; baseline 0.001 -12"><span class='ocrx_word' id='word_1_457' title='bbox 2145 5452 2423 5533; x_wconf 91' lang='lat' dir='ltr'>dicari,</span> <span class='ocrx_word' id='word_1_458' title='bbox 2515 5453 2672 5524; x_wconf 88' lang='lat' dir='ltr'>nisi</span> <span class='ocrx_word' id='word_1_459' title='bbox 2757 5454 2846 5525; x_wconf 92' lang='lat' dir='ltr'>de</span> <span class='ocrx_word' id='word_1_460' title='bbox 2927 5458 3296 5527; x_wconf 88' lang='lat' dir='ltr'>monstro</span> <span class='ocrx_word' id='word_1_461' title='bbox 3385 5453 3682 5536; x_wconf 89' lang='lat' dir='ltr'>adulto,</span> 
     </span>
    </p>
   </div>
   <div class='ocr_carea' id='block_1_14' title="bbox 2148 5566 3683 5662">
    <p class='ocr_par' dir='ltr' id='par_1_18' title="bbox 2148 5566 3683 5662">
     <span class='ocr_line' id='line_1_90' title="bbox 2148 5566 3683 5662; baseline 0.001 -20"><span class='ocrx_word' id='word_1_462' title='bbox 2148 5568 2383 5661; x_wconf 88' lang='lat' dir='ltr'>quale</span> <span class='ocrx_word' id='word_1_463' title='bbox 2442 5570 2775 5662; x_wconf 84' lang='lat' dir='ltr'>ponitur</span> <span class='ocrx_word' id='word_1_464' title='bbox 2842 5566 3095 5644; x_wconf 86' lang='lat' dir='ltr'>fuisse</span> <span class='ocrx_word' id='word_1_465' title='bbox 3173 5571 3252 5643; x_wconf 93' lang='lat' dir='ltr'>in</span> <span class='ocrx_word' id='word_1_466' title='bbox 3310 5570 3683 5654; x_wconf 89' lang='lat' dir='ltr'>Francia,</span> 
     </span>
    </p>
   </div>
  </div>
 </body>
</html>
