4287 6313
619 372 739 437 414
1773 379 1920 441 ΗΒ.
1953 380 2053 441 Ν.
2087 378 2686 454 ὃΕΝΤΕΝΤΙΑΚΠΜ

624 536 732 598 vel
781 553 1016 616 aquam
1072 557 1303 618 puero,
1364 538 1546 621 quod
1603 556 1734 605 non
1789 541 2050 604 videtur
2093 557 2172 604 eo
2285 546 2502 607 textus
2559 561 2756 624 quem
2825 548 2996 610 citat.
3059 547 3328 610 Videtur
3385 561 3543 627 ergo
3607 544 3826 626 opinio
3884 566 4053 621 Dubia
4079 574 4159 642 φὶ

629 668 785 716 casu
814 654 977 718 fieri,
2284 657 2581 735 vasquez
2628 675 2761 720 non
2808 676 2953 722 esse
3002 663 3290 725 tenenda
3336 663 3406 723 in
3454 661 3665 739 praxi,
3710 660 3829 724 sed
3883 633 4145 761 ὗῗεῗιᾞξῑο

320 780 571 894 Βξέἶξὲὤ
710 770 909 833 Aliter
929 773 1549 849 probatRichm-dus
1574 775 1878 838 eamdem
1911 780 2174 838 senten·
2281 774 2683 850 Baptismum
2759 779 3061 841 absolute
3147 779 3622 846 conferendum
3683 795 3831 841 esse

289 905 595 971 explicatur.
634 884 811 961 tiam,
846 890 999 965 quia
1042 889 1195 950 lotio
1227 890 1631 968 baptismalis
1670 891 1891 971 exigit,
1946 900 2019 954 ut
2059 891 2174 952 im·

630 1004 940 1066 mersioni
984 1006 1302 1069 succedat
1353 1008 1659 1082 emersio,
1718 1024 1859 1088 quae
1901 1008 2177 1086 intelligi

627 1120 721 1181 sic
778 1120 998 1195 debet,
1072 1130 1143 1186 ut
1212 1126 1445 1188 saltem
1517 1125 1880 1189 succedere
1944 1127 2177 1203 possit,

629 1241 947 1311 quantum
993 1241 1094 1299 est
1125 1255 1207 1300 ex
1249 1246 1480 1302 natura
1513 1241 1863 1303 ablutionis
1903 1257 2024 1302 seu
2052 1241 2175 1301 im-

624 1352 994 1427 mersionis,
1047 1355 1202 1417 licet
1241 1373 1362 1433 per
1405 1355 1715 1419 accidens
1766 1374 1899 1420 non
1940 1372 2178 1435 sequa·

624 1472 748 1542 tur,
804 1475 878 1531 ut
941 1473 1258 1553 contingit
1321 1478 1386 1537 in
1457 1491 1614 1537 casu
1686 1477 2020 1552 proposito
2093 1471 2179 1535 ad

627 1586 1024 1661 oppositum,
1057 1605 1187 1666 quo
1219 1607 1351 1651 non
1385 1595 1611 1667 posset
1639 1593 1936 1653 minister
1965 1595 2175 1651 extra-

625 1696 788 1759 here
818 1699 1382 1796 Catecbumenum
1442 1721 1524 1766 ex
1564 1701 1772 1777 fonte,
1835 1704 1959 1766 hoc
2002 1704 2180 1766 enirn

626 1831 750 1893 per
780 1816 1087 1880 accidens
1122 1824 1222 1880 est
1262 1837 1345 1882 ex
1385 1819 1651 1883 defectu
1696 1822 1966 1894 virium;
2019 1821 2186 1882 alter

632 1945 825 1992 casus
884 1932 966 1995 de
1025 1950 1194 2011 aqua
1245 1935 1633 1998 calidissima
1683 1937 1935 1997 admitti
1985 1938 2184 1997 etiam

631 2050 878 2123 potest,
938 2047 1042 2109 vel
1096 2052 1346 2129 negari,
1402 2055 1554 2129 quia
1607 2067 1737 2112 non
1799 2068 1882 2113 ex
1953 2058 2186 2114 natura

631 2161 983 2224 ablutionis
1005 2166 1069 2226 in
1100 2183 1270 2245 aqua
1295 2182 1448 2230 mox
1478 2169 1779 2247 sequitur
1807 2185 1984 2230 mors
2014 2186 2187 2246 pue-

633 2278 711 2348 ri,
796 2278 917 2339 sed
984 2297 1063 2342 ex
1141 2282 1453 2359 qualitate
1525 2281 1910 2344 accidentali
1984 2285 2190 2362 ipsius

636 2410 841 2474 aquae.
919 2395 1048 2458 Sed
1117 2400 1353 2461 melius
1424 2396 1592 2461 forte
1656 2402 1941 2478 negatur
2009 2400 2190 2461 valor

635 2520 779 2580 talis
811 2518 1187 2592 ablutioniS,
1243 2535 1388 2596 quae
1435 2533 1569 2578 non
1618 2525 1718 2580 est
1765 2521 2039 2580 materia
2073 2517 2189 2577 Ba-

633 2635 874 2713 ptismi,
933 2633 1056 2697 sed
1106 2635 1215 2696 illa
1273 2650 1416 2712 quae
1464 2637 1696 2695 natura
1746 2631 2019 2695 actionis
2052 2647 2191 2694 non

635 2748 975 2812 ordinatur
1004 2749 1087 2810 ad
1130 2757 1412 2812 mortem
1444 2750 1613 2829 ejus,
1651 2749 1800 2829 quia
1842 2750 1937 2809 sic
1979 2749 2194 2826 magis

640 2881 1007 2945 congruum
1048 2865 1283 2928 divinae
1322 2866 1708 2928 institutioni
1792 2871 1858 2928 et
1904 2881 2192 2928 commu-

642 2985 949 3047 nicationi
994 2984 1423 3055 Sacramenti,
1477 2988 1542 3043 et
1592 2980 1911 3044 ablutioni
1985 2982 2193 3044 esuali

647 3115 769 3163 seu
801 3099 1133 3160 consuetae
1176 3100 1243 3158 et
1286 3095 1533 3159 morali.

422 3226 499 3275 15.
727 3216 819 3299 (d)
869 3221 949 3281 Si
991 3218 1267 3279 secundo
1317 3219 1505 3279 modo
1548 3218 1640 3278 sic
1680 3237 1700 3277 .·
1748 3223 1861 3278 aut
1903 3223 2194 3294 apparet,

322 3290 592 3423 ,hagffiezato
649 3334 926 3397 etc.Haec
958 3339 1059 3395 est
1083 3333 1398 3393 resolutio
1430 3331 1795 3393 communis
1818 3334 2197 3406 Doctorum,

321 3428 375 3462 ¹⁰
417 3420 582 3477 ''me‘
647 3455 713 3513 et
759 3456 940 3528 patet
987 3466 1069 3511 ex
1110 3449 1497 3521 rationibuS,
1537 3464 1699 3528 quas
1728 3450 1967 3512 Doctor
1997 3448 2200 3529 subji-

647 3567 771 3639 cit;
843 3566 897 3628 si
967 3582 1127 3645 ergo
1189 3582 1340 3643 pars
1416 3565 1786 3643 principalis
1844 3567 2201 3645 attingatur

646 3700 841 3763 aqua,
888 3685 1126 3747 iterum
1177 3698 1311 3744 non
1360 3681 1562 3744 debet
1608 3682 1915 3759 baptizari
1962 3686 2196 3753 natus;

647 3799 697 3859 si
739 3805 959 3860 autem
993 3800 1210 3859 minus
1254 3797 1779 3875 principaliS,sub
1828 3794 2201 3858 conditione

364 3907 545 3960 Sotus.
645 3913 1078 3993 baptizandus
1123 3916 1245 3986 est,
1296 3914 1590 3992 quamvis
1636 3913 1827 3974 Sotus
1871 3910 2205 3973 existimet

432 4020 441 4026 ’
648 4029 1031 4108 simpliciter
1077 3999 1209 4092 non
1252 4028 1393 4091 fieri
1440 4027 1837 4106 baptismum
1898 4030 1963 4090 in
2020 4033 2202 4106 parte

650 4150 870 4209 minus
926 4147 1290 4225 principali,
1358 4151 1483 4207 art.
1557 4148 1617 4207 7.
1666 4147 1810 4208 dist.
1880 4145 1939 4205 3.
2006 4163 2201 4224 quem

352 4268 565 4318 suarez.
650 4264 953 4343 sequitur
1010 4264 1249 4325 Suarez
1306 4264 1468 4339 disp.
1534 4262 1633 4323 20.
1694 4268 1838 4325 sect.
1888 4264 1947 4322 2.
1994 4263 2205 4323 Minus

640 4380 1027 4461 >principalis
1066 4377 1285 4459 quoad
1340 4377 1745 4440 dubietatem
1798 4377 2206 4439 Sacramenti

653 4502 755 4557 est
791 4511 939 4573 pes,
971 4496 1075 4558 vel
1115 4512 1368 4567 manus;
1420 4493 1640 4573 quoad
1692 4492 2059 4556 nullitatern
2106 4497 2209 4555 est

652 4628 805 4690 pars
862 4613 1141 4675 minimae
1198 4612 1600 4691 quantitatis,
1658 4618 1731 4673 ut
1788 4610 2054 4691 digitus,
2101 4609 2208 4671 vel

650 4743 807 4805 pars
866 4725 1072 4808 digiti,
1130 4726 1501 4789 secundum
1562 4724 1851 4790 eosdem.
1908 4726 2207 4805 vasquez

328 4843 579 4964 vgffiugzt·
654 4844 1030 4921 oppositum
1062 4841 1257 4905 docet
1286 4860 1426 4919 cap.
1469 4844 1528 4903 4.
1582 4858 1704 4919 per
1745 4846 2000 4919 partem
2033 4841 2209 4918 prin.

302 4980 421 5037 pars
451 4962 626 5036 ,miquo
659 4959 936 5037 cipalem
981 4956 1285 5039 intelligit
1332 4960 1576 5020 Doctor
1620 4957 1787 5033 illas,
1843 4956 1926 5019 de
1968 4958 2207 5036 quihus

301 5027 620 5095 principalis.
656 5075 973 5139 asseritur
1031 5074 1299 5138 dubium
1381 5075 1907 5148 Sacramentum,
1982 5074 2070 5137 ita
2137 5079 2211 5136 ut

655 5196 866 5274 repeti
943 5192 1185 5255 debeat
1257 5193 1379 5254 sub
1466 5190 1882 5263 conditione,
1964 5206 2208 5267 nempe

655 5308 899 5389 pedem
957 5311 1062 5371 vel
1130 5323 1421 5380 manum,
1480 5323 1613 5369 non
1667 5311 1890 5368 autem
1950 5310 2207 5385 partem

656 5442 1146 5507 quamcumque
1213 5426 1503 5487 minimae
1579 5422 1983 5502 quantitatiS,
2057 5423 2209 5500 quia

600 5626 613 5647 ,
662 5544 745 5607 de
811 5542 971 5631 hac·
1006 5542 1256 5631 antiqui
1319 5557 1456 5604 non
1524 5540 1907 5619 loquuntur,
1988 5553 2208 5620 neque

2290 889 2504 952 taliter
2552 897 2733 966 nate,
2782 893 2963 972 quod
3024 897 3236 977 magis
3303 912 3681 974 supponere
3737 894 3831 958 vi-

2290 1003 2531 1067 dentur
2596 1008 3001 1083 Scholastici,
3082 1012 3233 1089 quia
3303 1013 3667 1074 vehemens
3739 1014 3839 1092 est

2289 1119 2563 1183 dubium
2597 1121 2678 1184 de
2722 1126 2944 1189 valore
2993 1128 3397 1190 Sacramenti
3448 1145 3523 1189 ex
3572 1125 3839 1190 defectu

2289 1238 2607 1311 materiae,
2669 1256 2813 1301 cum
2859 1241 2965 1303 illa
3011 1259 3144 1304 non
3191 1250 3540 1306 censeatur
3625 1260 3842 1305 mora-

2286 1352 2435 1414 liter
2506 1370 2587 1415 ex
2659 1359 3132 1420 consuetudine
3205 1360 3449 1422 ablutio
3543 1359 3839 1421 absoluta

2288 1466 2593 1541 hominis,
2643 1471 2750 1531 vel
2794 1488 2938 1550 quae
2996 1477 3195 1534 totum
3248 1473 3579 1535 hominem
3628 1474 3836 1535 deno-

2290 1587 2518 1657 minet,
2552 1587 2720 1647 sicut
2761 1601 2981 1666 neque
3024 1589 3319 1668 AEthiops
3365 1590 3602 1653 dicitur
3648 1590 3842 1651 albus

2293 1700 2595 1763 absolute
2652 1709 2922 1780 propter
2979 1703 3238 1780 denteS,
3288 1705 3408 1767 sed
3472 1705 3843 1767 secundum

2298 1814 2498 1895 quid;
2544 1819 2905 1881 vehemens
2956 1826 3176 1882 autem
3234 1823 3518 1898 suspicio
3576 1837 3708 1884 non
3751 1823 3846 1883 vi-

2299 1931 2493 1995 detur
2534 1933 2881 1998 admittere
2935 1952 3079 2000 eam
3142 1938 3507 2014 scientiam,
3556 1945 3667 2000 aut
3699 1956 3847 2016 pro-

2297 2046 2720 2125 babilitatem,
2799 2068 2881 2114 ex
2953 2069 3082 2132 qua
3157 2053 3653 2116 Sacramentum
3724 2055 3843 2115 sub

2300 2165 2677 2228 conditione
2755 2170 2840 2229 sit
2906 2167 3430 2242 ministrandum,
3502 2170 3655 2247 quia
3714 2186 3844 2231 non

2299 2283 2522 2344 tribuit
2576 2282 2641 2342 in
2704 2286 2886 2360 praxi
2939 2281 3447 2346 fundamentum
3515 2284 3849 2348 sufficiens

2300 2400 2701 2478 applicandae
2754 2402 3138 2476 conditioni,
3187 2403 3336 2466 ideo
3384 2403 3684 2465 absolute
3737 2420 3851 2482 ap-

2300 2514 2526 2592 plicari
2562 2514 2783 2578 debet.

2386 2630 2702 2692 Caeterum
2734 2649 2866 2694 non
2895 2632 3369 2710 improbandus
3415 2641 3537 2707 est,
3586 2635 3697 2714 qui
3742 2636 3848 2697 vel

2300 2743 2517 2821 ipsum
2583 2746 2878 2826 digitum,
2924 2749 2980 2811 si
3029 2749 3205 2811 aliud
3256 2765 3389 2813 non
3433 2756 3729 2828 apparet,
3783 2751 3848 2812 in

2305 2859 2593 2922 evidenti
2673 2865 2966 2941 periculo
3071 2873 3138 2928 et
3214 2874 3387 2929 certo
3458 2868 3840 2945 baptizaret,

2308 2992 2456 3040 cum
2501 2977 2624 3037 alia
2669 2980 2997 3040 sententia
3031 2998 3163 3043 non
3209 2981 3291 3044 sit
3329 2961 3597 3045 omnino
3651 2990 3845 3056 certa,

2309 3099 2375 3153 et
2404 3095 2830 3174 sepeliendus
2872 3103 3049 3161 esset
3095 3097 3309 3162 infans
3337 3097 3429 3163 sic
3487 3101 3853 3179 baptizatus

2310 3215 2376 3271 et
2420 3216 2739 3284 mortuus,
2800 3214 2866 3274 in
2911 3214 3054 3276 loco
3100 3215 3476 3291 benedict0,
3526 3220 3677 3295 quia
3722 3233 3855 3277 non

2311 3325 2501 3388 deest
2554 3326 3058 3391 fundamentum
3117 3347 3201 3391 ex
3260 3333 3569 3410 opinione
3593 3330 3611 3347 ”
3640 3332 3856 3412 gravis

2307 3444 2625 3525 Theologi
2668 3444 2751 3506 ad
2781 3444 2909 3508 hoc
2951 3445 3306 3537 sufficiens3
3344 3451 3456 3528 qui
3500 3458 3719 3513 tamen
3765 3451 3859 3514 sic

2311 3559 2670 3636 baptizaret
2737 3561 3084 3641 sequendo
3173 3564 3340 3626 illam
3435 3567 3856 3640 sententiam,

2310 3680 2538 3753 posset
2608 3680 2800 3738 etiam
2864 3679 2986 3739 sub
3061 3680 3436 3743 conditione
3497 3683 3852 3759 baptizare,

2311 3792 2364 3852 si
2418 3789 2632 3853 infans
2687 3796 3142 3870 supervixerit.
3196 3797 3264 3856 ln
3307 3796 3430 3858 hoc
3491 3805 3714 3859 autem
3756 3814 3860 3859 re·

2310 3904 2530 3967 medio
2563 3906 2646 3968 ad
2676 3908 2958 3969 salutem
2997 3912 3398 3986 necessario,
3444 3913 3652 3992 magis
3704 3930 3857 3991 prae-

2312 4022 2711 4085 sumendum
2785 4030 2886 4085 est
2952 4026 3034 4089 de
3095 4028 3537 4092 misericordia
3587 4032 3728 4102 Dei,
3794 4036 3863 4092 et

2312 4139 2380 4200 in
2443 4110 3063 4205 casu'necessitatis
3123 4144 3546 4207 extendenda
3601 4163 3857 4219 manus,

2317 4274 2513 4336 quam
2570 4260 2903 4333 arctanda,
2951 4262 3065 4324 ubi
3109 4262 3263 4325 nihil
3315 4267 3493 4325 certo
3539 4267 3604 4327 in
3650 4281 3863 4343 oppo-

2315 4374 2506 4435 situm
2562 4374 2865 4437 hahetur.

2400 4490 2467 4550 ln
2497 4490 2936 4553 sacramentis
2981 4496 3153 4556 enim
3187 4495 3376 4574 juxta
3421 4497 3682 4575 regulas
3727 4499 3858 4558 Do·

2318 4607 2512 4667 ctoris
2553 4623 2751 4686 supra
2808 4609 3175 4689 assignatas
3231 4613 3296 4672 d.
3344 4614 3403 4674 3.
3465 4630 3526 4689 q.
3572 4613 3634 4675 2.
3694 4630 3757 4676 a.
3802 4615 3861 4676 5.

2318 4718 2521 4785 debet
2562 4725 2876 4802 applicari
2922 4725 3187 4804 quando
3231 4736 3469 4805 potest,
3504 4729 3684 4809 quod
3726 4747 3863 4792 cer-

2321 4841 2458 4898 tum
2490 4844 2620 4911 est;
2656 4841 2710 4902 si
2740 4845 2959 4902 autem
2991 4844 3242 4922 nequit,
3289 4842 3468 4923 quod
3500 4845 3582 4906 ad
3616 4849 3866 4907 certum

2319 4953 2531 5033 magis
2562 4954 2838 5026 accedit,
2889 4960 2951 5017 et
2998 4957 3093 5018 sic
3137 4960 3200 5020 in
3258 4960 3678 5033 necessitate,
3725 4977 3870 5039 quae

2302 5067 2686 5130 remedium
2723 5084 2855 5131 non
2902 5071 3126 5146 habet,
3169 5074 3479 5150 applicari
3534 5074 3714 5152 quod
3756 5091 3872 5153 po·

2295 5187 2492 5271 ,test;
2539 5202 2758 5264 neque
2800 5189 3130 5250 sententia
3174 5191 3469 5268 vasquez
3502 5196 3602 5251 est
3630 5194 3872 5268 impro-

2320 5300 2550 5363 babilis
2594 5303 2995 5380 speculative
3048 5304 3407 5383 loquend0,
3456 5309 3874 5385 quamvis,ut

2325 5417 2478 5495 dixi,
2514 5423 2580 5483 in
2620 5421 2802 5498 praxi
2850 5420 3017 5484 forte
3071 5441 3201 5486 non
3253 5430 3429 5485 esset
3477 5425 3866 5503 applicanda

2325 5537 2614 5624 conditio
2672 5538 2738 5599 in
2785 5537 2995 5602 forma
3047 5541 3359 5618 Baptismi
3428 5548 3580 5604 nato
3632 5560 3869 5623 puer0,

4003 2623 4080 2675 16.
