4287 6313
208 2195 256 2244 2.
287 2194 423 2307 d.73.
456 2211 512 2260 q.

546 429 633 491 52
1778 424 1920 490 LIB.
1953 429 2053 490 IV.
2085 418 2680 496 SENTENTIARUM

544 592 668 664 est
700 589 830 663 hic
864 589 1190 682 homo);
1228 589 1781 683 quodcumque
1816 594 2088 662 autem

544 713 913 782 creatum
994 707 1437 801 participat
1519 710 1904 778 naturam
1972 727 2095 777 cs-

545 829 788 912 sendi,
850 828 1038 916 quia
1097 828 1318 899 solus
1384 829 1598 899 Deus
1669 829 1791 897 est
1856 845 2086 895 suum

543 968 723 1026 esse;
767 962 967 1035 ergo
1034 942 1349 1014 nullum
1398 946 1768 1014 creatum
1821 943 2090 1033 potest

545 1059 993 1152 producere
1053 1057 1379 1149 aliquod
1438 1076 1603 1136 ens,
1673 1056 1830 1127 nisi
1894 1076 2090 1147 prae-

548 1174 1063 1266 intelligatur
1144 1173 1446 1265 aliquid
1516 1171 1823 1245 actioni
1897 1192 2088 1253 suae,

549 1312 694 1385 per
743 1294 944 1386 quod
990 1292 1473 1385 productum
1526 1289 1634 1363 sit
1678 1290 1873 1369 hoc;
1931 1289 2092 1361 tale

547 1415 821 1483 autem
863 1428 1020 1479 non
1081 1411 1344 1500 potest
1392 1406 1739 1498 intelligi
1794 1407 1874 1478 in
1917 1406 2093 1477 sub-

550 1526 857 1600 stantia
900 1525 1454 1605 immateriali,
1507 1524 1693 1616 quia
1745 1524 1922 1616 ipsa
1970 1527 2092 1595 est

547 1647 667 1710 hoc
717 1662 858 1734 per
909 1641 1258 1713 formam
1330 1660 1584 1719 suam,
1649 1659 1794 1731 per
1854 1658 2095 1729 quam

549 1750 790 1822 habet
869 1769 1099 1827 esse;
1145 1767 1345 1839 ergo
1421 1746 1882 1819 substantia
1957 1746 2095 1817 im-

554 1865 1008 1939 materialis
1082 1884 1243 1936 non
1307 1868 1576 1956 potest
1650 1864 2094 1955 producere

550 1985 797 2057 aliam
849 1983 1391 2055 substantiam
1437 1980 2093 2062 immaterialem,

553 2105 945 2194 quantum
987 2101 1079 2170 ad
1115 2098 1606 2190 simpliciter
1636 2122 1769 2165 esse
1800 2096 2001 2189 ejus,

646 2220 813 2288 Ista
842 2216 1053 2289 ratio
1077 2216 1159 2306 (l)
1192 2215 1666 2305 aliqualiter
1696 2211 2097 2305 improba-

551 2334 636 2403 ta
693 2332 909 2415 alibi,
952 2330 1507 2423 praesupponit
1559 2348 1831 2407 unum,
1887 2326 2097 2401 scili·

552 2451 677 2520 cet
728 2447 934 2539 quod
978 2466 1140 2518 non
1183 2445 1290 2518 sit
1334 2449 1443 2513 hic
1485 2449 1699 2525 homo,
1746 2443 1904 2515 nisi
1955 2461 2098 2535 per

556 2564 986 2637 materiam
1025 2587 1041 2643 ;
1107 2562 1344 2643 aliud,
1446 2562 1653 2652 quod
1741 2561 2097 2651 Angelus

551 2701 696 2776 per
730 2700 958 2752 suam
994 2678 1344 2752 formam
1385 2679 1491 2751 sit
1521 2683 1652 2748 laic.
1693 2678 2096 2752 Similiter

552 2797 863 2888 quando
897 2795 1194 2887 accipit
1229 2795 1307 2867 in
1349 2794 1886 2886 major-i.quod
1921 2815 2100 2887 par-

551 2914 901 3006 ticipans
937 2913 1296 3005 aliquam
1328 2917 1738 2994 naturam,
1768 2931 1929 2984 non
1965 2933 2099 3005 po-

553 3034 715 3103 test
783 3029 1253 3123 producere,
1323 3032 1474 3102 etc.
1543 3030 1706 3102 Aut
1764 3027 1915 3101 hoc
1974 3033 2098 3102 est

552 3145 752 3229 ideo,
810 3146 995 3238 quia
1045 3165 1373 3218 necesse
1415 3149 1539 3218 est
1583 3144 1808 3218 illam
1863 3150 2099 3220 natu-

556 3283 733 3335 ram
797 3262 1282 3355 participari
1325 3282 1371 3333 a
1422 3262 1843 3354 producto,
1890 3263 1968 3333 et
2002 3282 2101 3332 ex

553 3378 704 3451 hoc
745 3379 946 3469 quod
982 3376 1532 3469 participatur
1564 3375 1662 3447 ab
1701 3396 1821 3458 e0,
1863 3397 2096 3468 opor-

551 3495 1021 3587 tet'aliquid
1079 3492 1600 3588 praesupponi
1660 3495 1789 3566 cui
1848 3494 2100 3586 appli-

550 3617 804 3692 cetur,
888 3616 968 3684 et
1050 3616 1239 3685 tunc
1325 3616 1808 3703 sequeretur
1893 3612 2100 3702 quod

2207 592 2480 663 turam
2557 590 3005 685 participat
3071 612 3276 675 eam,
3346 588 3513 663 haec
3588 608 3752 663 non

2208 712 2477 802 potest
2554 732 2732 783 esse
2819 711 3058 791 ratio,
3142 709 3330 802 quia
3407 708 3488 780 in
3574 707 3752 799 ipso

2205 831 2495 916 agente
2538 847 2699 898 non
2749 825 3414 919 praesiipponitur
3455 822 3754 914 aliquid

2205 941 2361 1033 ipsi
2401 967 2555 1024 esse,
2609 947 2803 1017 tunc
2856 943 3068 1016 enim
3131 943 3394 1035 ipsum
3464 939 3758 1033 produ-

2205 1080 2394 1133 cens
2444 1082 2606 1133 non
2667 1064 2943 1153 posset
3007 1060 3321 1139 creari;
3361 1077 3561 1149 ergo
3611 1075 3755 1127 nec

2210 1179 2533 1268 oportet
2594 1177 2674 1248 in
2734 1176 2901 1259 illo,
2972 1178 3176 1270 quod
3244 1174 3758 1247 assimilatur

2208 1293 2684 1385 producenti
2779 1295 3213 1366 secundum
3313 1313 3518 1376 esse,
3610 1290 3759 1362 ali·

2209 1408 2414 1500 quod
2471 1410 2636 1480 tale
2718 1408 3263 1502 praesupponi.

2302 1527 2529 1604 Item,
2595 1530 2734 1599 aut
2784 1549 2919 1594 esse
2959 1525 3515 1618 participatur
3571 1528 3751 1597 tan-

2211 1662 2450 1734 quam
2487 1648 2720 1716 actus
2758 1643 3053 1735 aliquis
3088 1643 3327 1726 alius,
3364 1643 3461 1715 ab
3493 1663 3758 1715 essen-

2212 1757 2327 1831 tia
2385 1759 2824 1851 posterior,
2895 1764 3037 1833 aut
3099 1763 3487 1851 tanquam
3551 1757 3754 1831 idem

2212 1874 2365 1966 ipsi
2421 1874 2822 1958 essentiae,
2892 1875 3060 1947 sive
3139 1875 3455 1968 primus
3525 1878 3756 1948 actus

2212 1992 2356 2063 rei.
2404 1993 2487 2065 Si
2541 1993 2806 2083 primo
2844 1994 3102 2072 modo,
3147 2010 3307 2063 non
3358 1990 3758 2083 probatur

2212 2108 2691 2200 productum
2733 2129 2892 2180 non
2948 2129 3183 2201 posse
3225 2108 3522 2191 creari,
3570 2106 3757 2200 quia

2211 2224 2365 2296 etsi
2408 2248 2540 2291 esse
2581 2229 3163 2318 praesupponat
3214 2226 3292 2297 in
3350 2245 3505 2317 quo
3560 2224 3756 2299 reci-

2214 2340 2512 2432 piatur.
2567 2346 2839 2415 tamen
2894 2342 3251 2415 essentia
3299 2343 3502 2415 nihil
3555 2363 3753 2436 prae-

2212 2458 2620 2550 supponit,
2686 2463 2766 2533 et
2825 2459 2940 2531 ita
2999 2460 3190 2533 licet
3250 2461 3754 2553 participans

2211 2598 2343 2642 esse
2372 2595 2530 2646 non
2570 2578 2906 2648 creatur
2938 2577 3369 2649 secundum
3403 2602 3560 2659 esse,
3600 2598 3760 2649 non

2215 2679 2612 2783 probatur
2681 2693 2868 2783 quin
2940 2698 3214 2784 posset
3291 2694 3564 2767 creari
3641 2715 3760 2767 se-

2212 2810 2555 2881 cundum
2617 2809 3084 2893 essentiam,
3162 2832 3335 2903 quae
3406 2832 3760 2904 praesup-

2215 2926 2570 3017 ponitur.
2628 2926 2710 3001 Si
2772 2929 3116 3000 secundo
3169 2929 3429 3011 mod0‚
3495 2928 3760 3001 minus

2213 3040 2558 3115 habetur
2605 3043 3146 3135 propositum,
3186 3043 3376 3135 quin
3409 3068 3541 3111 esse
3586 3064 3758 3137 pos-

2215 3159 2321 3232 sit
2393 3161 2690 3242 creari,
2771 3166 2850 3234 et
2922 3161 3038 3234 ita
3105 3180 3150 3233 a
3215 3161 3759 3256 participante

2215 3276 2505 3368 ipsum,
2571 3277 2783 3350 sicut
2832 3277 2930 3348 ab
2971 3277 3158 3358 alio,
3216 3277 3403 3368 quia
3451 3279 3531 3350 in
3577 3279 3758 3351 istis

2214 3388 2765 3473 inferioribus,
2815 3391 3220 3483 quodlibet
3263 3393 3758 3466 individuum
3862 3448 3870 3457 .

2216 3497 2653 3590 participat
2709 3503 3086 3572 naturam
3147 3499 3467 3591 speciei,
3523 3506 3605 3575 et
3647 3506 3759 3573 ta-

2219 3625 2398 3676 men
2436 3606 2573 3677 illa
2623 3613 2919 3681 natura
2957 3611 3220 3699 potest
3251 3629 3428 3681 esse
3471 3609 3553 3680 in
3599 3630 3756 3680 uno

3850 3692 4055 3742 Natura

547 3733 760 3803 Deus
814 3749 973 3800 non
1024 3731 1298 3822 posset
1329 3749 1615 3802 creare
1674 3729 2095 3820 Angelum,

550 3850 723 3919 tum
757 3845 948 3937 quia
996 3845 1348 3936 Angelus
1389 3845 1525 3917 ille
1562 3844 2097 3938 participaret

550 3982 753 4043 esse,
805 3965 885 4034 et
932 3980 1076 4053 per
1125 3981 1623 4054 consequens
1673 3966 2097 4054 oporteret

553 4097 1184 4172 praesupponere
1223 4078 1546 4169 aliquid,
1585 4078 1713 4150 cui
1751 4079 2100 4170 applica-

554 4198 787 4267 retur
844 4219 999 4278 esse,
1069 4195 1276 4287 quod
1333 4200 1458 4269 est
1508 4198 1799 4268 contra
1850 4196 2099 4270 ratio·

550 4331 734 4383 nem
820 4310 1320 4392 creationis;
1373 4312 1549 4383 tum
1649 4310 1837 4401 quia
1921 4313 1945 4397 (
2007 4314 2097 4383 ut

550 4427 913 4501 declarat
1006 4426 1382 4519 probatio
1472 4426 1886 4519 majoris)
1955 4446 2099 4519 per

550 4540 743 4614 illud
864 4543 1554 4634 praesuppositum
1669 4546 2091 4635 oporteret

550 4658 1032 4750 productum
1095 4679 1275 4731 esse
1340 4662 1503 4740 Ιιοος
1551 4657 1684 4729 sed
1747 4678 1893 4751 per
1957 4678 2095 4730 eos

548 4775 905 4866 Angelus
963 4795 1125 4846 non
1186 4777 1454 4867 potest
1521 4794 1701 4847 esse
1756 4778 1888 4858 hic,
1954 4796 2098 4868 per

550 4890 850 4983 aliquid
921 4890 1637 4986 praesuppositum,
1704 4892 1893 4983 quia
1954 4912 2098 4984 per

550 5007 902 5079 formam
938 5029 1168 5086 suam
1199 5012 1324 5081 est
1360 5013 1681 5090 hic;non
1725 5028 1924 5100 ergo
1959 5028 2097 5101 po-

2217 3719 2617 3810 singulari
2696 3722 3010 3814 primus
3088 3723 3488 3796 terminus
3569 3743 3758 3815 pro·
3787 3758 3956 3826 potes}
3995 3769 4121 3826 pase

2209 3835 2612 3909 ductionis
2654 3840 2732 3909 et
2769 3838 2848 3910 in
2890 3838 3052 3911 alio
3088 3838 3492 3929 singulari
3544 3840 3758 3932 prin·
3787 3831 4108 3944 Ρξξὲῗξέἳῖῗ

2211 3951 2516 4043 cipium
2585 3954 3093 4045 producendi.
3159 3954 3240 4027 Si
3314 3957 3586 4027 autem
3650 3956 3755 4028 ibi

3787 3957 4123 4054 ettgrliiisi'nus

2213 4074 2898 4163 praesupponatur
2969 4073 3342 4152 materia,
3406 4071 3555 4147 hoc
3596 4094 3758 4147 non
3877 4066 4008 4132 ejus.

2211 4181 2336 4250 &St
2390 4181 2730 4269 propter
2787 4182 3173 4251 naturam
3229 4179 3454 4252 illam
3508 4182 3759 4274 parti-

2210 4293 2595 4385 cipatam,
2642 4294 2775 4365 sed
2810 4296 2998 4385 quia
3041 4293 3314 4368 forma
3364 4296 3532 4382 illa,
3579 4318 3753 4389 quae

2212 4415 2338 4484 est
2390 4431 2580 4503 pars
2640 4417 2958 4485 naturae
3028 4414 3576 4507 participatae,
3634 4419 3759 4488 cst

2211 4525 2480 4597 forma
2525 4527 2998 4600 materialis.

2648 4791 3262 4861 COMMENTARIUS
3274 4843 3289 4858 .

2289 5015 2381 5098 (k)
2455 5022 2693 5080 Contra
2763 5022 2954 5082 istam
3029 5023 3392 5098 opinionem
3463 5023 3768 5101 arquitur

550 5125 1023 5232 testmajor
1060 5139 1239 5199 esse
1288 5146 1487 5198 vera
1543 5128 1884 5218 propter
1913 5126 2091 5208 hoc,
2209 5137 2319 5211 sic,
2400 5141 2527 5199 etc.
2599 5136 2886 5200 Adducit
2955 5142 3274 5202 rationem
3364 5141 3439 5202 D.
3493 5141 3761 5204 Thomae
3818 5065 4093 5242 Effig-

551 5241 756 5332 quod
833 5246 1131 5315 natura
1213 5242 1354 5314 illa
1427 5243 2097 5316 communicanda
2214 5254 2266 5314 1.
2345 5270 2416 5329 p.
2469 5269 2529 5329 q.
2561 5254 2661 5315 45.
2712 5259 2840 5315 art.
2917 5257 2979 5316 5.
3036 5272 3202 5332 resp.
3284 5257 3374 5317 ad
3459 5257 3511 5321 1.
3620 5273 3766 5335 quae
3848 5259 4060 5369 3233

550 5355 1097 5462 participetur
1173 5381 1220 5432 a
1296 5361 1718 5452 producto,
1766 5360 1846 5433 Si
1895 5381 2094 5434 vero

548 5463 869 5537 dicatur
938 5467 1205 5559 major
1249 5488 1427 5542 esse
1475 5488 1696 5553 vera,
1756 5476 2095 5562 propter

548 5583 700 5664 hoc
746 5581 959 5691 ⁸quod
1017 5603 1265 5675 agens
1310 5586 1921 5658 communicans
1956 5606 2096 5658 na-

2206 5368 2370 5430 ratio
2430 5370 2496 5430 in
2552 5368 2676 5430 hoc
2749 5375 3070 5442 versatur,
3133 5371 3312 5451 quod
3366 5372 3762 5452 participans
3880 5393 4030 5430 nam.

2208 5486 2494 5565 aliquam
2580 5490 2905 5558 naturam,
3008 5504 3139 5549 non
3237 5489 3544 5567 producit
3644 5488 3763 5554 sibi

2207 5601 2418 5663 simile
2472 5600 2840 5663 secundum
2902 5599 3099 5678 illam,
3169 5603 3296 5665 nisi
3367 5603 3759 5682 applicando
