4287 6313
190 3763 470 3878 Οοιιὲἓιοῐι·

198 5527 309 5576 Alia
345 5544 452 5577 von·

1652 422 1928 486 Dls'r.1.
1977 421 2340 498 QUAES'rlo
2391 423 2490 485 VI.
2529 472 2532 475 ,

490 588 943 656 distinctivum
985 588 1255 656 seminis
1305 588 1610 667 Abrahae,
1666 598 1795 653 tam
1865 586 2041 672 rigo-

491 725 712 772 rosum
757 718 973 771 autem
1016 717 1417 793 praeceptum
1475 701 2040 791 comprehendens

490 819 771 886 infantes
809 832 954 887 octo
984 822 1267 903 dierum,
1317 840 1444 886 non
1491 819 1899 907 congruebat
1947 818 2043 884 di·

486 938 665 1004 vinae
694 937 1060 1005 clementiae
1093 937 1360 1018 inferre,
1399 936 1526 1003 nisi
1567 957 1649 1002 ex
1690 934 2042 1003 necessita-

490 1065 557 1119 te
598 1055 848 1120 fructus
896 1053 1258 1139 spiritualis
1325 1052 1615 1139 adJuncti
1677 1073 1758 1118 ex
1817 1051 2042 1117 divina

489 1170 926 1237 institutione.
995 1169 1239 1237 Deinde
1304 1168 1728 1236 circumcisio
1786 1168 2043 1234 valebat

489 1287 797 1354 omnibus
838 1287 1133 1374 parvulis
1164 1308 1247 1353 ex
1287 1286 1539 1352 semine
1587 1285 1891 1365 Abrahae,
1928 1285 2039 1352 sed

491 1405 680 1470 multi
711 1425 792 1470 ex
822 1403 926 1471 his
982 1403 1358 1470 defecerunt
1396 1423 1431 1467 a
1481 1402 1649 1482 fide3
1700 1422 1858 1489 ergo
1910 1421 2041 1468 non

494 1522 563 1589 in
603 1521 728 1590 fide
785 1534 1125 1611 parentum
1185 1520 1608 1588 circumcisio
1654 1519 1722 1585 in
1779 1518 1875 1585 eis
1904 1529 2043 1585 erat

490 1637 749 1704 efficax.

586 1754 849 1821 Accedit
887 1754 1059 1841 quod
1110 1753 1175 1819 in
1243 1752 1384 1839 ipsa
1450 1751 1597 1838 lege
1646 1749 1855 1836 Moysi
1916 1747 2040 1816 cir-

488 1870 936 1938 cumcidentes
968 1871 1272 1950 infantes,
1292 1890 1418 1934 non
1452 1888 1677 1934 omnes
1715 1866 2044 1934 habebant

492 1988 689 2054 fidem
733 1987 1103 2075 explicitam
1138 1984 1532 2064 Mediatoris,
1571 1995 1634 2050 et
1676 1982 1889 2049 valide
1918 1982 2041 2048 cir-

485 2104 981 2171 cumcidebatur
1053 2084 1295 2185 infanS,
1375 2123 1451 2168 eo
1520 2102 1662 2188 ipso
1720 2099 1892 2188 quod
1961 2099 2040 2165 ad

488 2222 799 2310 praecepti
858 2220 1302 2308 impletionem
1349 2218 1778 2287 Circumcisio
1818 2217 2036 2298 fiebat,

488 2339 742 2425 absque
772 2337 898 2404 alia
939 2337 1066 2403 fide
1096 2336 1425 2423 explicita.
1463 2336 1625 2401 Hinc
1682 2332 2040 2419 Gregorius

490 2455 609 2522 lib.
636 2454 702 2524 4.
729 2454 953 2520 Moral.
989 2475 1047 2521 c.
1084 2457 1148 2520 Ξ.
1192 2453 1381 2529 Quod
1412 2451 1595 2539 apud
1620 2471 1759 2531 noa,
1797 2449 2038 2537 inquit,

494 2572 669 2637 valet
711 2591 885 2656 aqua
920 2569 1271 2655 Baptismi,
1308 2570 1430 2633 hoc
1461 2568 1595 2654 eqit
1641 2565 1824 2652 apud
1873 2575 2042 2630 vele·

494 2707 626 2766 reS,
693 2686 796 2752 vel
849 2707 978 2771 pro
1028 2684 1337 2771 parvulis
1367 2684 1511 2749 sola
1566 2683 1752 2766 sides,
1791 2681 1894 2746 vel
1921 2701 2045 2767 pro

498 2802 865 2889 majoribus
929 2803 1143 2867 virtus
1180 2800 1523 2883 sacrificii,
1587 2800 1690 2865 vel
1734 2819 1859 2885 pro
1926 2798 2034 2877 iia,

495 2920 614 3007 qui
652 2918 734 2984 de
789 2918 1073 2984 ΑὸναΙιω
1107 2919 1318 3003 stirpe
1371 2917 1776 3002 prodierunt
1809 2927 2045 3000 myste-

495 3036 679 3100 rium
711 3034 1278 3113 CircumcisioniS,
1316 3044 1440 3099 etc.

587 3149 932 3239 Sequendo
964 3171 1122 3237 ergo
1164 3148 1524 3216 doctrinam
1583 3146 1932 3235 Augustini
1982 3158 2047 3213 et

495 3269 787 3346 Patrum,
850 3265 961 3352 qui
1020 3264 1316 3331 eamdem
1374 3275 1781 3349 receperunt,
1827 3261 2045 3349 sequi-

493 3392 603 3447 tur
634 3380 1208 3448 Circumcisionem
1253 3379 1561 3446 habuisse
1613 3382 1784 3444 hanc
1828 3377 2043 3444 effica-

492 3495 662 3561 ciam
703 3515 783 3560 ex
821 3494 1043 3560 divina
1074 3494 1510 3573 institutione,
1555 3514 1629 3559 ac
1660 3492 1935 3579 proinde
1968 3513 2043 3558 ex

492 3631 692 3698 opere
748 3620 1035 3697 operato.
1138 3609 1469 3676 Accedunt
1564 3607 2040 3695 congruentiae,

495 3727 670 3793 sicut
698 3747 1064 3812 congruum
1125 3738 1263 3792 erat
1319 3723 1640 3791 sacrificia
1707 3723 2044 3791 sensibilia

499 3846 697 3930 hujus
727 3844 892 3930 legis
931 3843 1350 3911 determinari
1403 3864 1517 3930 per
1551 3842 1755 3929 ipsam
1798 3842 2037 3929 legem,

490 3982 529 4027 a
569 3961 821 4028 fortiori
884 3961 1095 4048 magis
1133 3961 1367 4028 fuisset
1424 3980 1826 4046 congruum,
1884 3958 2041 4025 illud

492 4075 667 4163 quod
726 4086 862 4141 erat
940 4074 1297 4141 remedium
1376 4073 1623 4160 peccati
1672 4073 2034 4161 originaliS,

490 4203 782 4258 statuere
831 4191 896 4257 in
937 4191 1155 4278 aliquo
1186 4190 1511 4269 sensibili,
1549 4191 1701 4277 quia
1735 4210 1848 4276 per
1880 4188 2040 4255 illud

489 4308 830 4385 sensibile,
908 4306 1082 4395 quod
1142 4306 1540 4373 consistebat
1607 4307 1670 4372 in
1745 4306 2042 4372 Circum-

497 4425 770 4504 cisione‚
852 4435 989 4489 erat
1052 4423 1119 4488 in
1185 4423 1431 4490 Judaeis
1508 4424 2033 4501 fundamentum,

497 4553 561 4607 et
619 4541 805 4627 quasi
840 4541 1067 4626 janua,
1126 4549 1189 4605 et
1240 4539 1558 4622 professio
1616 4539 1807 4625 legis,
1847 4538 2042 4605 indu-

499 4677 658 4723 cens
697 4655 1161 4742 obligationem
1220 4657 1367 4742 ejus
1435 4654 1894 4735 observandae,
1964 4653 2042 4721 ad

498 4773 754 4840 Galatas
782 4773 849 4842 5.
909 4773 1248 4856 Testilicor
1276 4771 1540 4852 rursus,
1582 4772 1813 4860 inquit,
1861 4775 2045 4839 omni

503 4888 1009 4955 circumcidenti
1072 4910 1161 4966 se,
1245 4890 1558 4975 quoniam
1628 4888 1885 4954 debitor
1952 4899 2045 4954 est

502 5006 831 5071 universae
879 5006 1043 5091 leqis
1082 5005 1439 5089 sacicndoe‚
1488 5016 1611 5071 etc.
1659 5016 1722 5070 et
1789 5004 1868 5071 ad
1912 5008 2043 5071 Ro-

503 5142 734 5188 manos
781 5124 845 5186 3.
917 5119 1114 5186 dicit:
1207 5122 1497 5206 Eloquia
1559 5122 1707 5199 Dei,
1787 5119 1846 5185 id
1916 5131 2037 5199 est,

500 5239 742 5325 legem,
840 5237 1051 5320 fuisse
1142 5236 1400 5302 credita
1499 5236 2041 5301 Circumcisioni.

501 5354 767 5421 Accedit

593 5470 916 5554 Secundo,
978 5469 1145 5557 quod
1184 5468 1353 5535 sicut
1400 5469 1475 5535 ad
1527 5469 1882 5536 efficaciam
1930 5469 2048 5534 Sa-

201 5593 444 5656 grumum
504 5586 820 5656 eramenti
873 5606 1063 5652 novae
1123 5582 1288 5674 legis
1347 5603 1476 5649 non
1552 5584 1843 5674 exigitur
1888 5581 2049 5650 fides

3578 418 3688 481 201

2153 596 2217 651 et
2256 586 2566 653 sanctitas
2635 586 2944 670 ministri,
2998 585 3222 653 eadem
3273 581 3702 671 congruentia

2156 722 2236 768 ne
2277 701 2636 770 remedium
2681 703 2920 789 peccati
2972 701 3313 790 originalis
3371 711 3544 766 esset
3583 698 3700 765 du-

2156 820 2363 905 bium,
2414 833 2523 887 aut
2578 819 2645 885 in
2712 831 2963 887 certum
3024 821 3090 886 in
3141 821 3513 906 Synagoga,
3571 838 3702 884 non

2154 938 2425 1005 debebat
2458 937 2824 1025 dependere
2865 959 2901 1004 a
2940 936 3068 1004 fide
3101 937 3353 1003 interna
3387 934 3696 1013 ministri,

2155 1068 2267 1122 aut
2327 1067 2696 1142 parentum,
2757 1055 2837 1121 de
2895 1075 3023 1141 qua
3064 1075 3193 1120 non
3252 1052 3462 1142 potuit
3522 1053 3702 1140 judi-

2156 1194 2302 1239 care
2362 1172 2649 1239 Ecclesia
2716 1193 2828 1240 seu
2871 1176 3247 1259 Synagoga,
3295 1191 3508 1258 neque
3555 1166 3695 1236 effi-

2154 1288 2397 1355 caciam
2440 1286 2590 1353 inde
2622 1287 3033 1374 participare,
3081 1306 3293 1373 neque
3332 1285 3694 1353 remedium

2154 1425 2503 1472 commune
2561 1404 2927 1491 dependere
2996 1425 3032 1471 a
3074 1403 3200 1470 fide
3241 1404 3517 1489 privata,
3582 1403 3698 1470 sed

2157 1545 2240 1591 ex
2297 1522 2453 1590 solis
2493 1522 2744 1590 meritis
2799 1521 3066 1590 Christi.

2246 1641 2431 1707 Dices
2464 1640 2628 1706 forte
2659 1633 2885 1706 eodem
2920 1639 3134 1720 mod0‚
3179 1660 3309 1727 quo
3350 1639 3699 1707 Durandus
3829 1680 3900 1735 ¹0.
3991 1620 3998 1625 ⁹

2157 1757 2445 1846 loquitur
2483 1758 2562 1825 de
2622 1757 2909 1824 remedio
2965 1757 3132 1844 legis
3191 1769 3465 1836 naturae,
3524 1755 3695 1843 quod
3731 1746 4032 1811 Responsio.

2154 1875 2601 1957 Circumcisio‚
2649 1886 2718 1942 ut
2758 1875 2951 1941 habet
2991 1895 3311 1941 annexam
3345 1873 3537 1940 fidem
3579 1894 3698 1959 pu-

2157 1990 2389 2057 blicam
2448 1992 2779 2072 Ecclesiae,
2854 1990 3096 2057 virtute
3154 1991 3297 2076 ejus
3357 1988 3691 2055 habuisse.
3752 2025 4015 2090 Impugna-

2155 2103 2538 2173 efficaciam.
2585 2104 3185 2188 Contra,sacrificia
3216 2105 3407 2171 etiam
3453 2104 3699 2170 habue-
3834 2095 3939 2139 ‘⁰¹'-

2155 2238 2309 2291 runt
2356 2223 2649 2290 eamdem
2692 2221 2885 2290 fidem
2925 2242 3271 2308 annexam,
3319 2234 3535 2288 tamen
3568 2241 3699 2287 non

2156 2353 2453 2428 poterant
2492 2341 2849 2408 subvenire
2888 2342 3187 2427 parvu10,
3242 2352 3543 2426 respectu
3594 2361 3699 2407 cu-

2148 2460 2260 2545 jus
2290 2457 2714 2524 Circumcisio
2746 2457 2972 2523 habuit
3013 2456 3467 2525 necessitatem
3502 2455 3698 2522 medii

2157 2586 2300 2661 post
2347 2573 2519 2639 diem
2560 2585 2892 2654 octavum,
2941 2585 3008 2640 ut
3047 2584 3221 2660 patet
3263 2594 3344 2639 ex
3384 2571 3700 2659 Augusti-

2158 2712 2263 2771 n0,
2300 2703 2360 2757 et
2391 2712 2533 2777 cap.
2581 2693 2888 2779 Major-(³8,
2944 2690 3025 2757 de
3064 2691 3422 2778 Baptism0‚
3461 2702 3524 2755 et
3555 2689 3700 2756 aliis

2159 2809 2457 2876 Patribus
2532 2809 2789 2889 citatis3
2865 2830 3022 2896 ergo
3082 2807 3369 2875 efficacia
3435 2805 3693 2873 delendi

2155 2925 2499 3013 originalis
2558 2925 2802 3012 peccati
2891 2947 3018 2992 non
3079 2925 3203 2992 fuit
3242 2946 3323 2990 ex
3389 2923 3528 2989 sola
3566 2921 3692 2988 fide

2156 3042 2484 3121 Ecclesiae,
2550 3043 2660 3109 sed
2703 3064 2782 3109 ex
2842 3041 3251 3108 institutione
3301 3040 3511 3127 ipsius
3558 3039 3692 3105 Cir·
3720 3041 4045 3158 Cirfiggffiitsio

2153 3159 2596 3241 cumcisioniS‚
2632 3160 2803 3246 quod
2843 3174 2906 3226 et
2936 3159 3358 3225 comminatio
3396 3155 3692 3245 praemis·
3751 3170 4018 3220 messim·

2154 3298 2223 3343 sa
2264 3277 2345 3344 de
2409 3277 2701 3364 parvulis
2763 3277 3088 3343 intellecta
3155 3275 3438 3342 declarat
3479 3274 3689 3361 ipsam
3795 3240 3970 3348 uigffii.

2155 3392 2734 3459 Circumcisionem
2778 3391 3089 3459 habuisse
3127 3413 3208 3458 ex
3248 3389 3469 3456 divina
3512 3388 3698 3455 insti-

2160 3510 2408 3576 tutione
2450 3511 2898 3576 necessitatem
2944 3508 3163 3587 medii,
3199 3528 3274 3573 ac
3315 3505 3588 3594 proinde
3619 3527 3700 3571 ex

2155 3647 2350 3713 opere
2403 3639 2666 3713 operato
2725 3626 2975 3692 ratione
3040 3646 3179 3692 suae
3239 3621 3694 3708 institutionis,

2157 3756 2219 3810 et
2275 3743 2647 3809 continebat
2697 3742 2765 3808 in
2824 3763 2895 3808 se
2958 3741 3208 3806 ratione
3269 3739 3697 3806 institutionis

2157 3859 2348 3926 fidem
2409 3859 2675 3940 Christi,
2738 3871 2800 3926 et
2840 3879 3060 3946 opera,
3125 3879 3206 3925 ex
3258 3878 3536 3945 quorum
3590 3878 3698 3924 va·

2155 3978 2290 4044 lore
2350 3977 2775 4065 participabat
2839 3975 3218 4055 efficaciam,
3282 3985 3591 4061 tanquam
3660 3995 3697 4040 a

2154 4116 2350 4164 causa
2392 4095 2765 4174 meritoria3
2812 4114 2939 4160 non
2981 4114 3172 4160 secus
3212 4113 3286 4158 ac
3333 4092 3457 4158 alia
3491 4114 3698 4160 reme-

2154 4214 2260 4280 dia
2309 4213 2374 4278 in
2411 4207 2652 4279 virtute
2690 4211 3068 4278 eorumdem
3108 4232 3376 4298 operum
3409 4209 3694 4276 sortiun-

2155 4342 2262 4396 tur
2319 4328 2698 4410 efficaciam,
2760 4327 2932 4417 quod
2995 4327 3206 4415 magis
3263 4335 3696 4394 consentane-

2160 4468 2266 4513 um
2328 4459 2428 4514 est
2469 4446 2660 4513 dictis
2701 4435 3076 4533 Augustini,
3142 4465 3335 4532 quam
3396 4442 3568 4531 quod
3631 4443 3694 4506 in

2160 4562 2285 4631 fide
2328 4575 2695 4651 parentum,
2760 4573 2871 4629 aut
2930 4561 3237 4640 ministri,
3303 4560 3495 4626 fuerit
3554 4557 3699 4625 effi-

2151 4698 2299 4759 cax,
2385 4699 2534 4764 quae
2592 4697 2719 4742 non
2783 4674 2993 4763 potuit
3029 4675 3184 4741 dare
3233 4672 3694 4740 certitudinem

2157 4806 2221 4862 et
2294 4793 2819 4861 infallibilitatem
2895 4781 3438 4873 effectus‚'sicut'
3482 4811 3694 4878 neque

2160 4911 2290 4992 illa,
2359 4910 2597 4997 quibus
2639 4907 2923 4975 Ecclesia
2972 4910 3108 4996 Jam
3168 4907 3449 4995 applicat
3497 4907 3697 4974 fidem

2153 5040 2222 5094 et
2268 5017 2678 5096 sanctitatem
2747 5046 2958 5106 suam,
3005 5025 3247 5092 habent
3288 5023 3695 5092 infallibilem

2158 5146 2482 5224 effectum,
2545 5143 2715 5209 sicut
2761 5145 3174 5210 Sacramenta
3224 5143 3486 5208 habent.

2252 5260 2487 5348 Objicit
2534 5259 2965 5326 Bellarminus
3023 5266 3242 5326 contra
3293 5260 3460 5325 hanc
3517 5280 3700 5327 com-

2163 5397 2424 5443 munem
2468 5375 2861 5442 sententiam
2924 5374 3064 5440 loca
3129 5373 3333 5453 Pauli,
3396 5386 3460 5440 et
3516 5374 3702 5461 plura

2162 5490 2300 5557 loca
2358 5496 2643 5572 Patruun,
2711 5512 2858 5579 quae
2906 5490 3218 5557 videntur
3285 5509 3527 5576 negare
3564 5490 3699 5556 Cir-

2165 5608 2548 5676 cumcisioni
2598 5607 2952 5676 efficaciam
2999 5608 3191 5674 ullam
3227 5619 3523 5694 respectu
3556 5626 3699 5691 pcc-

3762 5193 4013 5260 objectio.
