4287 6313
1583 431 1776 494 DlS'r.
1823 429 1923 493 111.
1973 429 2335 505 QUAEs'rlo
2381 429 2455 491 11.

483 602 545 656 et
581 598 745 654 aliis.
781 598 885 653 Est
914 598 1119 653 contra
1153 597 1343 652 Saar.
1395 607 1586 664 supra
1617 608 1646 649 s
1694 591 1748 648 3.
1789 594 2039 648 Canum

481 699 537 754 6.
569 697 645 755 de
676 696 789 753 loc.
815 711 949 767 cap.
999 697 1053 752 8.
1088 694 1163 750 ad
1209 697 1267 752 7.
1307 699 1370 751 et
1424 692 1601 761 alios,
1662 695 1769 764 qui
1820 695 2041 762 putant

486 794 805 866 Apostolos
871 806 1195 866 nunquam
1251 792 1600 864 baptizasse
1658 791 1725 847 in
1788 791 2039 847 nomine

491 893 741 952 Christi.

579 1038 855 1113 Tertio
924 1039 1020 1130 (e)
1086 1039 1177 1110 de
1237 1036 1507 1110 forma
1572 1035 2040 1110 necessaria

263 1179 323 1230 7.
491 1173 589 1224 ex
650 1156 883 1244 parte
940 1151 1472 1232 sacramenti,
1520 1153 1767 1244 patet,
1833 1150 2039 1242 quod

490 1267 652 1342 ista
742 1288 905 1341 non
993 1268 1395 1342 est·talis
1466 1272 1854 1360 quantum
1943 1267 2039 1339 ad

489 1384 760 1457 omnia
809 1385 1080 1468 verba,
1123 1406 1222 1458 ex
1280 1384 1433 1459 hoc
1493 1385 1694 1478 quod
1735 1383 2036 1456 dictum

483 1504 632 1584 est,
690 1503 896 1595 quod
939 1502 1202 1576 Graeci
1239 1522 1432 1575 vere
1488 1499 2034 1593 baptizabant,

479 1639 641 1690 non
672 1621 948 1693 tamen
982 1617 1126 1690 sub
1167 1619 1441 1691 eadem
1484 1618 1773 1689 forma.
1811 1616 2033 1688 Unde

482 1735 1058 1808 advertendum
1101 1737 1250 1816 est,
1300 1734 1504 1825 quod
1549 1733 1628 1804 in
1673 1732 1832 1805 ista
1875 1730 2032 1804 for-

487 1872 619 1923 ma
678 1855 866 1925 sunt
906 1850 1155 1923 verba
1217 1849 1790 1943 principaliter
1858 1869 2039 1940 per--

485 1968 833 2043 tinentia
921 1969 1015 2041 ad
1110 1988 1330 2049 eam;
1405 1966 1676 2060 aliqua
1764 1971 2037 2041 autem

484 2105 648 2158 non
713 2082 1284 2178 principaliter
1352 2084 1788 2176 pertinent,
1855 2082 2040 2175 quia

490 2201 964 2294 exprimunt
1047 2200 1542 2282 ministrum,
1617 2205 1891 2272 actum
1960 2203 2039 2273 et

490 2316 1106 2410 suscipientem.
1232 2316 1702 2390 Ministrum
1823 2316 2038 2387 enim

491 2453 653 2505 non
728 2437 853 2508 est
925 2433 1412 2527 simpliciter
1487 2431 2038 2505 necessarium

182 2523 422 2656 Μ’ἓὲῗξθῗ
497 2551 767 2645 aliquo
829 2551 1078 2624 verbo
1147 2549 1497 2644 exprimi
1557 2571 1813 2642 neque
1856 2570 2042 2642 pro-

144 2662 455 2777 {affim-
496 2670 821 2742 nomine
941 2668 1523 2762 cujuscumque
1645 2687 2039 2761 personae,

176 2789 446 2902 aasssssmo
502 2786 689 2876 quia
773 2805 934 2857 non
1002 2788 1126 2858 est
1222 2784 1302 2857 in
1351 2783 1623 2857 verbis
1706 2784 2039 2869 Christi,

147 2902 318 2963 neeiy
353 2905 731 2971 effluant.
795 2905 1055 2972 ultimo,
1112 2900 1292 2974 Alia
1334 2905 1607 2975 autem
1665 2901 1844 2982 duo,
1894 2900 2046 2973 sci-

497 3017 691 3092 licet
749 3022 1020 3091 actum
1089 3021 1167 3090 et
1243 3017 1847 3109 suscipientem,
1911 3038 2045 3091 ne-

497 3132 947 3209 cessarium
1035 3138 1159 3210 est
1234 3133 1612 3229 exprimi,
1685 3134 1817 3208 sed
1885 3155 2046 3209 non

494 3252 1030 3326 determinate
1077 3252 1353 3325 eodeni
1406 3253 1639 3324 modo
1676 3273 1829 3344 quo
1864 3252 2045 3325 istis

493 3370 764 3443 verbis
797 3371 1398 3463 exprimuntur,
1455 3369 1765 3445 scilicet
1815 3373 2080 3449 actus*

502 3488 746 3560 verbo
835 3486 1250 3561 indicativi
1328 3487 1567 3569 modi,
1650 3489 1731 3560 et
1802 3487 2048 3560 susci-

503 3604 727 3696 piens
797 3604 1277 3696 pronomine
1346 3603 1710 3676 secundae
1774 3622 2049 3694 perso-

498 3741 655 3807 nae;
695 3723 826 3795 sed
859 3724 1126 3814 potest
1158 3722 1388 3793 actus
1421 3719 1770 3813 exprimi
1800 3720 2049 3793 verbo

505 3837 847 3911 alterius
893 3836 1130 3918 modi,
1173 3847 1251 3907 et
1298 3834 1756 3928 suscipiens
1800 3836 2048 3907 verbo

504 3954 845 4030 alterius
906 3973 1277 4047 personae
1352 3956 1438 4026 ut
1492 3952 1752 4028 Graeci
1793 3952 2052 4046 expri-

506 4073 758 4142 munt.
838 4068 1085 4141 Ratio
1169 4072 1441 4143 autem
1502 4068 2046 4153 necessitatiS,

180 4259 339 4308 Am
396 4257 450 4303 et
507 4184 711 4276 quod
773 4183 914 4256 illa
970 4183 1122 4256 duo
1204 4182 1318 4256 sic
1400 4184 1524 4256 vel
1604 4182 1720 4255 sic
1786 4182 2051 4274 expri-

167 4318 461 4391 suscipiens
507 4303 952 4382 merentur,
1011 4300 1370 4373 sumitur
1402 4321 1499 4372 ex
1552 4299 1690 4372 illo
1757 4297 2045 4372 Matth.

208 4396 434 4495 fif-⁰13¹?
507 4418 798 4490 ultimo
872 4443 886 4486 τ
958 4422 1393 4507 Βαρτίταηερε
1467 4442 1594 4495 eos,
1684 4419 1835 4491 etc.
1920 4416 2050 4487 ubi

500 4533 1002 4626 exprimitur
1070 4536 1303 4606 actus
1357 4537 1437 4606 et
1481 4531 1957 4623 suscipiens.

593 4651 708 4721 De
769 4648 1039 4722 verbis
1102 4650 1374 4720 autem
1431 4647 1520 4739 (f)
1581 4646 2053 4739 principali-

504 4761 649 4834 bus
710 4783 886 4856 quae
947 4768 1186 4836 sunt:
1228 4765 1300 4831 ln
1360 4767 1630 4830 nomine
1693 4766 1919 4830 Patris
1989 4775 2049 4829 ct

506 4883 674 4948 Filii
721 4895 781 4948 et
830 4885 1130 4969 Spiritus
1192 4882 1429 4960 sancti,
1506 4898 1607 4950 an
1671 4878 1830 4951 ista
1890 4878 2053 4952 Sint

507 4998 848 5089 praecise
921 4997 1415 5090 pertinentia
1484 4996 1577 5067 ad
1644 4995 2049 5068 formam?

508 5116 617 5187 Ad
659 5114 898 5206 hujus
931 5114 1434 5189 intellectum
1478 5114 2051 5186 advertendum

503 5237 653 5315 est,
719 5232 919 5324 quod
984 5231 1417 5304 secundum
1471 5230 2052 5323 Philosophum

178 5362 442 5474 T3¹¹33⁷·
501 5352 567 5423 5.
633 5351 901 5435 physic.
959 5347 1461 5441 quadruplex
1502 5352 1626 5420 est
1674 5346 2046 5429 mutatiO,

185 5462 439 5547 Qdaani-
507 5465 816 5539 scilicet
932 5465 1366 5538 secundum
1481 5464 2049 5547 substantiam,

142 5549 480 5675 „affiiiaua
509 5580 1014 5675 qualitatem,
1092 5580 1659 5672 quantitatem,
1735 5584 1814 5654 et
1892 5579 2048 5652 ubi.

3589 426 3698 486 291

2149 589 2276 662 Sic
2365 589 2799 662 secundum
2861 589 3018 661 ista
3078 587 3361 668 verba,
3428 590 3696 678 potest
3741 585 4050 703 {2¹0ssssssss

2146 705 2326 778 fieri
2391 706 2890 799 quadruplex
2940 703 3320 786 variatio,
3389 703 3698 777 scilicet
3798 720 3986 765 torum-

2148 823 2509 890 secundum
2546 825 3009 904 substantiam,
3054 821 3217 892 alia
3276 820 3524 893 verba
3567 841 3699 913 po·

2149 939 2404 1011 nendo
2470 958 2614 1032 pro
2660 939 2869 1020 istis,
2912 939 3040 1012 vel
3084 937 3300 1010 aliud
3364 938 3702 1011 verbum

2153 1073 2299 1145 pro
2363 1054 2565 1133 ist0;
2634 1056 2994 1122 secandum
3053 1058 3513 1142 quantitatem,
3558 1073 3694 1145 ap-

2153 1170 2540 1261 ponendo,
2617 1170 2743 1242 vel
2810 1169 3393 1250 subtrahendo,
3480 1174 3560 1243 et
3633 1169 3697 1242 si

2154 1287 2653 1378 apponendo,
2722 1287 2850 1359 vel
2920 1288 3501 1378 anteponendo,
3574 1288 3703 1359 vel

2154 1405 2729 1496 postponendo,
2837 1405 2964 1475 vel
3072 1404 3698 1496 interponendo;

2151 1520 2510 1586 secundnm
2585 1524 3002 1608 qualitatem,
3088 1518 3401 1594 Scilicet
3482 1519 3705 1591 aufe-

2157 1633 2401 1704 rendo
2462 1632 2818 1725 aliquam
2890 1634 3372 1725 requisitam
3433 1634 3704 1708 termi-

2155 1748 2567 1821 nationem
2666 1750 2761 1822 ad
2848 1770 3300 1842 congruam
3415 1750 3704 1824 locuti-

2158 1885 2425 1948 onem3
2488 1868 2846 1934 secundum
2889 1868 3026 1950 ubi,
3065 1867 3696 1959 transponenda

2246 1984 2344 2054 Et
2414 1982 2505 2054 de
2570 2002 3071 2075 quacumque
3133 1983 3484 2056 istarum
3571 2003 3702 2055 va-

2160 2096 2631 2177 riationum,
2703 2097 2906 2180 dioc,
2968 2097 3172 2190 quod
3243 2098 3309 2170 si
3370 2098 3702 2171 varians

2141 2212 2498 2292 ,intendit
2557 2212 2672 2285 uti
2732 2211 3027 2294 verbis,
3093 2213 3379 2306 quibus
3443 2214 3704 2288 utitur

2157 2331 2545 2421 tanquam
2581 2327 2848 2401 forma
2890 2328 3298 2411 Ecclesiae,
3338 2331 3700 2422 praecise,

2157 2464 2316 2515 non
2357 2444 2743 2536 baptizat,
2794 2445 2980 2538 quia
3038 2445 3301 2519 deficit
3384 2445 3533 2518 sibi
3594 2446 3706 2517 in-

2156 2560 2416 2633 tentio
2452 2561 2717 2633 utendi
2759 2561 3055 2644 verbis,
3095 2562 3379 2654 quibus
3414 2562 3701 2643 utitur,

2159 2680 2547 2768 tanquam
2582 2675 2849 2750 forma
2895 2678 3318 2760 Ecclesiae;
3369 2680 3705 2753 intendit

2159 2793 2374 2867 enim
2449 2793 2566 2867 uti
2646 2794 2810 2866 illis
2880 2795 3150 2868 verbis
3237 2795 3709 2889 aliqualiter

2104 3003 2109 3010 ο
2158 2899 2531 2991 variatis,
2605 2913 2996 3002 tanquam
3040 2910 3309 2985 forma
3359 2913 3705 3004 praecisa

2162 3026 2593 3118 Baptismi.

2252 3144 2691 3237 Supposito
2744 3163 2965 3236 ergo,
3038 3145 3243 3237 quod
3312 3166 3470 3219 non
3526 3145 3706 3219 defi·
3857 3172 3911 3222 s.

2164 3259 2327 3333 ciat
2386 3260 2755 3342 intentio,
2831 3281 3291 3352 quaeramus
3330 3283 3429 3334 ex
3471 3267 3707 3356 parte

2161 3377 2602 3449 verborum
2663 3378 2743 3449 in
2793 3399 2901 3461 se,
2949 3396 3123 3470 quae
3187 3378 3533 3453 istarum
3576 3399 3709 3452 va-

2165 3493 2610 3569 riationum
2642 3499 2911 3587 potest
2944 3499 3167 3569 stare
3200 3516 3382 3568 cum
3415 3496 3708 3581 forma,

2163 3615 2245 3684 et
2315 3631 2486 3704 quae
2553 3616 2765 3683 non?
2836 3613 2933 3683 Et
3004 3611 3158 3685 hoc
3225 3612 3316 3685 de
3368 3612 3711 3705 singulis

2170 3749 2312 3821 per
2350 3728 2737 3802 ordinem.

2254 3845 2369 3917 De
2437 3843 2705 3937 prima
2753 3842 2956 3926 dico,
3022 3846 3224 3937 quod
3284 3848 3551 3938 potest
3604 3845 3716 3918 in-

2167 3960 2426 4053 telligi
2493 3960 2951 4052 dupliciter,
3025 3962 3152 4033 vel
3233 3962 3438 4054 quod
3496 3961 3713 4034 aliud

2164 4076 2502 4148 verbum
2582 4076 3015 4149 secundum
3096 4076 3274 4169 quid
3364 4081 3716 4170 ponatur

2170 4192 2249 4263 in
2313 4192 2496 4266 loco
2584 4192 2931 4284 alicujus
3025 4192 3465 4265 verborum
3543 4193 3713 4265 illo-

2170 4329 2375 4391 rum,
2435 4313 2627 4401 puta
2688 4310 2850 4381 alia
2892 4330 3089 4388 vox,
3169 4314 3438 4382 tamen
3508 4309 3713 4382 idem

2169 4427 2251 4498 et
2366 4426 2511 4496 sub
2631 4426 2902 4497 eadem
2990 4425 3307 4498 ratione
3417 4425 3713 4517 signifi-

2168 4537 2574 4619 cans;‚vel
2645 4538 2858 4609 aliud
2915 4538 3251 4610 verbum
3331 4538 3712 4630 simplici-

2168 4657 2319 4732 ter,
2396 4651 2706 4723 scilicet
2768 4651 2930 4721 alia
2977 4671 3135 4722 vox
3196 4652 3412 4724 aliud
3476 4653 3713 4744 signi-

2168 4770 2496 4839 ficatum
2593 4766 2917 4837 habens.
3020 4767 3119 4838 Et
3207 4766 3274 4837 si
3371 4769 3711 4840 secundo

2175 4886 2434 4967 modo,
2499 4883 2753 4957 adhuc
2801 4882 3259 4976 dupliciter,
3334 4884 3520 4978 quia
3585 4886 3713 4957 vel

2172 5001 2366 5073 illud
2424 4998 2975 5091 significatum
3017 5004 3141 5073 est
3215 5001 3540 5073 omnino
3605 5001 3717 5073 di-

2174 5120 2598 5209 sparatum
2661 5136 2707 5189 a
2767 5116 3225 5208 significato
3267 5117 3520 5200 vocis,
3567 5137 3713 5211 pro

2172 5253 2329 5326 qua
2390 5233 2748 5325 ponitur,
2801 5237 2886 5306 ut
2939 5233 3005 5304 si
3063 5236 3505 5325 poneretur
3547 5237 3719 5323 lapis

2169 5350 2350 5422 loco
2402 5348 2669 5440 hujus,
2718 5348 2922 5440 quod
2972 5353 3098 5422 est
3133 5364 3373 5438 ρεπεν,-
3423 5349 3550 5422 vel
3591 5354 3714 5421 est

2172 5463 2717 5555 significatum
2802 5464 3287 5536 conveniens
3357 5463 3711 5543 omnino,

2168 5581 2470 5653 habens
2514 5580 2717 5652 idem
2762 5580 3267 5655 substratum
3313 5580 3392 5652 in
3435 5601 3548 5653 re.
3614 5583 3715 5654 Et
