4287 6313
1579 391 1776 461 DIS‘I'.
1829 399 1926 459 111.
1964 395 2326 473 QUAESTto
2388 394 2459 458 11.
2520 395 2529 400 ’

432 573 439 580 ·
569 558 664 623 Ex
706 558 948 645 quibus
1014 559 1261 640 verbiS,
1314 558 1340 645 (
1359 569 1431 625 ut
1478 579 1673 645 supra
1736 559 2023 626 ostendi-

482 691 655 756 muS,
704 672 768 738 in
803 675 1172 761 quaestione
1202 675 1433 742 ultima
1474 674 1903 762 praecedentis
1934 675 2026 740 di-

485 787 905 876 stinctionis)
960 790 1278 878 colligunt
1342 795 1648 857 Doctores
1713 795 2024 857 loannem

485 901 854 987 baptizasse
921 905 986 969 in
1057 905 1163 973 illa
1211 907 1442 974 forma.
1515 906 1628 973 1113
1711 917 2026 993 praeterea

479 1020 796 1105 particula
837 1022 1077 1108 inquo
1116 1022 1461 1110 baptizati,
1508 1034 1631 1091 etc.
1677 1023 1742 1089 in
1801 1025 2025 1090 Graeco

481 1137 859 1204 neutraliter
924 1137 1196 1224 ponitur
1229 1142 1312 1218 εἰς
1342 1168 1419 1221 τι,
1455 1129 1520 1205 id
1548 1152 1667 1218 est,
1704 1141 1780 1205 in
1809 1139 1970 1226 quid
1994 1141 2025 1205 ἴ)

479 1272 554 1318 30
595 1252 866 1339 proinde
909 1275 1034 1320 non
1090 1255 1290 1321 refert
1331 1277 1674 1343 personam
1743 1256 2026 1345 Spiritus

483 1369 715 1447 sancti,
762 1368 890 1435 sed·
936 1370 1153 1455 potius
1194 1372 1719 1450 Sacramentum,
1774 1372 1878 1437 vel
1915 1375 2027 1436 Ba-

484 1486 744 1571 ptisma,
809 1487 975 1554 sicut
1015 1502 1077 1554 et
1118 1489 1459 1574 responsio
1516 1490 2024 1567 accommodata,

489 1606 572 1681 εἷς
610 1610 677 1671 τὸ
711 1607 969 1702 Ιωάγνου
1005 1609 1329 1688 βάπτισμα,
1378 1603 1440 1670 id
1472 1616 1592 1686 est,
1629 1608 1704 1671 in
1752 1609 2030 1672 Ioannis

488 1722 860 1808 Baptisma.
907 1724 985 1787 Et
1023 1722 1172 1787 dato
1230 1722 1422 1788 etiam
1497 1722 1669 1810 quod
1730 1724 2028 1790 masculi-

487 1858 570 1902 ne
624 1849 999 1923 poneretur,
1048 1857 1175 1902 non
1220 1858 1481 1925 semper
1533 1837 1797 1905 denotat
1850 1839 2033 1905 inno-

486 1952 850 2031 vationem,
932 1952 1106 2018 sicut
1190 1973 1403 2040 neque
1471 1955 1615 2043 ejus
1689 1956 2031 2041 responsio

484 2068 802 2156 apposita,
868 2081 940 2135 ut
1010 2069 1241 2135 volunt
1287 2071 1701 2150 'adversarii3
1756 2083 1819 2136 et
1858 2083 2034 2157 patet

487 2184 755 2250 Ioannis
825 2184 1076 2273 primo:
1138 2188 1258 2252 Hie
1296 2199 1392 2253 est
1449 2190 1565 2274 qui
1607 2188 1900 2274 baptizat
1960 2191 2033 2253 in

487 2300 754 2386 Spiritu
836 2312 1091 2381 sanct0,
1167 2302 1279 2369 ubi
1356 2302 1701 2370 denotatur
1775 2304 2029 2370 fructus

489 2415 798 2501 Baptismi
850 2415 1091 2482 Christi
1156 2417 1646 2485 sanctificantis,

251 2562 330 2611 55
573 2530 895 2609 8001111110,
952 2532 1095 2598 haec
1143 2533 1590 2618 interpretatio
1635 2534 1890 2602 illorum
1940 2536 2034 2604 lo-

170 2625 439 2738 segia-da
483 2667 707 2714 corum
767 2648 1078 2714 fundatur
1145 2647 1591 2716 insufficienti
1650 2651 2033 2719 auctoritate

486 2766 744 2831 Patrum
787 2775 851 2830 et
888 2764 1461 2846 Scholasticorum‚
1508 2766 1619 2855 qui
1661 2767 1747 2833 ita
1787 2767 2031 2837 intelli-

482 2893 647 2967 gunt
680 2881 1024 2966 praedictas
1072 2882 1467 2968 Scripturas,
1512 2883 1761 2951 Citatur
1791 2905 1909 2971 pro
1957 2907 2032 2952 ea

476 2999 879 3066 Athanasius
934 3010 1106 3065 orat.
1151 3003 1215 3066 2.
1278 3010 1509 3065 contra
1557 3004 1866 3081 Arianos,
1923 3024 2029 3070 ar-

483 3136 695 3203 guens
724 3115 1146 3182 Divinitatem
1179 3114 1449 3196 Christi,
1521 3137 1602 3183 ex
1644 3117 1849 3184 forma
1917 3123 2030 3185 Ba-

486 3234 708 3321 ptismi
784 3233 1132 3312 ordinaria,
1197 3245 1257 3300 et
1324 3256 1623 3301 sermone
1706 3240 2026 3323 sequenti.

486 3352 734 3419 Citatur
779 3351 974 3419 etiam
1006 3352 1374 3440 Cyprianus
1404 3353 1676 3439 epistola
1706 3354 1784 3420 ad
1825 3355 2036 3432 Quiri-

488 3466 675 3546 tium,
722 3486 871 3554 quae
920 3467 1080 3532 nihil
1113 3467 1238 3534 tale
1275 3467 1586 3546 continet,
1634 3468 1748 3535 sed
1791 3469 1855 3535 in
1895 3471 2037 3557 epi-

489 3582 649 3649 stola
709 3583 789 3649 ad
834 3583 1223 3651 Jubaianum
1283 3596 1348 3651 et
1404 3585 1810 3672 Pompeium,
1882 3586 2037 3654 citat

490 3719 605 3786 pro
635 3700 755 3766 hac
784 3700 1102 3766 sententia
1133 3703 1534 3787 Stephanum
1567 3704 1804 3789 Papam
1838 3703 1903 3768 in
1936 3703 2037 3769 lit-

488 3814 647 3880 teris
677 3814 755 3880 ad
789 3835 860 3881 se
900 3815 1143 3895 missiS,
1181 3816 1351 3882 circa
1400 3818 1909 3883 controversiam
1959 3819 2039 3886 de

490 3930 962 4017 rebaptizandis
991 3930 1346 4008 haereticis,
1382 3932 1446 3996 in
1480 3953 1606 4019 qua
1637 3934 1883 4000 erravit
1912 3938 2036 4021 Cy-

491 4047 779 4133 prianus,
817 4050 889 4113 ln
930 4048 1140 4134 prima
1170 4048 1264 4114 sic
1296 4048 1518 4115 subdit
1559 4071 1573 4114 ε
1616 4051 1781 4116 Cum
1811 4051 2040 4118 eadem

489 4164 769 4247 epistola
798 4163 1394 4229 animadverterim
1433 4166 1636 4230 etiam
1679 4166 2042 4232 Marcionis

487 4281 644 4363 sieri
678 4281 1100 4358 mentionem,
1159 4290 1229 4345 ut
1260 4301 1379 4346 nec
1405 4281 1486 4346 ab
1524 4282 1669 4367 ipso
1709 4284 2042 4349 venientes

489 4396 670 4462 dicat
709 4395 1047 4481 baptizari
1075 4407 1399 4482 oportere,
1437 4397 1614 4483 quod
1633 4401 1782 4484 jam
1821 4400 1896 4464 in
1925 4421 2041 4465 no-

489 4512 672 4576 mine
697 4511 852 4576 Iesu
902 4510 1162 4576 Christi
1207 4511 1533 4597 baptizati
1588 4533 1723 4578 esse
1768 4514 2042 4580 videan-

490 4638 620 4704 tur,
656 4638 780 4692 etc.
838 4638 903 4692 et
947 4625 1013 4690 in
1065 4626 1336 4712 epistola
1388 4628 1688 4715 sequenti
1728 4651 1743 4694 ε
1792 4631 1931 4695 Cur
1969 4633 2044 4697 in

491 4753 753 4808 tantum
783 4743 1111 4828 Stephani
1139 4743 1386 4826 fratris
1424 4746 1640 4809 nostri
1689 4745 2044 4813 obstinatio

490 4856 666 4923 ἅτινα
711 4859 1023 4944 prorupit
1054 4860 1255 4923 etiam
1287 4859 1369 4924 de
1409 4860 1770 4947 Marcionis
1809 4864 2042 4950 Bapti-

489 4994 650 5051 sm0,
698 4983 820 5040 etc.
858 4983 921 5038 et
966 4972 1118 5040 illic:
1177 4974 1250 5038 ln
1279 4976 1548 5040 nomine
1595 4976 1747 5041 Iesu
1791 4978 2049 5043 Christi

493 5084 675 5150 dicat
705 5087 1164 5150 remissionem
1201 5098 1615 5170 peccatorum
1646 5088 1826 5168 dari,
1883 5100 2004 5156 etc.

153 5242 433 5305 Augusti·
581 5200 678 5267 Ad
743 5201 867 5267 hoc
942 5201 1134 5268 tacite
1203 5203 1550 5288 respondet
1633 5206 2046 5292 Augustinus

254 5322 367 5359 ¹⁴⁰³·
451 5318 611 5384 ·lib.
691 5321 756 5384 3.
821 5318 904 5383 de
959 5320 1304 5405 Baptismo
1334 5340 1479 5405 cap.
1547 5324 1653 5388 15.
1699 5323 2045 5389 Marcionis

499 5434 901 5522 Baptismum
973 5433 1177 5501 fuisse
1252 5436 1608 5503 validum:
1687 5442 1767 5504 Si
1832 5442 2048 5508 verbis

496 5550 899 5635 evanqelicis
953 5550 1028 5616 in
1078 5551 1347 5616 nomine
1381 5551 1613 5617 Patris
1672 5565 1734 5619 et
1782 5552 1951 5619 Filii
1987 5565 2047 5621 et

159 3497 415 3565 cyprian.

3574 387 3691 457 309

2135 560 2435 646 Spiritus
2472 562 2689 626 sancti
2724 561 2934 644 suerit
2973 555 3310 626 collatum.
3367 549 3686 626 Coete'rum

2136 696 2265 740 non
2300 676 2385 740 ita
2416 677 2781 761 Cyprianus
2812 676 3120 762 intelligit
3152 676 3581 761 Stephanum,
3620 684 3690 741 ut

2134 803 2311 877 patet
2377 792 2438 857 in
2510 793 2783 877 epistola
2858 794 2935 859 ad
3001 791 3415 869 Jubaianum,
3496 791 3688 879 quem

2138 906 2408 992 proinde
2440 907 2808 994 impugnat,
2846 907 3073 973 saltem
3107 907 3281 993 apud
3313 908 3550 973 Gentes
3583 910 3693 971 Ba-

2106 1024 2445 1111 ‚ptismum
2491 1044 2793 1090 asserens
2826 1044 2907 1089 ex
2940 1024 3270 1103 MatthaeO,
3315 1022 3456 1089 (ieri
3496 1021 3696 1089 debe-

2137 1161 2208 1206 re
2270 1141 2334 1206 in
2394 1141 2657 1206 nomine
2716 1140 2923 1228 Patris
2989 1152 3052 1205 et
3092 1139 3235 1204 Filii
3285 1152 3349 1205 et
3407 1139 3693 1225 Spiritus

2137 1257 2344 1325 sancti
2379 1283 2392 1325 ε
2437 1259 2666 1323 Docete
2703 1277 2926 1323 omnes
2970 1258 3226 1334 Gentes,
3273 1257 3695 1342 baptizantes

2138 1395 2245 1439 eos
2282 1375 2357 1439 in
2388 1374 2656 1438 nomine
2694 1373 2941 1452 Patris,
2981 1384 3104 1438 etc.
3157 1384 3221 1438 et
3252 1371 3493 1438 ibidem
3536 1392 3690 1457 sup·

2139 1489 2322 1575 ponit
2388 1489 2559 1576 apud
2616 1489 2962 1556 haereticos
3022 1489 3422 1575 Baptismum
3467 1488 3689 1555 datum

2140 1606 2345 1673 fuisse
2380 1605 2444 1671 in
2487 1605 2751 1672 nomine
2782 1605 3039 1671 Domini
3074 1610 3223 1673 Jesu
3260 1629 3274 1674 :
3328 1605 3688 1682 QuomodO,

2140 1722 2378 1809 inquit,
2433 1744 2567 1789 non
2596 1724 2880 1808 coqnitO,
2930 1723 3047 1788 secl
3077 1724 3528 1810 blasphemato
3561 1724 3695 1787 Deo

2137 1841 2365 1919 Patre,
2406 1842 2522 1925 qui
2549 1838 2734 1926 apud
2764 1841 3113 1914 haereticos
3143 1839 3399 1904 Christi
3427 1840 3698 1904 nomine

2141 1956 2474 2040 baptizati
2522 1956 2841 2021 dicuntur
2892 1965 3313 2041 peccatorum
3353 1956 3698 2020 remissam

2141 2073 2471 2138 consecuti
2517 2070 2971 2158 judicantur?
3003 2081 3066 2137 et
3120 2071 3332 2157 magis
3389 2092 3700 2159 expresse

2145 2188 2420 2254 inferius
2463 2210 2479 2254 ε
2533 2186 2871 2263 Quomodo
2910 2208 3086 2274 er90,
3138 2187 3372 2275 inquit,
3424 2188 3696 2275 quidam

2143 2305 2400 2382 dicunt,
2439 2314 2561 2370 etc.
2599 2303 2793 2369 modo
2824 2286 2899 2369 in
2948 2304 3217 2369 nomine
3254 2305 3406 2382 lesu
3442 2304 3699 2369 Christi

2145 2424 2536 2508 ubicumque
2593 2433 2653 2488 et
2721 2422 3319 2509 quomodocumque
3373 2422 3697 2488 Gentilem

2143 2540 2551 2624 baptizatum
2585 2539 3047 2603 remissionem
3071 2549 3488 2623 peccatorum
3538 2559 3694 2605 con-

2141 2656 2329 2740 sequi
2363 2675 2572 2741 posse,
2612 2653 2879 2740 quando
2920 2655 3061 2740 ipse
3114 2654 3418 2719 Christus
3460 2653 3696 2720 Gentes

2143 2770 2481 2856 baptizari
2500 2770 2732 2857 jubeat
2763 2770 2838 2834 in
2872 2770 3073 2855 plena
3106 2784 3166 2834 et
3196 2768 3497 2835 adunata
3544 2769 3692 2835 Tri·

2140 2884 2408 2950 nitate?
3142 2887 3145 2890 ’

2234 3005 2416 3067 Hunc
2480 2999 2693 3066 locum
2736 2997 2935 3065 citant
3011 3011 3307 3065 auctores
3374 2998 3695 3085 oppositae

2141 3117 2510 3194 sententiae,
2566 3115 2680 3182 sed
2723 3115 2884 3182 mihi
2932 3118 3252 3181 incertum
3305 3126 3427 3195 est,
3485 3114 3539 3182 si
3567 3113 3695 3182 illis

2115 3212 2361 3301 ‘faveat
2390 3232 2779 3319 CyprianuS,
2817 3231 2927 3318 qui
2971 3231 3231 3298 videtur
3260 3232 3383 3297 1130
3413 3231 3478 3296 111
3520 3253 3699 3318 quae·

2145 3351 2358 3417 stione
2385 3350 2728 3425 obscurus,
2764 3359 2827 3413 et
2856 3346 3244 3433 impugnare
3275 3348 3705 3433 Stephanum,

2148 3486 2222 3533 ea
2256 3466 2504 3531 ratione
2544 3478 2822 3543 tantum,
2869 3484 2998 3551 qua
3028 3464 3199 3549 apud
3251 3466 3487 3531 Gentes
3526 3463 3702 3530 illam

2148 3584 2422 3650 formam
2484 3583 2702 3649 valere
2753 3580 2947 3659 dicat,
2995 3600 3122 3647 non
3168 3602 3324 3647 vero
3374 3582 3543 3668 apud
3587 3586 3706 3649 Ju-

2149 3700 2367 3777 daeos;
2424 3719 2572 3765 nam
2646 3711 2988 3786 postquam
3044 3699 3214 3784 apud
3255 3694 3707 3765 Marcionistas
3790 3681 3797 3688 ¹

2152 3828 2348 3902 negat
2411 3835 2558 3881 esse
2623 3833 2854 3878 verum
2939 3813 3286 3898 Baptisma,
3368 3811 3520 3899 quia
3576 3832 3703 3878 non

2153 3932 2273 3999 fuit
2310 3930 2483 4015 apud
2515 3951 2627 3996 eos
2655 3949 2810 3996 vera
2850 3928 3011 3995 fides
3051 3928 3131 3994 de
3159 3931 3370 4006 Patre,
3407 3938 3519 3994 aut
3557 3928 3703 3995 aliis

2155 4046 2476 4134 personis,
2544 4046 2827 4112 maxime
2892 4045 3061 4111 circa
3123 4044 3597 4112 humanitatem
3640 4058 3705 4111 et

2151 4182 2497 4249 personam
2556 4160 2820 4238 Christi,
2885 4159 3140 4246 aliaque
3198 4159 3506 4246 mysteria
3583 4164 3702 4226 Re·

2154 4277 2572 4364 demptioniS,
2638 4276 2703 4341 in
2772 4276 3011 4362 quibus
3050 4296 3286 4372 scopus
3346 4275 3704 4342 dissertati-

2154 4395 2298 4461 onis
2340 4405 2664 4470 versatur,
2711 4391 3040 4458 concludit
3072 4391 3136 4456 in
3169 4393 3346 4457 hunc
3388 4391 3654 4458 modum
3682 4417 3717 4475 εἱ

2159 4511 2326 4575 Cum
2355 4530 2510 4596 erqo
2548 4529 2632 4573 eoe
2677 4509 2888 4593 ipsius
2933 4508 3191 4572 Christi
3226 4506 3707 4592 praedicatione

2155 4637 2216 4691 et
2254 4627 2727 4691 contestatione
2776 4624 2981 4689 Pater
3018 4634 3173 4688 ante
3219 4624 3709 4709 coqnoscendus

2155 4746 2263 4822 sit,
2303 4743 2418 4828 qui
2458 4741 2661 4819 misit,
2711 4751 2865 4805 tunc
2903 4738 3149 4804 deinde
3219 4740 3544 4818 Christus,
3591 4742 3709 4825 qui

2156 4860 2393 4924 missus
2424 4867 2537 4935 est,
2576 4876 2693 4921 nec
2710 4857 2919 4942 possit
2940 4875 3074 4920 esse
3100 4875 3246 4939 spes
3274 4855 3534 4933 salutis,
3572 4857 3711 4920 nisi

2158 4975 2409 5041 duobus
2453 4973 2654 5037 simul
2694 4973 3013 5056 coynitis,·
3081 4971 3404 5056 quomodo
3437 4991 3571 5036 non
3604 4993 3706 5036 co-

2158 5092 2367 5178 ynito,
2405 5092 2539 5154 imo
2579 5099 2639 5153 et
2679 5088 3125 5173 blasphemato
3157 5088 3291 5151 Deo
3333 5088 3552 5163 Patre,
3591 5091 3708 5175 qui

2159 5207 2342 5293 apud
2371 5207 2732 5281 haereticos,
2792 5206 3047 5270 Christi
3076 5206 3345 5269 nomine
3383 5205 3706 5290 baptizati

2160 5326 2502 5405 dicuntur,
2544 5332 2959 5408 peccatorum
3004 5323 3349 5387 remissam
3379 5325 3705 5387 consecuti

2149 5438 2604 5527 judicantur?
2680 5452 2742 5504 et
2816 5438 3043 5502 statim·
3102 5457 3453 5502 occurrens
3491 5438 3703 5503 tacitae

2160 5556 2539 5645 objectioni,
2583 5575 2696 5621 seu
2732 5555 3154 5621 fundamento
3202 5552 3536 5640 Stephani,
3574 5573 3703 5639 quo

3836 2995 3920 3046 56.
