4287 6313
1677 377 1873 442 Dls'r.
1919 379 1997 440 11.
2032 376 2392 456 QUAESTIO
2437 381 2511 443 ΙΙ.

3642 381 3763 444 265

535 526 640 601 ibi
681 528 941 604 locum
999 536 1236 612 habet
1281 539 1496 623 illud,
1540 542 1714 632 qnod
1760 546 2071 609 omissum
2181 561 2280 619 rc,
2329 551 2453 606 etc.
2500 547 2889 609 Athanasius
2939 553 3161 626 quaest.
3224 548 3366 610 134.
3410 551 3741 625 Baptisma
3796 571 4049 624 Athana-s.

533 661 645 727 est,
681 663 773 718 est
800 655 1266 742 supplendum.

622 767 766 838 Sed
813 768 889 839 in
953 775 1376 866 proposito
1436 796 1621 862 non,
1679 776 1867 868 quia
1934 777 2068 848 ab·

533 881 735 954 lutio
804 885 1142 962 Joannis
1237 892 1437 964 nihil
1537 898 1717 968 erat
1790 898 2074 966 Sacra-

534 1001 782 1074 menti
823 1003 1258 1098 Baptismi;
1305 1009 1475 1082 ideo
1518 1031 1678 1082 non
1734 1011 1977 1084 valet.

952 1263 1615 1332 COMMENTARIUS.

313 1509 370 1563 ¹·
616 1512 700 1594 (a)
741 1517 1109 1591 Respondeo
1150 1521 1355 1593 potest
1408 1517 1680 1597 intelliyi
1738 1520 2079 1595 dupliciter

529 1636 847 1695 Ioannem
885 1635 1264 1712 baptizasse,
1318 1642 1442 1698 etc.
1495 1637 1607 1697 llic
1655 1637 1789 1718 agit
1834 1639 2079 1699 Doctor

532 1746 615 1808 de
645 1747 972 1825 Baptismo
1000 1751 1267 1810 ,loannis
1296 1752 1659 1827 respective
1705 1750 1790 1813 ad
1824 1753 2078 1813 titulum

525 1855 860 1935 praefixum
888 1873 971 1918 ex
1010 1858 1353 1936 principali
1401 1860 1736 1928 instituto:
1786 1860 2080 1924 inciden-

524 1980 622 2035 ter
677 1979 901 2035 autem
949 1975 1134 2051 plura
1192 1975 1479 2037 breviter
1534 1975 1714 2048 dicit,
1784 1994 1930 2056 quae
1984 1977 2069 2040 ad

517 2090 914 2170 quaestiones
945 2091 1238 2153 diversas
1270 2097 1336 2152 et
1370 2093 1588 2155 titulos
1618 2101 2016 2157 revocantur
2043 2111 2081 2156 a

520 2207 930 2269 Doctoribus.
969 2208 1244 2282 Quaestio
1279 2225 1439 2288 ergo
1472 2214 1573 2270 est
1606 2228 1620 2269 ε
1653 2214 1745 2270 An
1789 2211 2080 2286 baptiza-

524 2329 625 2384 tus
667 2327 995 2400 Baptismo
1041 2327 1310 2386 Ioannis
1355 2327 1681 2389 tenebatur
1731 2329 1820 2389 ad
1868 2328 2080 2403 Bapti-

532 2457 741 2503 smum
777 2441 1063 2506 Christi?
1092 2441 1283 2517 Quod
1327 2442 1587 2504 duobus
1636 2443 1851 2506 modis
1899 2444 2086 2505 intel-

536 2557 652 2637 ligi
710 2561 953 2634 potest,
1014 2574 1256 2636 nempe
1314 2560 1365 2620 si
1420 2559 1656 2638 aliquis
1723 2561 2091 2638 baptizatus

540 2671 736 2735 fuerit
764 2689 801 2733 a
828 2676 1079 2737 Joanne
1110 2675 1176 2736 in
1219 2674 1425 2737 forma
1475 2677 1784 2755 Baptismi
1836 2676 2090 2751 Christi,

544 2788 611 2851 id
644 2794 768 2863 est,
798 2791 865 2851 in
895 2792 1163 2854 nomine
1193 2792 1543 2867 TrinitatiS,
1577 2810 1774 2871 quam
1814 2792 2095 2862 formam

554 2907 810 2971 discere
843 2911 1056 2985 potuit
1086 2927 1122 2970 a
1154 2909 1483 2987 discipulis
1531 2909 1783 2983 Christi,
1827 2928 1905 2973 eo
1941 2928 2098 2975 casu

545 3021 652 3086 ille
694 3026 1066 3101 Baptismus
1109 3025 1202 3086 sic
1253 3023 1443 3086 datus
1487 3042 1618 3090 non
1668 3035 1847 3091 esset
1886 3030 2097 3105 Bapti-

546 3155 724 3202 smus
770 3140 1038 3204 Joannis
1084 3140 1305 3222 (cuius
1351 3159 1573 3221 neque
1622 3127 2101 3224 promulgator,

550 3273 772 3336 neque
843 3259 1171 3321 institutor
1248 3256 1395 3339 fuit)
1478 3262 1646 3322 sicut
1716 3277 1934 3340 neque
2007 3270 2108 3326 est

553 3374 722 3438 Petri
753 3375 854 3436 vel
891 3375 1098 3447 Pauli,
1132 3375 1236 3436 vel
1277 3374 1543 3438 alterius
1592 3377 1890 3450 ministri,
1932 3378 1983 3438 l.
2020 3380 2109 3439 ad

179 3498 478 3575 Explioatio
563 3492 843 3552 Corinth.
900 3495 949 3552 l.
1005 3492 1116 3552 llic
1163 3496 1384 3555 autem
1434 3508 1624 3552 casus
1681 3508 1812 3554 non
1874 3500 1973 3556 est
2021 3492 2106 3554 ad

192 3572 519 3631 qummm'
555 3621 832 3682 scopum
902 3605 1294 3685 quaestioniS,
1369 3606 1522 3684 quia
1601 3607 1711 3667 ille
1781 3609 2109 3686 reciperet

555 3723 959 3800 Baptismum
1005 3721 1260 3797 Christi,
1314 3724 1425 3800 qui
1475 3739 1608 3784 non
1640 3727 1733 3784 est
1767 3725 2103 3787 iterabiliS.

336 3861 392 3913 ι,
639 3838 943 3901 Secundo
978 3838 1172 3900 modo
1213 3841 1595 3919 intelligitur
1644 3840 1726 3903 de
1775 3844 2102 3919 Baptisino

256 3922 488 4033 Ξῖἓξῖζ,
555 3956 845 4028 Joannis,
899 3972 1027 4034 quo
1073 3959 1215 4032 ipse
1258 3956 1586 4032 utebatur,
1629 3958 1733 4018 vel
1786 3960 1851 4019 in
1900 3960 2105 4023 forma

200 4045 522 4161 Ἷέζξὲᾗζξξξ·
560 4075 848 4155 propria,
906 4074 1156 4138 scilicet
1211 4075 1278 4136 in
1338 4079 1600 4139 nomine
1655 4079 1932 4151 venturi,
2003 4081 2105 4141 vel

203 4170 527 4222 affirmativa.
558 4194 701 4254 sine
731 4192 863 4254 ulla
893 4191 1123 4254 forma.
1157 4191 1256 4253 Ad
1289 4194 1715 4271 quaestionem
1747 4195 1871 4256 hoc
1903 4196 2103 4258 modo

554 4309 985 4382 intellectam,
1041 4306 1405 4385 respondet
1473 4306 1872 4382 affirmative,
1947 4325 2104 4386 pro-

553 4430 703 4502 pter
760 4427 1156 4500 praeceptum
1214 4423 1554 4501 generale,
1630 4423 1808 4500 quod
1860 4438 2102 4500 praece-

554 4545 740 4619 ptum
798 4537 919 4601 fuit
973 4538 1383 4606 rationabile,
1438 4545 1575 4601 tum
1622 4545 1694 4600 ut
1738 4540 2108 4616 baptizatus

551 4659 742 4723 fieret
770 4655 1141 4718 membrum
1173 4655 1514 4723 Ecclesiae:
1546 4660 1708 4730 tum,
1746 4658 1898 4735 quia
1939 4658 2110 4718 reci-

555 4774 741 4853 piens
767 4771 1156 4835 medicinam
1185 4772 1673 4849 praeparativam
1717 4777 1784 4834 et
1829 4771 2102 4852 disposi-

557 4893 777 4962 tivam,
824 4904 1184 4967 congruum
1227 4892 1368 4951 erat
1407 4895 1479 4949 ut
1510 4889 1840 4966 reciperet
1870 4907 2111 4969 purga-

557 5006 794 5078 tivam;
848 5006 1211 5082 Baptismus
1255 5006 1519 5067 Joannis
1564 5003 1688 5067 fuit
1732 5008 2110 5083 praeparati-

559 5136 697 5196 vuS,
730 5129 799 5184 et
825 5127 898 5184 ut
928 5121 1262 5198 dispositio
1290 5121 1374 5183 ad
1411 5123 1807 5198 Baptismum
1854 5122 2108 5188 Christi.

563 5239 886 5319 Origenes
917 5243 1088 5297 tomo
1119 5238 1175 5297 8.
1210 5238 1275 5298 in
1302 5239 1623 5299 Joannem
1677 5255 1691 5297 :
1751 5242 1820 5300 Ut
1854 5256 2112 5317 praepa-

565 5373 729 5429 rem,
787 5356 1021 5436 inquit,
1079 5355 1279 5416 vetuti
1330 5353 1646 5431 populum
1704 5355 2110 5434 instructum,

567 5495 681 5556 eqo
735 5479 902 5551 veni,
958 5480 1013 5537 et
1071 5477 1160 5537 ad
1205 5474 1716 5551 praeparandum
1761 5474 1975 5538 locum
2018 5493 2118 5538 re-

569 5596 939 5673 sipiscentiae
958 5609 1082 5673 per
1114 5592 1513 5670 Baptismnm
1541 5595 1687 5670 post
1743 5608 1845 5653 me
1891 5597 2116 5655 ventu-

228 5308 514 5373 Origenes.

3802 634 4017 683 Basilius
4028 673 4039 685 .

2180 665 2443 722 Joanm's
2476 665 3021 724 introductoriam
3068 663 3400 741 appellat;
3462 662 3737 724 Basilius
3770 696 3952 760 cyrill.
3970 698 4087 747 Ate·

2186 776 2633 839 exhortatione
2665 779 2747 841 ad
2789 779 3211 856 Baptismum,
3261 780 3695 841 initiatorium
3718 807 3739 860 ‚·
3779 760 4081 811 maurinus.

3815 822 4057 876 Damaso.

2187 893 2465 973 cyrillus
2494 895 2973 958 Alexandrinus
3021 896 3133 958 lib.
3199 899 3248 957 1.
3305 897 3368 957 in
3415 898 3742 957 Joannem
3805 884 4051 951 cyprian.

2186 1027 2326 1087 cap.
2362 1011 2462 1073 26.
2503 1015 3037 1089 praeparativum,
3099 1018 3163 1074 et
3207 1014 3317 1076 lib.
3363 1015 3422 1074 2.
3459 1030 3599 1093 cap.
3638 1016 3739 1074 57.

2183 1128 2751 1201 introductoriam,
2802 1131 2969 1191 sicut
3015 1135 3082 1191 et
3133 1131 3578 1191 Damascenus
3629 1130 3741 1195 lib.

2187 1246 2246 1305 4.
2282 1241 2436 1304 fidei
2466 1243 2862 1317 orthodoxae,
2898 1246 3352 1318 rudimentum,
3387 1251 3512 1307 etc.
3548 1229 3753 1308 Beni-¹

2190 1375 2320 1439 que
2401 1359 2763 1440 Cyprianus
2835 1359 2919 1422 de
2989 1362 3316 1439 Baptismo
3370 1360 3626 1435 Christi,
3686 1368 3752 1422 et

2187 1475 2713 1538 manifestatione
2800 1476 3125 1537 Trinitatis

2185 1595 2363 1653 viam
2431 1594 2702 1653 Domino
2754 1594 3030 1654 Joannes
3103 1592 3389 1654 lavando
3461 1595 3749 1653 exterius

2190 1725 2489 1787 corpora,
2526 1715 2593 1768 ut
2619 1711 3003 1784 praecederet
3034 1711 3321 1770 exterius
3366 1709 3739 1776 lavacrum,

2193 1815 2563 1888 secuturum
2626 1828 2959 1900 Baptisma
3032 1828 3098 1886 in
3156 1842 3280 1902 qno
3336 1827 3748 1900 conferretur

2197 1944 2573 2003 animarum
2603 1942 2871 2017 ablutio,
2905 1946 2961 2002 et
2982 1948 3397 2017 peccatorum
3427 1946 3740 2014 remissie,

2199 2064 2324 2119 etc.
2359 2060 2761 2137 Augustinus
2793 2058 2857 2117 in
2888 2056 3256 2120 Enchiridio
3292 2073 3432 2134 cap.
3470 2058 3568 2118 49.
3604 2061 3746 2120 Non
3790 2047 4067 2114 Angustia.

2197 2177 2698 2237 renascebantur
2729 2177 2843 2252 qui
2880 2177 3275 2252 Baptismatc
3315 2179 3582 2238 Ioannis
3626 2179 3743 2237 ba-

2191 2293 2634 2369 ptizabantur,
2669 2295 2795 2352 etc.
2842 2292 2955 2351 scd
2990 2294 3277 2368 quodam
3315 2294 3749 2368 praecursorio

2200 2407 2381 2468 iltius
2408 2407 2789 2483 ministerio,
2827 2410 2942 2484 qui
2969 2408 3218 2468 dicebat
3263 2426 3276 2467 :
3304 2410 3546 2469 Parate
3574 2411 3751 2469 viam

2205 2524 2466 2587 Domini
2478 2543 2494 2597 3
2526 2525 2677 2585 huic
2719 2526 2851 2593 uni,
2894 2527 2959 2584 in
3004 2540 3129 2600 quo
3170 2524 3305 2585 solo
3339 2527 3591 2585 renasci
3629 2542 3746 2600 po·

2206 2646 2437 2715 terant,
2478 2641 2916 2717 parabantur,
2968 2646 3091 2702 etc.

3217 1495 3229 1535 :
3319 1477 3750 1554 Praeparabat

2292 2757 2643 2837 Gregorius
2691 2758 2965 2836 Magnus
3023 2759 3192 2819 hom.
3268 2758 3327 2818 7.
3387 2760 3454 2819 in
3512 2762 3750 2835 Evanq.
3865 2787 4075 2850 Gregor.

2212 2875 2388 2938 idem
2442 2874 2661 2946 docet,
2711 2878 2776 2935 et
2820 2874 2947 2948 alii,
2998 2873 3274 2951 proinde
3304 2880 3485 2935 recte
3520 2876 3760 2935 Doctor

2215 2991 2538 3073 significat
2593 3005 2779 3051 usum
2841 2991 3153 3067 Baptismi
3215 2993 3480 3053 ¹Ioannis
3527 2992 3588 3051 in
3633 2992 3760 3053 hoc

2218 3112 2357 3173 solo
2400 3107 2625 3182 fuisse,
2676 3113 2747 3170 ut
2794 3106 3174 3187 disponeret
3214 3106 3294 3168 ad
3355 3109 3762 3187 Baptismum

2219 3230 2470 3297 Christi,
2532 3232 2668 3288 tum
2718 3224 3140 3289 exercitando
3195 3242 3315 3302 per
3358 3223 3765 3285 ablutionem

2219 3370 2404 3433 aquae
2459 3357 2822 3423 externam,
2885 3355 3020 3410 turn
3081 3352 3273 3411 etiam
3344 3347 3760 3427 praedicando

2219 3471 2418 3533 fidem
2451 3473 2516 3529 et
2547 3466 2991 3545 poenitentiam
3022 3470 3471 3541 peccatorum,
3517 3481 3759 3542 appro-

2219 3588 2579 3664 pinquante
2612 3600 2818 3661 regno
2854 3582 3193 3649 coelorum,
3243 3584 3309 3641 et
3339 3580 3548 3659 gratia
3581 3597 3763 3643 novae

2218 3705 2422 3782 legis;
2472 3700 2737 3779 subjicit
2792 3715 2946 3759 mox
2998 3698 3397 3760 sententiam
3448 3699 3760 3777 Magistri,

2221 3836 2500 3898 eamque
2570 3818 2935 3896 impugnat.
3000 3817 3105 3877 llis
3150 3815 3380 3891 positis
3440 3806 3763 3893 quantum

2220 3935 2303 3998 ad
2346 3934 2773 3996 summarium
2806 3938 2870 3993 et
2901 3932 3315 4006 divisionem,
3352 3930 3765 3995 difficultates

2220 4058 2286 4114 et
2330 4049 2805 4113 controversias
2852 4048 3139 4111 breviter
3166 4048 3609 4128 perstringam
3639 4064 3759 4108 suo

2218 4170 2466 4241 ordine,
2522 4163 2921 4228 resumendo
2967 4164 3264 4225 membra
3310 4166 3513 4241 ipsius
3558 4180 3763 4244 quaes-

2221 4284 2410 4347 tionis
2444 4282 2639 4361 Juxta
2673 4284 3066 4343 consuetum
3097 4279 3359 4359 stylum.

2299 4419 2408 4480 Hic
2451 4416 2767 4495 supponit
2820 4416 3062 4477 Doctor
3103 4414 3483 4491 opinionem
3541 4414 3757 4475 verio-
3919 4461 3951 4510 3

2220 4559 2359 4604 rem
2409 4542 2578 4603 circa
2618 4539 3099 4603 institutionem
3153 4539 3463 4614 Baptismi
3527 4538 3765 4602 Christi
3800 4498 4105 4591 suppdsitio.

2221 4665 2372 4721 ante
2426 4659 2805 4736 passionem
2835 4654 3095 4732 factam,
3151 4671 3343 4735 quam
3391 4659 3456 4716 et
3486 4654 3764 4718 inferius

2226 4776 2445 4846 docet,
2491 4788 2734 4850 nempe
2768 4771 3119 4849 discipulos
3162 4772 3392 4834 Christi
3432 4787 3566 4834 non
3608 4769 3767 4834 fuis·

2223 4909 2297 4953 se
2358 4905 2511 4953 usos
2571 4887 2695 4950 alio
2753 4888 3107 4966 Baptismo,
3157 4902 3356 4965 quam
3400 4886 3694 4951 instituto
3727 4905 3765 4950 a

2225 5008 2499 5082 Christo,
2548 5007 2736 5085 cujus
2792 5003 3072 5067 formam
3102 5021 3139 5066 a
3184 5002 3524 5082 discipulis
3553 5007 3766 5083 potuit

2222 5128 2509 5187 Joannes
2540 5121 2819 5184 discere.

2306 5241 2623 5302 Caeterum
2703 5236 3019 5298 Joannem
3090 5252 3226 5298 non
3300 5233 3504 5298 fuisse
3575 5253 3770 5301 usum
3840 5263 4087 5313 Jmnnem

2228 5359 2556 5436 Baptismo
2642 5355 2898 5427 Christi,
2972 5352 3093 5417 sed
3163 5370 3310 5427 su0,
3386 5363 3773 5433 supponunt
3802 5325 4111 5437 ”⁰ffiggffim

2228 5491 2460 5538 omnes
2518 5474 2766 5547 PatreS,
2825 5487 3047 5551 neque
3110 5470 3399 5551 alioquin
3468 5472 3770 5535 ministe-
3826 5448 4087 5564 Βέιξιξξξῖιίιο

2227 5592 2393 5653 rium
2435 5589 2727 5666 Joannis,
2762 5606 2890 5670 quo
2936 5594 3007 5651 ut
3051 5603 3413 5667 praecursor
3439 5584 3767 5668 fungeba-
