4287 6313
539 434 658 500 598

551 598 1029 691 suscipienti
1074 602 1693 673 Sacramentum
1736 616 1899 669 non
1952 598 2092 670 ite-

552 715 832 798 rabile,
879 719 1162 809 utpote
1202 717 1387 790 ficto
1430 714 1906 807 suscipienti
1968 735 2093 785 or-

548 831 814 905 dinem
878 832 1005 903 vel
1083 834 1832 915 confirmationem3
1914 833 2092 906 cha-

554 954 830 1025 racter
876 955 1150 1024 autem
1192 971 1515 1043 semper
1554 951 2090 1043 imprimitur.

554 1070 725 1140 Hoc
755 1066 1005 1139 etiam
1036 1069 1376 1159 apparet
1418 1087 1516 1138 ex
1554 1066 1892 1158 quadam
1935 1063 2098 1136 alia

549 1182 1032 1265 conditione,
1106 1202 1348 1274 quam
1399 1183 1944 1256 communiter
1979 1182 2097 1253 lo-

556 1305 887 1393 quentes
922 1300 1379 1374 attribuunt
1422 1299 1906 1383 characteri,
1945 1301 2096 1374 sci-

554 1415 743 1488 licet
798 1416 1003 1506 quod
1042 1419 1166 1489 est
1212 1414 1691 1497 indelebilis;
1747 1415 2099 1490 virtutes

553 1537 827 1606 autem
874 1534 1051 1606 istae
1085 1536 1272 1605 sunt
1312 1530 1713 1614 delebiles,
1751 1535 1841 1605 ut
1874 1538 2097 1624 patet

557 1652 648 1722 de
682 1654 1067 1742 peccante
1111 1649 1606 1731 mortaliter,
1636 1649 1718 1722 in
1751 1670 1905 1741 quo
1939 1670 2100 1721 non

560 1771 984 1840 remanent
1022 1765 1199 1839 istae
1235 1766 1603 1839 virtutes.

974 2053 1613 2122 COMMENTARIUS
1630 2108 1642 2119 .

338 2342 417 2393 14.
647 2319 733 2402 (a)
762 2317 884 2381 Hic
921 2317 1435 2403 intelliyendum
1489 2328 1603 2394 est,
1648 2329 1770 2385 etc.
1854 2318 2107 2387 Dividi-

231 2406 509 2534 Cfflrlssfff‘
561 2445 669 2499 tur
709 2432 989 2521 quaestio
1019 2432 1084 2498 in
1148 2432 1305 2519 quid
1346 2435 1656 2514 nominis,
1729 2447 1792 2501 et
1869 2456 1949 2501 an
2021 2438 2107 2503 sit

562 2551 920 2617 character.
1027 2552 1143 2614 Hic
1208 2549 1486 2635 explicat
1551 2550 1706 2636 quid
1790 2553 2101 2635 nominis,

554 2669 746 2755 juxta
819 2685 1233 2732 communem
1310 2667 1705 2732 sententiam
1794 2678 2104 2757 χαρακτὴρ

566 2783 742 2848 enim
811 2784 1058 2860 Graece,
1123 2781 1347 2847 Latine
1419 2783 1645 2868 fiqura
1718 2782 1954 2852 dicitur
2012 2792 2108 2853 καὶ

589 2907 899 2986 χαρακτὴρ
940 2916 1047 2982 τῆς
1079 2904 1451 2977 υποστάσεως
1492 2903 1692 2981 αὑτοῦ,
1737 2902 1814 2966 ad
1848 2903 2109 2969 Hebrae·

570 3036 645 3081 os
678 3020 740 3083 1.
784 3026 845 3081 ec
881 3015 1105 3103 fiqura
1134 3017 1521 3082 substantia?
1560 3021 1720 3105 eju-e,
1747 3031 1872 3085 etc,
1900 3021 2111 3088 Omis-

563 3132 660 3199 sis
690 3132 833 3219 ejus
865 3131 1379 3218 acceptionibus,
1418 3152 1580 3220 quas
1627 3133 1693 3200 in
1735 3132 1949 3203 littera
1998 3135 2108 3202 ad-

569 3248 768 3330 ducit,
816 3250 1101 3316 sumitur
1131 3249 1211 3315 ad
1248 3251 1654 3336 propositum
1726 3252 2111 3339 quaestionis

571 3367 942 3453 praesentiS,
989 3386 1106 3451 pro
1147 3365 1365 3453 aliquo
1421 3367 1744 3453 spirituali
1785 3369 2109 3455 impresso

569 3503 606 3549 a
646 3484 776 3548 Deo
852 3481 920 3547 in
993 3481 1237 3560 anima,
1304 3482 1628 3550 mediante
1687 3486 2113 3553 Sacramento

571 3599 908 3685 Baptismi,
945 3599 1133 3685 cujus
1182 3599 1423 3686 duplex
1462 3613 1560 3667 est
1607 3600 1899 3682 effectus,
1946 3604 2111 3671 alius

570 3714 914 3800 PhysicuS,
951 3714 1116 3780 alius
1156 3716 1443 3782 moralis.
1491 3716 1813 3803 physicus
1880 3730 2004 3799 est,
2044 3733 2113 3786 ut

571 3831 656 3897 sit
723 3830 1107 3897 assimilatio
1172 3832 1446 3918 subjecti
1525 3834 1604 3901 ad
1688 3834 1862 3901 aliud
1936 3837 2109 3924 quod

572 3947 769 4014 habet
796 3947 1079 4013 similem
1111 3947 1411 4031 formam,
1456 3960 1521 4017 et
1584 3950 2002 4018 distinctivus
2075 3973 2111 4018 a

574 4086 702 4130 non
727 4066 1029 4153 signat03
1077 4067 1340 4133 moralis
1370 4080 1492 4148 est,
1555 4080 1625 4135 ut
1666 4068 1929 4155 signum
1974 4091 2112 4135 me-

569 4183 957 4248 morativum
1028 4184 1430 4250 sacramenti
1517 4186 1802 4271 suscepti
1864 4186 2114 4252 confor-

496 4284 517 4293 ”
566 4299 878 4365 mativum
920 4298 1202 4375 ChristO,
1258 4311 1322 4364 et
1382 4299 1847 4388 obligatorium
1909 4301 2113 4368 susci-

577 4415 814 4501 pientis
865 4418 1359 4483 Sacramentum
1390 4418 1468 4482 ad
1525 4417 1738 4505 legem
1780 4432 1844 4484 et
1890 4418 2109 4498 fidem,

568 4535 759 4621 cujus
791 4545 889 4599 est
922 4533 1224 4600 initiatio.
1267 4535 1431 4602 Hinc
1459 4535 1830 4603 excluditur
1859 4539 1940 4604 ab
1970 4537 2114 4605 aliis

569 4649 913 4717 effectibus
991 4628 1412 4732 sacramenti,
1459 4668 1532 4719 ut
1572 4666 1726 4720 sunt
1775 4655 1986 4741 gratia
2054 4668 2117 4722 et

571 4767 873 4847 virtuteS,
935 4787 1085 4853 quae
1139 4767 1350 4834 amitti
1418 4782 1694 4854 possunt
1734 4790 1851 4855 per
1891 4792 2116 4857 pecca-

576 4896 739 4962 tum,
787 4882 1031 4949 nonita
1082 4884 1440 4951 character.

285 3521 483 3595 Duplex

277 3600 497 3699 ραίἕᾶἳω.

1151 5138 1547 5198 SCHOLIUM.

644 5346 821 5401 Ponit
850 5347 1223 5402 sententiam
1274 5349 1640 5417 negantium
1692 5349 2119 5407 characterem

572 5452 631 5503 et
650 5443 1067 5506 auctoritates,
1093 5444 1321 5513 quibus
1344 5461 1445 5502 eos
1467 5447 1799 5517 impugnat
1818 5451 1882 5504 D.
1907 5450 2121 5508 Thom.

572 5559 725 5617 quas
754 5542 1025 5600 ostendit
1063 5558 1185 5599 non
1236 5559 1486 5613 urgere,
1538 5561 1652 5603 nec
1683 5546 1760 5602 ad
1811 5548 2121 5606 intentum

576 5646 901 5701 auctorum
936 5640 1183 5698 adduci.

1646 439 1790 501 LIB.
1824 439 1925 502 lv,
1958 435 2555 502 SENTENTlARUM

2297 598 2741 671 Secundum
2784 598 2884 689 (b)
2940 596 3393 690 principale
3444 601 3596 680 est,
3650 615 3753 668 an
3884 624 3974 697 ⁶4.

3782 689 3994 739 Juristae
4038 702 4105 737 ex

2204 711 2504 802 aliquid
2536 712 2834 785 habens
2888 711 3121 786 istam
3166 713 3571 785 rationem
3619 731 3754 785 no·
3810 750 3952 800 dm,
3993 750 4046 800 1,

2209 827 2474 911 minis,
2536 832 2615 902 et
2675 829 2881 901 alias
2961 831 3538 922 proprietates,
3613 828 3752 901 im·
3824 814 4047 938 {3523-

2212 945 2622 1038 primatur
2658 946 2736 1018 in
2777 946 3137 1018 animam
3187 945 3603 1039 baptizati.
3655 949 3755 1019 Et
3845 941 4039 991 ‘ficunt-

2208 1059 2508 1133 dicitur
2542 1061 2745 1151 quod
2787 1081 2971 1146 non,
3008 1065 3089 1134 et
3141 1061 3421 1133 modus
3473 1081 3758 1153 ponen-

2209 1172 2284 1244 di
2325 1177 2449 1246 est
2482 1173 2638 1247 iste
2673 1200 2688 1244 :
2737 1173 2948 1249 sicut
2980 1174 3197 1246 enim
3229 1175 3313 1247 in
3357 1174 3790 1267 aliquibus*

2209 1289 2740 1372 consecratis,
2781 1311 2956 1381 quae
3012 1290 3091 1362 in
3143 1291 3765 1364 consecratione

2212 1425 2362 1477 sua
2400 1426 2562 1478 non
2606 1407 3012 1499 recipiunt
3049 1406 3573 1480 sanctitatem
3607 1408 3768 1480 for·

2218 1524 2536 1606 malem,
2627 1524 2828 1596 nihil
2939 1524 3160 1596 reale
3239 1524 3768 1617 imprimitur,

2216 1639 2333 1713 ita
2371 1643 2496 1713 est
2543 1640 2625 1712 in
2671 1641 3126 1734 proposito,
3183 1660 3367 1714 cum
3431 1642 3772 1735 suscipi—

2217 1775 2360 1829 ens
2408 1759 3031 1832 Sacramentum
3089 1778 3252 1830 non
3301 1760 3769 1832 necessario

2220 1874 2565 1966 recipiat
2655 1874 3177 1948 sanctitatem
3307 1874 3763 1958 formalem,

2219 1993 2441 2065 nulla
2483 1993 2634 2066 sibi
2687 1993 2957 2065 forma
3010 1990 3257 2063 realis
3300 1992 3767 2066 necessario

2220 2111 2749 2204 imprimitur.
2822 2115 3277 2194 Similitudo
3347 2122 3769 2214 probatur,

2222 2230 2408 2324 quia
2448 2231 2610 2303 alia
2662 2235 3197 2320 sanctificata,
3245 2260 3419 2332 quae
3452 2259 3614 2314 non
3654 2262 3771 2313 re·

2221 2349 2534 2442 cipiunt
2637 2354 3159 2428 sanctitatem
3272 2357 3769 2443 formaliter,

2222 2486 2381 2537 non
2473 2468 3087 2561 distinguuntur
3202 2474 3302 2545 ab
3414 2473 3768 2557 homine,

2224 2589 2612 2675 quantum
2659 2586 2756 2658 ad
2797 2586 3044 2660 istum
3107 2581 3406 2672 actum,
3464 2594 3775 2683 quando

2221 2720 2320 2771 ex
2366 2700 2522 2774 isto
2577 2707 2761 2777 actu
2823 2724 2982 2776 non
3037 2706 3329 2799 recipit
3391 2709 3775 2784 sanctita-

2225 2821 2411 2889 tem.
2480 2821 3010 2914 Assumptum
3089 2828 3361 2896 autem
3438 2826 3528 2897 de
3607 2827 3772 2900 illis

2223 2935 2406 3008 aliis
2443 2941 2688 3029 patet,
2722 2941 2898 3010 tum
2934 2940 3011 3012 in
3045 2942 3296 3016 calice
3330 2945 3775 3019 sanctifica-

2222 3059 2332 3137 to,
2380 3055 2566 3147 quia
2633 3057 2941 3129 nullam
3027 3059 3383 3132 formam
3468 3062 3770 3136 realem

2226 3173 2555 3266 recipit;
2615 3179 2786 3249 tum
2849 3175 2929 3248 in
2988 3178 3355 3251 Ecclesia
3415 3180 3778 3255 dedicata

2221 3292 2349 3362 vel
2383 3311 2591 3386 aqua
2633 3294 3062 3380 benedicta,
3112 3300 3192 3370 et
3232 3297 3594 3371 vestibus
3639 3303 3774 3374 Sa-

2226 3410 2771 3484 cerdotalibus
2816 3416 2897 3485 et
2938 3411 3413 3505 hujusmodi.

2314 3531 2429 3603 Ad
2462 3531 2705 3605 istam
2737 3532 3343 3607 conclusionem
3386 3537 3777 3626 arguitur

2227 3646 2494 3738 primo
2559 3648 2675 3719 sic
2741 3672 2756 3714 ε
2823 3647 3047 3722 Sicut
3113 3652 3510 3741 sequendo
3583 3652 3775 3725 rati-

2226 3783 2460 3835 onem
2520 3767 3008 3849 naturalem,
3065 3787 3225 3840 non
3277 3772 3464 3842 sunt
3538 3770 3774 3861 plura

2225 3885 2610 3978 ponenda,
2676 3905 3024 3976 quorum
3092 3887 3538 3960 necessitas
3615 3908 3774 3960 non

2222 4003 2563 4091 apparet
2589 4019 2687 4070 ex
2721 4001 2938 4071 notis
2983 4001 3416 4073 secundum
3448 4006 3776 4075 natura-

2227 4117 2382 4189 lem
2427 4115 2856 4197 rationem,
2904 4116 3019 4188 ita
3062 4117 3155 4189 de
3200 4117 3557 4202 creditiS,
3612 4140 3770 4192 non

2229 4237 2416 4306 sunt
2488 4233 2846 4324 ponenda
2906 4233 3167 4325 plura,
3241 4254 3586 4326 quorum
3646 4257 3773 4307 ne-

2228 4350 2570 4425 cessitas
2653 4370 2815 4422 non
2902 4357 3241 4444 apparet
3340 4353 3772 4425 secundum

2228 4467 2501 4549 fidem;
2550 4467 2682 4539 sed
2734 4466 3178 4540 necessitas
3226 4468 3421 4542 talis
3488 4468 3776 4541 formae

2229 4584 2650 4676 impressae
2710 4605 2868 4656 non
2932 4589 3300 4677 apparet,
3354 4585 3604 4659 etiam
3666 4606 3778 4658 se·

2229 4702 2575 4774 cundum
2634 4686 2752 4786 ea,
2819 4723 2994 4795 quae
3055 4707 3242 4774 sunt
3319 4701 3630 4775 credita
3688 4703 3778 4775 de

2230 4817 2680 4909 Baptismo,
2715 4835 2942 4908 ergo,
2979 4820 3131 4889 etc.
3180 4816 3452 4888 Minor
3493 4816 3776 4908 proba-

2232 4939 2393 5017 tur,
2432 4933 2622 5024 quia
2650 4953 2794 5005 nec
2831 4932 3260 5026 Scriptura
3295 4952 3535 5007 sacra
3570 4932 3778 5006 istud

2231 5041 2620 5135 exprimit
2687 5062 2865 5115 esse
2904 5044 3459 5116 necessarium
3503 5045 3583 5116 in
3635 5047 3779 5118 Ba-

2236 5161 2563 5254 ptismo,
2619 5179 2763 5232 nec
2833 5159 3108 5234 Sancti
3167 5161 3778 5254 explicite3nec

2233 5274 2602 5367 sequitur
2633 5275 3048 5348 evidenter
3074 5296 3171 5347 ex
3224 5276 3575 5348 veritate
3631 5278 3775 5350 Ba·

2240 5392 2515 5485 ptismi
2572 5391 2909 5477 credita,
2966 5391 3154 5484 quia
3221 5395 3398 5465 tota
3463 5394 3776 5466 veritas

2234 5508 2633 5600 Baptismi
2680 5508 3060 5583 consistit
3109 5509 3190 5580 in
3244 5512 3776 5584 Sacramento

2235 5623 2539 5696 visibili
2578 5627 2655 5697 et
2709 5623 3005 5698 effectu
3042 5622 3473 5709 invisibili3
3525 5626 3773 5699 istum
