4287 6313
562 421 683 483 626

560 584 809 659 etiam
887 581 1021 653 ille
1119 580 1455 651 ornatus
1553 590 1709 643 non
1798 562 2107 659 poterit

1746 406 1894 467 Lm.
1918 404 2026 464 lv.
2057 396 2652 462 SENTENTIARUM

2220 577 2254 619 a
2297 560 2434 621 Deo
2488 552 2865 618 immediate
2908 548 2993 612 ad
3023 543 3512 622 susceptionem
3545 539 3778 599 Sacra-

561 700 858 773 habere
927 696 1300 769 effectum
1390 708 1649 768 suum,
1738 684 2108 757 cessante
2218 674 2421 736 menti
2474 686 2609 732 non
2678 665 3016 734 iterabilis,
3091 664 3243 740 quia
3318 658 3412 719 sic
3484 649 3777 716 tenendo

564 817 889 891 fictione
926 813 1005 885 in
1046 810 1229 883 aliis
1276 800 1853 881 sacramentis,
1901 799 2109 870 sicut

562 932 899 1025 ponitur
957 927 1388 1002 character
1422 922 1503 993 in
1555 911 2111 992 sacramentis

569 1042 1223 1140 imprimentibus
1291 1038 1883 1111 characterem.

655 1160 1131 1256 Respondeo
1183 1174 1407 1246 crgo,
1455 1150 1662 1244 quod
1714 1146 1931 1218 ratio
2001 1139 2113 1213 ni-

562 1283 676 1354 hil
747 1280 1063 1374 probat‚
1136 1274 1295 1346 nisi
1394 1269 1601 1363 quod
1682 1265 2115 1340 character

566 1420 727 1473 non
812 1401 935 1469 est
1030 1406 1554 1486 quaecumque
1650 1380 1943 1453 relatio
2022 1375 2118 1446 ad

568 1515 972 1587 actionem
1054 1509 1180 1581 vel
1277 1503 1740 1597 passionem
1836 1498 2118 1569 Sacra-

571 1629 857 1712 menti;
930 1627 1137 1698 sicut
1190 1622 1258 1694 si
1298 1623 1513 1692 esset
1572 1614 1839 1686 forma
1900 1610 2119 1682 abso-

573 1749 773 1828 luta,
819 1765 980 1816 non
1040 1742 1252 1813 esset
1314 1751 1834 1828 quaecumque
1894 1726 2120 1798 abso-

578 1863 777 1945 luta,
859 1854 1047 1949 quia
1119 1854 1196 1924 in
1273 1849 1457 1922 aliis
1538 1837 2115 1919 SacramentiS,

580 1977 1015 2052 secundum
1093 1970 1322 2049 istos,
1409 1958 1916 2055 imprimitur
1983 1953 2123 2025 ali-

582 2115 735 2189 qua
777 2092 1046 2165 forma
1095 2084 1494 2161 absoluta,
1556 2077 1689 2151 sed
1730 2095 1890 2146 non
1948 2070 2124 2145 cha-

586 2217 884 2286 racter.
923 2211 1023 2280 Et
1069 2205 1404 2298 propter
1446 2199 1594 2268 hoc
1633 2195 1898 2287 potest
1940 2188 2119 2267 dici,

585 2328 814 2428 quod·
852 2345 1009 2396 non
1087 2321 1165 2392 in
1210 2315 1567 2410 quolibet
1628 2310 1789 2384 alio
1843 2311 2125 2380 Sacra-

585 2450 855 2518 mento
921 2435 1429 2530 imprimitur
1497 2429 1769 2517 aliqua
1832 2420 2123 2494 relatio

586 2581 916 2637 manens
1008 2558 1190 2648 post
1284 2553 1596 2625 actum;
1696 2541 2127 2614 character

582 2686 855 2753 autem
907 2675 975 2746 si
1046 2672 1168 2742 ost
1238 2663 1556 2742 relatiO,
1633 2659 1905 2731 manet
1948 2656 2125 2745 post

585 2802 860 2870 actum
977 2783 1330 2878 suscepti
1426 2772 1853 2871 Baptismi,
1964 2769 2125 2840 imo

260 2939 401 2991 Nihil
449 2952 530 3013 005
590 2931 935 3005 semper.
1035 2909 1215 2979 Non
1320 2894 1826 2973 obstantibus
1928 2905 2125 2976 ergo

235 3015 557 3136 εὲἷιὲἔαᾶζῖῗ
589 3033 771 3107 istis
815 3023 1296 3101 rationibus,
1345 3037 1518 3109 quae
1579 3031 1740 3083 non
1808 3003 2128 3082 conclu-

236 3128 549 3241 effiffissffi,
587 3148 807 3230 dunt,
888 3148 977 3217 ut
1044 3140 1313 3212 visum
1397 3136 1547 3216 est,
1628 3127 1895 3222 potest
1974 3119 2128 3195 dici

250 3254 547 3304 '‘h‘’nieni'·
587 3265 1148 3337 characterem
1264 3272 1440 3326 esse
1562 3239 2128 3320 tantummodo

589 3381 1007 3476 quemdam
1097 3374 1551 3464 respectum
1620 3360 2129 3434 extrinsecus

591 3497 1150 3571 advenientem
1228 3486 1383 3580 ipsi
1448 3481 1764 3561 animae,
1848 3491 2131 3547 causa-

588 3620 762 3713 tum
806 3633 852 3684 a
901 3613 1066 3683 Deo
1120 3598 1580 3678 immediate
1624 3595 1701 3666 in
1746 3583 2130 3679 suscepti-

591 3752 739 3803 onc
800 3717 1307 3801 Sacramenti
1365 3708 1879 3788 initerabiliS,
1944 3696 2131 3795 quia

589 3849 704 3919 sic
777 3841 1130 3938 ponendo
1185 3836 1476 3908 saltem
1540 3845 1815 3901 omnes
1870 3817 2131 3894 condi-

585 3965 853 4038 tiones
927 3959 1376 4033 salvantur,
1449 3968 1621 4038 quae
1678 3933 2129 4014 communi-

587 4084 716 4153 ter
765 4075 1330 4149 attribuuntur
1370 4056 1859 4139 characteri.

1041 4337 1673 4411 COMMENTARIUS.

366 4565 441 4615 1¹-
665 4558 750 4641 (c)
796 4559 1044 4629 Quarta
1111 4564 1259 4611 vero
1314 4542 1580 4607 destruit
1639 4537 1948 4614 primam,
2005 4535 2133 4592 etc.

584 4683 771 4742 Patet
796 4670 1177 4753 redargutio
1214 4685 1296 4730 ex
1324 4667 1561 4734 littera,
1598 4663 1832 4735 estque
1862 4667 2135 4732 urgenS,

586 4815 662 4861 ac
704 4795 977 4860 tandem
1020 4784 1382 4867 respondet
1425 4779 1579 4843 nihil
1633 4773 1809 4837 aliud
1868 4770 2135 4833 conclu-

589 4915 773 4990 dere,
838 4912 960 4973 nisi
1018 4907 1465 4969 characterem
1523 4912 1656 4958 non
1701 4906 1849 4953 esse
1908 4900 2135 4966 quam-

589 5044 873 5107 cumque
947 5022 1336 5087 relationem
1407 5017 1741 5077 causatam
1804 5024 1843 5067 a
1908 5004 2136 5065 Sacra-

586 5158 860 5217 mento;
911 5160 984 5204 ac
1057 5138 1325 5201 tandem
1378 5132 1599 5194 statuit
1655 5124 2140 5190 conclusionem

591 5268 867 5346 primam
917 5276 1050 5320 non
1101 5255 1426 5324 absolute,
1478 5247 1599 5309 sed
1655 5241 2023 5320 respective
2058 5235 2142 5297 ad

590 5384 878 5445 rationes
908 5377 1074 5444 illas,
1110 5382 1470 5446 earumque
1501 5364 1885 5430 solutioneS,
1946 5369 2142 5434 posse

591 5501 799 5563 teneri
833 5495 1280 5556 characterem
1310 5500 1458 5546 esse
1489 5479 1875 5541 relationem
1906 5471 2145 5534 extrin-

589 5631 785 5681 secus
815 5606 1284 5675 advenientem
1327 5600 1451 5680 ipsi
1509 5598 1763 5668 animae,
1810 5594 2146 5652 causatum

318 5275 495 5325 Prima

264 5337 519 5389 conclusio
529 5374 542 5388 .

2222 789 2449 850 saltem
2496 802 2727 848 omnes
2758 782 3172 847 conditiones
3219 776 3572 843 salvantur,
3640 783 3783 847 quae

2226 903 2660 969 communiter
2692 902 3066 964 tribuuntur
3107 892 3490 958 characteri.
3536 886 3782 948 Proba-
3891 920 3908 936 ‚

2225 1019 2310 1080 tio
2368 1018 2566 1097 hujus
2623 1017 2865 1093 petitur
2923 1029 3002 1074 ex
3053 1007 3412 1089 praemissts
3497 1002 3582 1064 de
3636 1014 3783 1060 sen-

2223 1135 2423 1196 tentia
2479 1132 2749 1207 Alberti,
2808 1131 2934 1192 nisi
2992 1126 3174 1209 quod
3245 1125 3435 1186 aliter
3504 1114 3785 1180 senserit

2227 1251 2310 1312 de
2380 1250 2726 1321 relatione,
2800 1262 3039 1325 nempe
3088 1259 3237 1305 esse
3292 1232 3785 1319 praedicamenti

2226 1369 2321 1428 Ad
2367 1367 2658 1443 aliquid,-
2698 1364 2822 1424 hoc
2867 1366 3095 1424 autem
3148 1358 3306 1418 satis
3356 1355 3784 1431 impugnatur

2230 1497 2312 1541 ex
2353 1482 2605 1543 ratione
2643 1481 2720 1540 D.
2773 1478 3067 1539 Thomae.
3127 1473 3337 1533 Prima
3393 1468 3523 1532 duo
3586 1463 3780 1527 dubia

2230 1612 2374 1675 qua}
2441 1598 2800 1672 supersunt
2844 1591 2929 1652 ad
2970 1605 3195 1651 veram
3266 1583 3787 1648 declarationem

2229 1712 2426 1793 hujus
2459 1708 2919 1780 conclusionis,
2954 1705 3230 1786 explicat
3259 1704 3503 1763 Doctor
3528 1695 3808 1759 duobus.

2232 1827 2659 1908 paragraphis
2689 1824 3152 1904 sequentihus,

2820 2071 3130 2128 SCHOLIU
3141 2070 3215 2124 M.

2308 2299 2595 2356 Tenendo
2639 2297 3066 2354 characterem
3114 2307 3248 2349 esse
3305 2291 3677 2360 respectum,
3724 2287 3794 2340 ut

2236 2404 2409 2456 tenet
2439 2397 2676 2453 Albert.
2709 2409 2920 2465 supra,
2954 2393 3188 2447 refutat
3219 2388 3614 2452 sententiam,
3653 2397 3793 2454 quae

2237 2495 2494 2552 videtur
2527 2495 2590 2548 D.
2624 2493 2835 2547 Thom.
2863 2491 3172 2546 dicentem
3244 2486 3499 2543 fundari
3540 2485 3605 2539 in
3652 2484 3794 2538 actu

2239 2591 2579 2663 praeterito.
2612 2588 2840 2654 Primo,
2875 2588 3022 2657 quia
3066 2583 3546 2640 Fundamentum
3598 2582 3658 2634 et
3694 2590 3798 2632 re-

2241 2693 2489 2759 spectus
2546 2690 2691 2742 sunt
2749 2689 2814 2741 in
2875 2683 3092 2740 eodem
3151 2681 3446 2751 subjecto,
3495 2673 3797 2742 Secund0‚

2240 2804 2361 2845 non
2421 2801 2531 2843 ens
2588 2787 2806 2858 nequit
2855 2784 3120 2840 fundare
3167 2796 3279 2836 ens
3326 2779 3519 2834 reale.
3569 2776 3796 2842 Terti0,

2241 2890 2608 2958 sequeretur
2648 2885 3075 2941 characterem
3128 2895 3248 2936 non
3297 2892 3431 2934 esse
3478 2875 3801 2932 annihila-

2241 2990 2450 3046 bilcm.
2523 2987 2802 3044 Resolvit
2860 2983 3106 3041 fundari
3169 2983 3237 3037 in
3293 2980 3503 3037 anima
3582 2980 3800 3049 ejusve

2241 3115 2541 3186 potentia.

2335 3358 2481 3432 Sed
2517 3362 2831 3431 restant
2862 3358 3016 3428 duo
3057 3355 3324 3427 dubia.
3391 3353 3784 3434 Primum,
3955 3406 4013 3455 ,Ο

3929 3469 4059 3518 llaec

2243 3476 2335 3546 (le
2358 3473 2877 3547 fundamento
2916 3473 3293 3565 proximo
3330 3470 3550 3543 illius
3592 3470 3793 3540 rela-
3824 3527 4153 3581 videturesse

2249 3591 2522 3665 tionis.
2595 3589 2853 3671 Aliud,
2929 3609 3082 3679 quo
3157 3587 3389 3659 modo
3455 3589 3794 3677 possunt
3830 3590 4103 3703 Dintffitio

3883 3691 3894 3702 ·
4038 3672 4146 3707 om.

2245 3708 2765 3781 characteres
2879 3706 3394 3777 diversorum
3508 3707 3797 3775 Sacra·
3825 3717 3875 3766 5.
3906 3716 4142 3783 metaph.

2249 3827 2710 3897 mentorum
2777 3819 3166 3909 distingui
3245 3819 3342 3890 ab
3419 3816 3792 3889 invicem.
3827 3782 4151 3907 Ααῦὲιῖῗξωα

3826 3903 4138 3966 assignando

2244 3942 2359 4011 De
2414 3940 2703 4031 primo,
2767 3937 3183 4009 videretur
3249 3934 3517 4016 alicui,
3591 3935 3796 4024 quod
3851 3965 4155 4015 fundamen-

2246 4062 2477 4129 actus
2610 4053 3150 4147 susceptionis
3284 4050 3794 4125 Sacramenti
3883 4035 4096 4143 secfssd,

2250 4174 2660 4247 transiens
2762 4173 2843 4244 in
2938 4171 3479 4264 praeteritum,
3580 4170 3797 4240 esset
3857 4153 4131 4268 (333ssss

2254 4290 2715 4383 proximum
2755 4289 3386 4367 fundamentum,
3441 4284 3569 4357 vel
3618 4303 3802 4377 pro·
3832 4294 4158 4391 nonffifflari

2248 4409 2470 4480 xima
2552 4407 2764 4478 ratio
2834 4402 3212 4475 fundandi
3282 4402 3528 4477 istam
3590 4400 3801 4472 rela-
3924 4420 4081 4468 super

2250 4525 2591 4598 tionem.
2657 4522 2802 4595 Sed
2839 4521 3047 4593 istud
3097 4525 3223 4592 est
3272 4518 3572 4590 falsum
3630 4537 3804 4609 spe·
3837 4471 4154 4595 ριεέῗὲῗῖῗηω

2252 4639 2579 4712 cialiter
2658 4638 2738 4709 in
2817 4636 3269 4731 proposito,
3346 4634 3533 4727 quia
3590 4633 3807 4706 ratio

2253 4756 2631 4830 fundandi
2712 4760 2791 4828 et
2842 4754 3134 4828 relatio
3172 4755 3355 4824 sunt
3400 4751 3478 4822 in
3530 4747 3807 4821 eodem

2255 4873 2619 4963 subjecto
2695 4871 3119 4964 proximo;
3204 4867 3614 4959 susceptio
3668 4884 3809 4937 au-

2253 4997 2418 5067 tem
2464 4987 2970 5064 sacramenti
3004 4992 3083 5060 et
3115 4985 3573 5065 character,
3619 4981 3811 5054 licet

2256 5109 2417 5180 sint
2480 5108 2562 5178 in
2622 5104 2896 5177 codem
2942 5100 3393 5195 supposito,
3465 5120 3627 5171 non
3693 5104 3807 5171 ta-

2259 5223 2562 5297 meniu
2631 5220 2909 5293 eodem
2983 5219 3346 5310 subjecto
3405 5216 3804 5309 proxime,

2260 5341 2448 5433 quia
2546 5336 2956 5428 susceptio
3061 5332 3463 5426 Baptismi
3571 5331 3810 5404 infuit

2260 5455 2693 5529 secundum
2762 5474 3087 5543 corpus,
3160 5449 3595 5521 character
3699 5468 3811 5517 se-

2258 5574 2602 5647 cundum
2637 5570 3023 5643 animam.
