4287 6313
385 1524 463 1576 17.

607 412 725 476 552

601 580 864 652 agente,
927 580 1034 655 qui
1082 579 1234 640 licet
1286 579 1580 642 includat
1622 580 1688 639 in
1738 595 1855 640 sua
1916 580 2153 641 virtute

600 686 877 750 formam
948 690 1359 767 productam,
1420 698 1638 754 tamen
1683 694 1765 754 ob
1811 694 2155 770 incapaci-

605 810 799 868 tatem
849 809 1020 884 passi
1081 817 1514 872 concurrente
1561 811 1685 872 alio
1742 812 1921 890 igne,
1968 809 2039 871 fit
2088 811 2155 872 in

603 923 894 998 potentia
959 933 1211 986 remota
1281 933 1347 987 et
1417 926 1948 1001 indeterminata,
2024 943 2155 987 non

596 1055 749 1099 vero
824 1044 1141 1117 proxima,
1216 1040 1428 1103 donec
1493 1042 1969 1103 determinetur
2030 1058 2149 1118 per

599 1155 872 1233 primam
902 1171 1191 1230 causam,
1241 1158 1429 1236 cujus
1471 1165 1571 1219 est
1614 1160 1929 1235 supplere
1966 1156 2152 1219 defc-

601 1274 779 1332 ctum
824 1276 1067 1335 naturae
1111 1274 1174 1335 in
1207 1275 1301 1346 iis,
1346 1277 1412 1334 in
1444 1277 1683 1354 quibus
1727 1277 1871 1352 ipsa
1923 1282 2152 1337 natura

613 1387 849 1450 delicit.

687 1505 936 1567 Eodem
1007 1505 1203 1567 modo
1266 1508 1331 1566 in
1405 1510 1768 1584 proposit0,
1841 1505 2155 1568 salvando

606 1620 786 1682 idem
816 1622 1229 1699 principium,
1287 1623 1483 1685 etiam
1533 1622 1754 1701 quoad
1799 1620 2160 1683 efficaciam

604 1739 1198 1812 sacramentorum,
1244 1741 1610 1816 respective
1663 1740 1750 1801 ad
1820 1739 2156 1810 effectum,

602 1856 711 1932 qui
744 1860 935 1915 natus
968 1860 1165 1925 esset,
1202 1856 1392 1934 juxta
1437 1857 1598 1930 haec,
1658 1855 2024 1933 procedere
2075 1856 2153 1917 ab

600 1988 729 2034 uno
781 1975 1036 2051 tantum
1089 1972 1382 2044 seorsim,
1460 1979 1525 2035 et
1592 1988 1726 2034 non
1789 1987 1825 2031 a
1900 1972 2158 2035 duobus

598 2088 814 2164 simul,
865 2095 1021 2150 tunc
1073 2087 1532 2151 determinatio
1584 2090 1860 2152 effectus
1909 2090 2159 2152 debere

604 2212 946 2286 provenire
979 2227 1013 2269 a
1045 2209 1252 2286 prima
1296 2227 1515 2282 causa,
1560 2213 1949 2288 inquantum
1995 2214 2155 2273 assi-

602 2327 713 2387 stit
762 2326 1225 2398 sacramentis,
1303 2341 1522 2403 neque
1578 2326 1933 2406 requiritur
1979 2328 2158 2389 aliud

606 2445 940 2516 motivum,
975 2448 1049 2504 ut
1078 2459 1283 2505 unum
1316 2461 1448 2522 prae
1497 2446 1619 2506 alio
1683 2447 1747 2507 in
1792 2446 2022 2507 ordine
2073 2446 2158 2508 ad

609 2562 919 2624 effectum
969 2559 1324 2634 ordinaret,
1390 2567 1571 2623 extra
1620 2578 1807 2623 suam
1857 2563 2157 2624 volunta-

613 2685 743 2740 tem
772 2699 785 2752 ;
822 2678 1156 2742 ordinaret
1187 2685 1408 2742 tamen
1442 2681 1708 2758 aliquod
1753 2681 2044 2758 ipsorum
2076 2698 2158 2741 ex

608 2800 940 2858 voluntate
986 2798 1285 2878 antiqua,
1312 2815 1460 2882 ¹qua
1509 2797 1800 2860 decrevit
1846 2801 2155 2861 assistere

272 5485 417 5601 Prod1
417 5484 583 5600 geere-

390 5620 477 5664 tur

604 2915 1042 2977 sacramentis
1072 2914 1137 2975 in
1183 2914 1414 2976 ordine
1468 2915 1550 2977 ad
1597 2932 1788 2988 suum
1821 2916 2155 2989 effectum,

604 3033 725 3094 etsi
796 3031 999 3106 dicae,
1074 3047 1232 3110 ergo
1315 3034 1488 3093 Deus
1562 3036 1738 3093 esset
1798 3047 2018 3107 causa,
2084 3036 2160 3093 ut

599 3148 1093 3212 Sacramentum
1123 3149 1397 3210 alterum
1446 3154 1704 3211 careret
1750 3148 2013 3212 effectu.

676 3266 1139 3342 Respondetur
1207 3266 1513 3345 negando
1584 3269 2153 3344 consequentiam,

603 3384 756 3463 quia
824 3384 958 3445 hanc
1019 3382 1209 3460 culpa
1266 3389 1441 3444 esset
1487 3384 1830 3461 utriusque
1883 3384 2158 3445 ministri

606 3500 1055 3562 concurrentis
1091 3502 1157 3562 in
1192 3516 1270 3560 eo
1306 3515 1485 3573 casu,
1530 3499 1631 3561 vel
1681 3504 1859 3561 certe
1906 3499 2157 3561 dicere·

608 3621 712 3678 tur
781 3623 1085 3679 neutrum
1158 3633 1383 3678 carere
1462 3632 1580 3677 suo
1656 3616 1929 3690 effectu,
2005 3617 2158 3695 quia

607 3749 812 3794 unum
883 3730 1205 3812 significat
1268 3733 1577 3794 effectum
1638 3733 1703 3793 in
1756 3733 1935 3809 facco
2002 3750 2154 3806 esse,

606 3850 885 3912 alterum
956 3866 1111 3912 vero
1180 3850 1245 3908 in
1311 3849 1482 3924 sieri,
1558 3848 1736 3926 quod
1788 3846 2027 3909 sufficit
2072 3847 2157 3909 ad

602 3967 943 4029 veritatem
991 3965 1214 4028 formae
1254 3969 1619 4044 utriusque,
1653 3970 1950 4042 utsupra
1994 3966 2152 4026 alias

605 4085 883 4146 diximus
918 4098 1066 4143 cum
1097 4083 1376 4144 Doctore
1430 4082 1511 4143 de
1565 4082 1892 4159 Baptismo
1948 4082 2155 4161 Virgi-

603 4203 704 4265 nis
748 4203 891 4264 dist.
938 4202 998 4261 4.
1053 4207 1269 4278 quaest.
1323 4200 1380 4261 6.
1429 4201 1506 4261 Et
1535 4199 1627 4259 sic
1661 4203 1858 4262 etiam
1889 4217 2160 4279 respon·

612 4324 882 4385 deretur
924 4322 1007 4385 ad
1037 4322 1353 4400 replicam
1400 4338 1436 4381 a
1480 4322 1670 4383 nobis
1713 4319 1975 4397 factam,
2010 4339 2161 4385 con-

611 4447 707 4504 tra
766 4441 1075 4504 eamdem
1118 4438 1565 4511 additionem;
1617 4440 1737 4500 sed
1800 4456 1931 4501 non
1978 4444 2160 4502 recte

611 4559 913 4639 quadrat,
962 4559 1113 4636 quia
1157 4558 1652 4619 Sacramentum
1698 4554 1902 4620 debet
1963 4558 2162 4619 habe-

610 4694 682 4739 re
727 4676 1014 4753 aliquem
1058 4674 1367 4737 effectum
1434 4689 1515 4733 ex
1546 4673 1955 4737 ordinatione
2003 4674 2164 4736 divi-

616 4811 699 4857 na
774 4798 838 4855 et
884 4792 1011 4854 fine
1080 4808 1213 4854 suae
1279 4790 1721 4862 institutioniS,
1791 4790 2035 4851 adhoc
2091 4794 2166 4850 ut

620 4910 795 4973 licite
841 4926 876 4969 a
919 4908 1208 4970 ministro
1255 4907 1567 4986 applicari
1609 4907 1847 4984 possit;
1903 4908 1967 4966 in
2009 4923 2164 4983 pro-

618 5028 827 5105 posito
902 5027 1150 5088 nullum
1220 5027 1441 5097 habet,
1503 5030 1569 5086 ct
1626 5022 1889 5102 quando
1949 5024 2169 5102 signat

621 5147 932 5207 effectum
964 5145 1247 5225 aliquem
1280 5145 1343 5205 in
1370 5145 1546 5219 facto
1577 5158 1726 5213 esse,
1774 5141 1933 5202 illud
1966 5140 2168 5202 debet

616 5277 992 5342 supponere
1051 5261 1155 5322 vel
1213 5277 1247 5321 a
1297 5261 1431 5321 Deo
1492 5273 1878 5320 concessum
1930 5258 2167 5318 imme-

616 5381 821 5454 diate,
855 5380 959 5441 vel
989 5396 1111 5456 per
1136 5379 1294 5440 alias
1340 5394 1592 5439 causas.

702 5497 1031 5572 Quantum
1078 5510 1235 5573 ergo
1310 5493 1394 5555 ad
1470 5492 1774 5555 effectum
1846 5493 2168 5551 remotum

624 5601 917 5670 ministri,
983 5599 1093 5677 qui
1139 5603 1241 5659 est
1296 5598 1503 5674 gratia
1551 5600 1617 5657 et
1674 5596 2031 5667 character,
2080 5592 2172 5653 di-

2239 1861 2472 1921 versis
2534 1864 2602 1921 et
2647 1859 2956 1921 totalibus
3004 1860 3484 1923 determinetur
3530 1878 3649 1939 per
3692 1864 3832 1924 sin·

1760 416 1903 478 LlB.
1937 417 2038 478 IV.
2072 416 2670 482 SENTENTIARUM

2275 578 2560 640 cendum
2620 585 2741 655 est,
2801 581 2906 645 illa
2969 581 3100 644 duo
3159 581 3579 643 Sacramenta
3624 582 3819 643 simul
3879 606 4048 670 gratia
4075 609 4146 657 ,b

2271 711 2662 758 concurrere
2733 697 2818 758 ad
2868 698 3052 758 illum
3123 697 3456 769 effectum,
3528 701 3602 759 ut
3667 698 3820 759 dicit
3871 675 4169 784 Sffi‘c‘ss‘ffissn,

2272 811 2511 872 Doctor
2551 828 2750 887 supra
2801 815 2867 875 in
2917 816 3353 892 responsione
3408 813 3492 874 ad
3545 813 3817 891 primam
3937 800 4089 909 effa'm

2270 926 2737 1020 objectionem
2774 931 2839 988 et
2869 929 2993 989 hoc
3025 944 3156 991 non
3189 934 3284 990 est
3317 931 3818 1003 inconvenienS,
3887 924 4133 978 totaliter.

2271 1042 2423 1119 quia
2465 1040 2749 1104 efficacia
2800 1050 2931 1104 tam
2983 1046 3405 1108 ministrantis
3461 1061 3658 1123 quam
3710 1047 3828 1107 Sa·

2271 1160 2585 1220 cramenti
2643 1161 2934 1222 consistit
2988 1162 3054 1222 in
3129 1177 3207 1222 eo
3284 1163 3578 1239 praecise,
3644 1162 3830 1241 quod

2268 1276 2557 1338 habeant
2603 1276 2985 1357 adjunctam
3039 1278 3271 1339 divinae
3318 1279 3677 1340 voluntatis
3724 1279 3831 1341 de-

2271 1389 2796 1449 terminationem
2834 1395 2898 1449 et
2927 1373 3485 1467 promissionem;
3538 1407 3673 1452 non
3735 1404 3836 1453 est

2271 1510 2495 1565 autem
2525 1505 3000 1567 inconveniens
3032 1505 3164 1568 haec
3188 1506 3625 1583 multiplicari,
3650 1509 3735 1569 ita
3765 1515 3835 1571 ut

2272 1621 2509 1684 intuitu
2540 1628 2668 1683 tam
2710 1623 2908 1703 hujus
2964 1640 3162 1701 quam
3215 1625 3385 1687 illius
3433 1626 3834 1691 sacramenti

2274 1747 2337 1802 et
2389 1740 2680 1811 ministri,
2733 1748 3044 1817 tanquam
3099 1743 3352 1803 motivis
3397 1758 3674 1803 numero
3736 1742 3831 1804 di·

2269 1976 2424 2055 gula
2476 1973 2562 2036 ad
2615 1975 3011 2037 causandam
3063 1975 3345 2056 gratiam
3386 1986 3833 2041 sacramenta-

2269 2092 2424 2165 lem,
2471 2090 2557 2152 ad
2601 2106 2800 2170 quam
2856 2094 3305 2167 Sacramenta,
3372 2098 3686 2172 tanquam
3745 2095 3827 2158 ad

2273 2208 2585 2270 eumdem
2640 2225 2917 2273 numero
2972 2210 3305 2283 effectum,
3364 2216 3441 2272 ut
3503 2212 3829 2290 applicata

2269 2329 2424 2386 sunt
2468 2323 2619 2385 huic
2669 2323 2987 2403 subjectO,
3021 2326 3430 2388 ordinantur.
3479 2329 3585 2389 Sic
3632 2330 3831 2392 etiam

2271 2440 2521 2502 electus
2564 2440 2895 2502 mediante
2925 2441 3255 2519 Baptismo
3292 2449 3407 2503 aut
3435 2443 3827 2507 Poenitentia

2268 2558 2333 2617 in
2376 2557 2505 2619 fine
2550 2560 2783 2636 recipit
2824 2560 3124 2637 gratiam,
3171 2564 3241 2620 et
3287 2561 3598 2622 eamdem
3632 2563 3829 2623 etiam

2267 2676 2496 2753 recipit
2527 2691 2608 2735 ex
2639 2675 2875 2737 motivo
2909 2674 3248 2738 electionis
3293 2693 3451 2750 suae,
3501 2695 3644 2757 quae
3672 2687 3827 2742 sunt

2271 2793 2526 2854 diversa
2556 2791 2822 2868 motiva,
2868 2792 2955 2854 ad
3000 2793 3314 2882 eumdem
3362 2796 3671 2859 effectum
3704 2795 3820 2858 de·

2269 2908 2707 2971 terminantia.

2350 3029 2469 3088 Alii
2517 3026 2779 3101 docent,
2814 3032 2886 3088 ut
2928 3029 3229 3102 Bassolis,
3264 3029 3373 3090 illa
3401 3032 3821 3093 Sacramenta
3899 3027 4148 3141 Baggsslis.

2271 3164 2392 3224 per
2427 3146 2697 3209 modum
2740 3148 2936 3210 unius
2986 3165 3060 3211 se
3110 3149 3354 3212 habere
3399 3153 3464 3214 in
3518 3155 3672 3213 actu
3715 3168 3820 3213 se·
3857 3153 4156 3226 Probabilis

2270 3261 2510 3336 cund0,
2567 3267 2631 3324 et
2692 3264 2784 3324 sic
2847 3266 3044 3327 etiam
3104 3267 3453 3328 commode
3517 3268 3819 3329 sustineri
3875 3222 4158 3269 sententia.

2268 3384 2516 3455 posset,
2551 3384 2620 3441 et
2649 3378 2964 3442 declarari
2994 3384 3211 3444 unitas
3252 3384 3592 3446 numerica
3649 3388 3822 3464 ipso·

2268 3515 2437 3571 rum,
2488 3513 2569 3558 ex
2620 3498 2867 3559 unitate
2916 3501 3249 3562 numerica
3291 3500 3462 3576 finiS,
3505 3506 3580 3561 ut
3631 3501 3734 3562 hic
3767 3508 3833 3562 et

2270 3629 2445 3676 nunc
2485 3614 2917 3692 applicantur,
2956 3622 3021 3676 et
3061 3614 3227 3678 fiunt
3258 3622 3325 3678 et
3365 3616 3755 3679 ordinantur
3790 3634 3825 3679 a

2268 3730 2597 3802 ministriS,
2688 3734 2761 3793 ut
2848 3733 3158 3794 eumdem
3246 3749 3524 3797 numero
3603 3733 3829 3804 finem,

2272 3862 2469 3925 quem
2514 3850 2863 3927 attingunt,
2916 3851 3021 3912 vel
3066 3851 3424 3926 partialiter
3465 3850 3576 3912 vel
3624 3849 3828 3911 totali-

2274 3966 2370 4024 ter
2398 3966 2465 4026 in
2496 3982 2623 4025 esse
2654 3979 2865 4026 causae
2910 3966 3170 4033 moralis
3200 3984 3215 4036 ;
3264 3971 3357 4029 sic
3392 3967 3587 4028 etiam
3624 3969 3832 4029 sumi-

2273 4084 2375 4141 tur
2416 4082 2632 4141 unitas
2684 4083 3017 4143 numerica
3067 4084 3133 4143 in
3187 4083 3614 4145 Sacramento
3646 4085 3823 4145 Alta-

2271 4201 2380 4271 riS,
2439 4203 2512 4259 ut
2581 4197 2923 4262 ordinatur
2993 4216 3111 4277 per
3180 4201 3451 4261 modum
3512 4202 3823 4279 completi

2272 4323 2495 4391 pastus
2569 4320 2634 4376 et
2705 4292 2976 4378 convivii
3050 4316 3133 4378 ad
3203 4316 3516 4379 eumdem
3601 4315 3829 4389 finem,

2275 4438 2566 4516 quamvis
2646 4438 2772 4499 ille
2869 4438 3017 4500 finis
3138 4455 3258 4516 per
3349 4454 3542 4498 unam
3627 4439 3833 4500 solam

2273 4557 2565 4632 speciem
2610 4555 2990 4635 attingatur.
3040 4555 3261 4616 Potest
3335 4554 3629 4634 denique
3662 4554 3727 4616 in
3757 4571 3831 4616 re
3913 4640 3918 4645 .

2276 4670 2501 4730 morati
2581 4670 2751 4731 sumi
2823 4671 3018 4731 etiam
3094 4675 3314 4734 unitas
3388 4673 3721 4733 numerica
3794 4688 3830 4732 a

2275 4788 2550 4851 materia
2594 4792 2845 4850 remota
2885 4790 3256 4868 utriusque,
3308 4807 3551 4869 nempe
3601 4809 3636 4852 a
3682 4792 3829 4853 loti-

2278 4922 2430 4976 one,
2490 4906 2879 4983 inquantum
2937 4907 3208 4986 physice
3270 4907 3558 4987 integrat
3629 4924 3825 4971 unam

2280 5024 2595 5084 lotionem
2672 5022 3146 5100 suscipientis;
3223 5029 3288 5085 et
3354 5025 3447 5086 sic
3519 5025 3825 5103 explicari

2280 5145 2500 5217 potest
2555 5115 2817 5214 Doctor,
2866 5144 2939 5200 ut
2988 5156 3185 5217 supra
3236 5140 3445 5203 v1sum
3477 5148 3597 5215 est,
3649 5148 3714 5204 et
3760 5146 3826 5206 in

2280 5255 2707 5332 responsione
2762 5255 2842 5317 ad
2894 5255 3285 5327 secundum,
3338 5256 3563 5320 dicens
3610 5260 3823 5338 bapti·

2281 5375 2602 5435 zationem
2633 5376 2952 5450 passivam
2985 5391 3132 5437 esse
3181 5394 3402 5448 unam,
3457 5378 3822 5459 intelligen-

2283 5490 2365 5551 do
2424 5498 2553 5552 tam
2613 5489 2696 5552 de
2762 5492 3006 5552 lotione
3061 5492 3315 5554 interna
3377 5509 3573 5571 quam
3634 5496 3823 5556 etiam

2282 5598 2554 5653 externa
2623 5593 2821 5653 modo
2898 5591 3137 5665 dicto;
3211 5597 3566 5673 utrumque
3652 5598 3827 5657 enim
