4287 6313
612 389 734 451 400

618 553 764 628 ipsa
818 558 1247 632 consequitur,
1303 573 1446 634 quae
1500 573 1628 619 non
1690 565 1778 620 est
1834 557 1973 619 sola
2023 574 2171 635 pec·

619 677 913 734 catorum
955 676 1270 747 remissie,
1317 678 1430 739 sed
1473 677 1921 748 sanctificatio,
1971 682 2026 736 et
2069 692 2178 738 re·-

618 791 873 849 novatio
946 791 1276 853 interioris
1343 767 1625 854 hominis
1683 809 1810 869 per
1874 793 2168 854 volunta-

621 905 798 965 riam
828 909 1292 981 susceptionem
1318 911 1547 983 qratiae
1577 913 1634 970 et
1666 911 2003 984 donorum,
2037 914 2166 970 etc.

274 1027 569 1092 Baptizato:
626 1017 824 1099 Cujus
882 1037 1113 1083 causas
1185 1023 1271 1085 ibi
1329 1032 1697 1097 enumerat,
1747 1030 1814 1087 et
1860 1025 2030 1087 inter
2058 1025 2171 1085 ali·

318 1104 554 1218 ρυὲῗὲοῐι
627 1149 700 1196 as
755 1136 1182 1214 Baptismum,
1252 1138 1409 1202 dicit
1485 1144 1713 1220 augeri
1799 1140 2170 1203 secundum

274 1221 598 1328 aafflfflffn-
627 1268 1002 1316 mensuram
1104 1254 1549 1334 dispositionis
1642 1259 1923 1336 praeviae,
2012 1257 2171 1322 dicit

301 1344 567 1464 adtffiam
624 1365 882 1430 infundi
927 1387 1046 1447 per
1073 1373 1376 1449 Spiritum
1409 1379 1737 1445 sanctum,
1789 1380 1853 1436 et
1899 1389 2165 1436 causam

318 1464 562 1590 dffgg'ffi·
618 1486 770 1564 ejus
824 1483 1220 1549 efficientem
1266 1504 1412 1550 esse
1471 1490 1700 1562 Deum,
1763 1490 2161 1554 meritoriam

625 1600 971 1676 Christum,
1045 1603 1616 1667 instrumentalem
1715 1606 2167 1684 Baptismum;

625 1719 874 1779 nullam
924 1726 1147 1782 autem
1216 1721 1620 1783 activitatem
1664 1728 1976 1801 respectu
2032 1724 2174 1801 ejus

628 1816 849 1897 tribuit
889 1836 1243 1914 baptizato,
1289 1841 1416 1900 nisi
1471 1838 1864 1916 inquantum
1914 1857 1987 1902 se
2046 1841 2174 1904 dis·

624 1956 810 2030 ponit
854 1969 1211 2032 cooperans
1266 1956 1491 2034 gratiae
1544 1957 1930 2030 vocationis,
1992 1958 2172 2036 quod

625 2070 854 2147 nequit
926 2071 1049 2133 dici
1110 2070 1192 2133 de
1242 2071 1520 2150 Justitia,
1568 2088 1711 2154 quae
1786 2075 2177 2138 consisteret

625 2191 690 2250 in
747 2193 902 2250 actu
943 2189 1137 2263 vitali,
1172 2206 1248 2251 ac
1294 2192 1565 2268 proinde
1594 2193 1760 2255 inter
1803 2193 1961 2255 alias
2014 2211 2175 2256 cau-

627 2320 733 2365 sas
793 2306 937 2386 ejus
986 2306 1265 2368 deberet
1311 2313 1680 2371 enumerari
1738 2310 2021 2372 liberum
2073 2327 2178 2371 ar-

626 2418 894 2481 bitrium
947 2420 1222 2481 hominis
1266 2437 1301 2480 a
1348 2423 1484 2482 Deo
1542 2426 1792 2483 motum
1877 2427 1944 2485 et
2001 2424 2173 2484 exci-

634 2539 864 2608 tatum,
895 2540 967 2597 ut
999 2535 1292 2598 declarat
1347 2540 1414 2598 in
1442 2555 1586 2615 cap.
1633 2540 1693 2599 5.
1743 2543 1799 2601 et
1844 2538 1905 2598 6.
1942 2544 2173 2601 elcan.

635 2652 694 2711 4.
753 2651 812 2713 5.
864 2657 920 2712 et
973 2652 1034 2714 6.
1095 2656 1189 2715 sic
1219 2669 1420 2733 agere
1470 2653 1555 2715 ad
1610 2659 1821 2716 actuS.

381 2757 460 2808 20.
716 2769 901 2840 item,
960 2786 1103 2845 cap.
1166 2770 1225 2831 8.
1264 2769 1419 2831 dicit
1469 2768 1619 2831 ideo
1656 2786 1774 2831 nos
1819 2767 1940 2832 dici
1976 2769 2174 2851 justi·

311 2821 582 2932 Protggneta
631 2884 810 2948 ficari
838 2887 1062 2966 gratiS,
1113 2887 1265 2963 quia
1307 2903 1506 2963 neque
1531 2887 1712 2963 fides,
1766 2903 1969 2963 neque
2025 2903 2173 2962 ope-

304 2945 600 3119 Ρξῑῖῐξέἓὲῠ·
630 3022 735 3080 ra,
768 3021 909 3082 qua?
927 3005 1463 3081 justificationem
1513 3006 1915 3077 antecedunt,
1967 3007 2182 3080 ipsam

621 3122 1103 3201 justificationis
1154 3123 1447 3197 qratiam
1483 3125 1964 3198 promerentur.
2015 3122 2182 3184 Dicit

631 3238 874 3300 deinde
896 3237 1214 3318 justitiam
1257 3244 1551 3300 nostram
1596 3238 1784 3299 nobis
1837 3238 2177 3311 inhaerere,

628 3359 694 3415 et
748 3355 978 3433 augeri
1025 3359 1093 3415 et
1147 3354 1375 3426 amitti,
1428 3369 1572 3431 quae
1613 3354 1679 3414 in
1721 3356 1940 3433 rigore
1989 3354 2182 3415 aliter

624 3475 969 3547 nequeunt
1040 3467 1340 3546 intelligi,
1417 3484 1617 3546 quam
1684 3467 1766 3529 de
1835 3468 1969 3541 illa,
2040 3483 2184 3546 quae

621 3592 1087 3664 permanenter
1145 3585 1337 3647 inest.
1408 3586 1585 3647 Dicit
1633 3586 1961 3665 justitiam
2033 3603 2183 3649 nos-

623 3711 790 3767 tram
821 3722 966 3781 cap.
997 3703 1136 3765 illo.
1181 3710 1250 3769 7.
1286 3703 1650 3768 consistere
1711 3707 1778 3765 in
1838 3704 2183 3778 charitate,

640 3838 778 3899 quae
833 3820 1228 3895 diffunditur
1286 3822 1349 3884 in
1404 3821 1703 3882 cordibus
1753 3835 2004 3893 eorum,
2071 3820 2192 3896 qui

624 3937 1061 4013 baptizantur,
1112 3942 1313 4015 atque
1356 3937 1513 4016 ipsis
1568 3935 1862 3998 inhaeret.

710 4053 897 4126 ltem,
957 4055 1023 4114 in
1078 4056 1217 4130 ipsa
1275 4054 1740 4131 justificatione
1780 4052 1977 4113 simul
2032 4066 2182 4113 cum

626 4170 997 4232 remissione
1056 4178 1474 4245 peccatorum
1532 4170 1664 4231 ltaec
1714 4170 1928 4229 omnia
1980 4167 2180 4228 simul

628 4286 846 4362 infusa
890 4288 1124 4363 accipit
1167 4290 1359 4348 homo
1402 4301 1525 4363 per
1563 4290 1781 4348 lesum
1829 4284 2181 4355 Christum,

629 4402 739 4462 cui
777 4403 1105 4478 inseritur,
1163 4403 1379 4478 fidem,
1433 4418 1612 4478 spem
1669 4412 1724 4462 et
1770 4400 2179 4471 charitatem,

631 4523 755 4579 etc.
818 4518 886 4581 lu
929 4519 1029 4580 his
1090 4534 1511 4597 quocumque
1571 4516 1765 4580 modo
1812 4521 2029 4579 textus
2076 4517 2180 4575 in-

634 4637 967 4716 telligatur
1007 4634 1107 4715 (ut
1153 4634 1603 4697 abstineamus
1650 4634 1731 4694 ab
1805 4632 1913 4696 illa
1965 4647 2174 4710 quaes-

632 4753 810 4814 tione
874 4771 887 4811 :
952 4758 1045 4812 An
1098 4752 1318 4826 qratia
1389 4766 1432 4811 a
1503 4748 1822 4810 charitate
1891 4741 2180 4821 differat)

633 4867 928 4930 consistit
996 4865 1256 4945 integra
1344 4865 1599 4945 justitia
1672 4862 2036 4934 Christiani,
2111 4859 2179 4922 ld

635 4990 757 5057 est,
825 5000 955 5061 qua
1019 4981 1088 5044 fit
1148 4983 1342 5046 homo
1408 4983 1697 5044 insertus
1760 4979 2010 5042 Christo
2058 4992 2184 5054 per

632 5099 1039 5177 Baptismum
1096 5099 1516 5162 Christianus».
1566 5100 1705 5159 Haec
1735 5109 1870 5159 non
1900 5097 2182 5172 possunt

303 5191 577 5317 Ἓὲξζῗὲἳζῗ
632 5217 860 5281 referri
919 5218 994 5279 ad
1042 5222 1285 5291 actum,
1351 5219 1508 5296 quia
1568 5221 1717 5277 ante
1774 5213 2178 5290 Baptismum

278 5314 602 5366 sanctificam-
634 5335 864 5399 habuit
906 5333 1170 5395 adultus
1202 5338 1386 5394 actus
1429 5331 1611 5404 fidei,
1660 5329 1801 5408 spei
1835 5335 1900 5390 et
1973 5329 2179 5390 chari·

396 5383 502 5426 tem

276 5440 607 5553 Βὲἳθέἒὲὲῃω
635 5452 821 5523 tatis;
868 5448 1048 5511 unde
1079 5451 1130 5511 si
1179 5450 1246 5510 in
1276 5451 1436 5525 ipsis
1476 5447 1864 5510 consisteret
1893 5446 2175 5525 justitia,

274 5565 612 5661 Baptismumss
635 5564 701 5630 id
774 5573 894 5643 est,
960 5570 1026 5629 in
1095 5564 1373 5638 actibus,
1448 5579 1582 5626 non
1653 5562 2178 5640 intelligerentur

379 5128 493 5177 Non

1790 395 1936 457 LlB.
1971 393 2069 456 tv,
2116 393 2722 461 SENTEN'rtARUM

2281 574 2405 635 per
2463 560 2867 638 Baptismum
2931 559 3169 636 infusa,
3222 567 3336 624 aut
3392 560 3704 639 supponi,
3755 562 3831 620 ut

2280 678 2622 759 dispositio
2655 682 2972 760 requisita
3030 680 3115 744 ad
3145 684 3548 759 Baptismum
3594 678 3823 753 adulti,

2281 800 2434 876 quia
2500 797 2582 859 de
2671 800 2927 861 ratione
2993 798 3254 876 Justitiae
3325 803 3448 871 est,
3512 795 3827 878 (quando

2280 909 2455 972 inest
2495 913 2561 973 in
2608 929 3032 993 quocumque
3090 913 3371 996 gradu,)
3434 911 3823 992 Justificare.

2279 1028 2371 1088 Ex
2410 1028 2649 1106 quibus
2682 1035 2858 1108 patet
2884 1032 2950 1090 in
2982 1032 3159 1093 nullo
3191 1037 3344 1092 actu
3407 1027 3828 1108 praecedente

2283 1149 2711 1225 Baptismum,
2786 1150 3147 1212 consistere
3190 1148 3511 1229 justitiam
3571 1149 3822 1224 Baptis-

2285 1265 2546 1327 malem.

2361 1380 2492 1442 Sed
2548 1398 2769 1460 neque
2808 1384 2875 1443 tn
2915 1386 3068 1444 actu
3119 1385 3317 1445 etiam
3368 1388 3827 1462 consequente
3884 1446 3928 1494 N
3983 1382 4111 1454 21..

2282 1488 2723 1572 Baptismum'
2792 1497 3108 1569 consistit,
3219 1497 3369 1576 quia
3481 1496 3826 1576 distinguit
3882 1460 4184 1558 acetffioeogss-

2284 1606 2642 1671 Concilium
2686 1610 2966 1688 gratiam
3015 1608 3500 1689 justificationis
3544 1611 3626 1672 ab
3672 1613 3828 1673 acti·
3881 1575 4149 1635 sequente.

2280 1723 2405 1784 bus
2491 1725 3079 1804 consequentibuS,
3165 1742 3335 1804 quos
3390 1730 3581 1787 vocat
3647 1722 3820 1787 fruc-

2288 1845 2423 1901 tum
2495 1813 3002 1919 justificationis,
3066 1858 3211 1919 cap.
3278 1842 3373 1904 16.
3435 1844 3570 1903 Hac
3623 1843 3832 1917 iqitur

2283 1956 2559 2027 ratione,
2652 1956 2882 2034 inquit,
2972 1955 3351 2033 justificatis
3443 1955 3831 2017 hominibus,

2285 2075 2416 2132 sive
2457 2080 2788 2149 acceptam
2828 2074 3120 2150 qratiam
3146 2078 3453 2149 perpetuo
3485 2089 3825 2135 conserva·

2283 2190 2511 2261 verint,
2558 2190 2692 2249 sive
2736 2189 3044 2251 amissam
3085 2192 3632 2267 recuperaverint,
3667 2205 3836 2265 pro-

2281 2307 2580 2379 ponenda
2651 2311 2796 2366 sunt
2857 2306 3058 2367 verba
3138 2306 3471 2382 Apostoli:
3506 2298 3839 2366 Abundate

2287 2423 2356 2482 in
2411 2423 2594 2482 omni
2654 2438 2848 2498 opere
2899 2422 3081 2495 bono,
3158 2426 3284 2483 etc.
3331 2421 3449 2484 ubi
3495 2423 3842 2501 distinguit

2280 2536 2622 2615 justitiam,
2689 2554 2834 2616 quae
2890 2542 3215 2615 perpetuo
3273 2513 3648 2622 conservari
3705 2555 3825 2616 po-

2291 2660 2438 2728 test,
2527 2655 2632 2717 vel
2711 2657 2948 2717 amissa
3030 2657 3432 2731 recuperari,
3522 2671 3559 2717 a
3649 2655 3840 2716 bonis

2286 2771 2599 2848 operibus
2644 2771 3228 2849 consequentibus,
3302 2771 3470 2832 sicut
3529 2785 3678 2831 eam
3719 2784 3831 2830 su·

2287 2885 2509 2962 perius
2582 2882 2875 2946 distinxit
2942 2885 3024 2945 ab
3070 2884 3384 2962 operibus
3436 2883 3837 2946 anteceden-

2292 3002 2502 3074 tibus3
2580 3015 2797 3080 neque
2878 3001 3236 3063 Concilium
3306 3003 3608 3081 agnoscit
3666 3003 3832 3063 ultra

2291 3118 2456 3191 haec,
2504 3117 2665 3179 alios
2708 3123 2895 3180 actus
2936 3120 3272 3191 virtutum,
3336 3116 3417 3180 ad
3481 3134 3649 3198 quos
3682 3133 3832 3180 con-

2292 3238 2510 3297 currat
2562 3234 2845 3296 liberum
2911 3236 3293 3309 arbitrium;
3370 3218 3592 3314 neque
3639 3236 3836 3297 etiam

2286 3352 2512 3414 Patres
2570 3357 2683 3414 aut
2726 3352 3110 3413 scholastici
3167 3352 3508 3431 loquendo
3544 3349 3626 3414 de
3667 3368 3837 3429 ope·

2291 3468 2498 3540 ribus,
2563 3467 2802 3546 quibus
2873 3466 3073 3527 homo
3128 3465 3547 3545 justificatur,
3615 3481 3840 3546 neque

2294 3583 2648 3662 Scriptura,
2696 3599 2856 3663 ergo
2903 3588 3047 3647 siue
3105 3582 3537 3645 fundamento
3601 3586 3838 3646 asseri·

2297 3702 2399 3759 tur
2455 3697 2746 3776 potuisse
2800 3698 2970 3760 hanc
3016 3698 3361 3777 justitiam,
3411 3697 3494 3760 de
3553 3715 3681 3776 qua
3737 3699 3842 3761 lo-

2293 3816 2574 3892 quimur,
2644 3812 2873 3890 adulti,
2934 3815 3018 3876 de
3090 3813 3263 3877 facto
3332 3820 3398 3877 et
3451 3816 3605 3894 lege
3667 3815 3842 3877 ordi-

2292 3932 2495 4004 naria,
2571 3930 2930 3992 consistere
2974 3931 3041 3991 in
3098 3938 3248 3994 actu
3302 3930 3521 4010 aliquo
3583 3948 3729 3994 suo,

2371 4045 2639 4108 Accedit
2693 4045 2872 4125 quod
2928 4046 3054 4106 hoc
3114 4045 3432 4120 tenendo,
3478 4061 3612 4108 non
3656 4055 3837 4109 recte
3985 4052 4071 4123 εξ.

2295 4161 2597 4225 definiret
2665 4162 3040 4229 ,Concilium
3103 4180 3254 4225 sess.
3304 4165 3367 4225 7.
3445 4163 3527 4225 de
3605 4167 3833 4228 Sacra·
3902 4115 4138 4226 (ἑζῗιζιέιῗῖ

2290 4279 2528 4340 mentis
2573 4282 2639 4341 in
2669 4293 2919 4359 genere
2962 4294 3108 4341 can.
3141 4280 3202 4342 8.
3247 4281 3541 4357 qratiam
3585 4283 3836 4358 confer·
3890 4238 4200 4350 sam-gmon-

2293 4401 2358 4458 ·ri
2407 4413 2449 4457 a
2504 4398 2950 4458 Sacramentis
3027 4413 3200 4457 novae
3265 4396 3424 4472 leyis
3504 4413 3590 4459 eoe
3650 4414 3840 4475 opere
3904 4377 4154 4489 ⁰592&ss

2292 4518 2580 4588 operato,
2650 4511 2869 4585 idest,
2930 4513 3072 4573 sine
3133 4514 3598 4589 cooperatione
3650 4513 3838 4576 liberi
3895 4487 4165 4613 (ἶςζξρξῧῗ

2292 4614 2560 4704 arbitrii,
2633 4631 2913 4694 maxime
2963 4648 3045 4693 ex
3110 4633 3440 4694 sententia
3506 4638 3839 4695 statuente
3953 4611 4114 4662 ³⁰²⁰*

2289 4751 2510 4807 actum
2541 4747 2799 4808 vitalem
2830 4763 2962 4807 non
2995 4762 3192 4823 posse
3224 4763 3373 4808 esse
3418 4765 3455 4809 a
3486 4748 3627 4811 solo
3662 4750 3835 4821 Deo;

2290 4862 2472 4927 unde
2492 4865 2627 4926 baec
2653 4864 2977 4926 sententia
2999 4863 3163 4925 tollit
3192 4864 3555 4927 efficaciam
3615 4865 3840 4928 Sacra-

2293 4985 2687 5051 mentorum‚
2713 4997 2861 5042 eam
2880 4980 3048 5054 dico,
3066 4997 3264 5060 quam
3288 4982 3534 5045 habent
3555 4998 3635 5043 ex
3650 5000 3842 5060 opere

2292 5101 2582 5172 operato.
2643 5095 3023 5159 Confirmari
3077 5100 3298 5175 potest
3348 5100 3627 5172 ratione,
3685 5100 3838 5179 quia
3899 5101 4162 5153 confirm.

2289 5212 2468 5274 null.)
2522 5212 2839 5291 probabili
2887 5211 3313 5275 fundamento
3358 5213 3555 5274 statui
3619 5221 3838 5291 potest

2290 5330 2498 5407 gratia
2585 5329 2958 5407 adoptionis
3043 5330 3409 5393 secundum
3518 5334 3835 5409 speciem,

2290 5446 2415 5505 alia
2483 5445 2548 5505 in
2620 5441 2902 5515 infante,
2951 5448 3015 5503 et
3073 5444 3195 5506 alia
3276 5445 3342 5504 in
3403 5444 3649 5517 adulto;
3713 5451 3824 5507 aut
3891 5491 3902 5499 .

2289 5561 2695 5638 Baptismum
2737 5562 2929 5623 aliam
2991 5558 3345 5622 efficaciam
3399 5568 3466 5623 et
3521 5563 3834 5627 effectum
