4287 6313
188 1902 273 1951 28.

83 1963 388 2029 Responsio.

94 2889 373 3000 Ῑιιηέἓῖιιι-

1619 450 1816 513 Dls'r.
1862 448 1963 513 iV.
1999 446 2360 523 QUAESTtO
2393 447 2464 506 V.

417 629 498 677 ex
542 613 780 694 quibus
829 614 1153 694 colligitur
1195 630 1390 675 omne
1438 617 1783 691 peccatum
1839 629 1958 691 per

416 735 831 794 Sacramenta
863 734 930 794 in
973 750 1069 804 re,
1102 731 1205 795 vel
1238 734 1302 794 in
1332 737 1509 802 vete,
1555 733 1796 793 remitti
1840 747 1958 808 per

413 863 521 919 se,
582 847 734 924 quia
808 848 1001 910 etiam
1060 863 1180 925 per
1239 845 1473 909 eadem
1544 845 1960 924 distinguitur

358 1029 363 1036 ,
413 965 756 1044 utriusque
814 965 1215 1027 Sacramenti
1294 963 1563 1025 materia
1597 1010 1612 1035 ‚
1672 968 1742 1023 ut
1817 963 1958 1041 jam

416 1083 978 1158 praesuppenimus
1030 1097 1109 1142 ex
1158 1079 1377 1153 dictis;
1428 1096 1587 1158 erge
1660 1080 1957 1157 sequitur

413 1196 762 1267 intentum,
836 1210 1079 1271 nempe
1124 1196 1522 1271 Baptismum
1568 1195 1633 1255 in
1691 1210 1762 1256 re
1820 1210 1956 1254 sus·

415 1314 678 1387 ceptum
722 1310 965 1372 habere
1001 1308 1361 1371 efficaciam
1400 1315 1708 1387 respectu
1766 1311 1958 1387 erigi-

418 1426 579 1488 nalis
627 1431 691 1485 et
742 1424 1038 1497 actualia,
1097 1426 1457 1487 recedente
1516 1424 1800 1497 fictione,
1847 1442 1952 1486 se·

426 1539 715 1604 cundum
757 1541 933 1601 illam
967 1542 1266 1617 regulam
1306 1542 1690 1621 generalem
1737 1547 1804 1602 et
1844 1540 1958 1602 de-

429 1656 706 1720 ctrinam
758 1655 1099 1727 Ecclesiae,
1176 1656 1332 1718 alias
1382 1658 1718 1736 excipiens
1791 1661 1968 1720 esset

420 1783 627 1838 status
659 1772 985 1848 fictorum,
1027 1774 1138 1854 qui
1170 1780 1270 1837 est
1312 1776 1624 1856 vulgaris,

438 1903 439 1906 ’
502 1893 693 1953 Dices
722 1890 914 1964 ferte,
960 1890 1313 1970 aliquando
1362 1892 1426 1952 in
1474 1907 1629 1952 casu
1656 1895 1960 1972 ignoran-

424 2005 527 2070 tiae
575 2012 641 2068 et
671 2008 858 2068 benae
898 2005 1076 2081 fidei,
1110 2008 1306 2069 mode
1341 2007 1512 2070 adsit
1554 2011 1818 2078 attriti0,
1863 2025 1961 2070 re-

418 2127 583 2189 mitti
614 2141 732 2205 per
772 2125 1080 2186 accidens
1126 2131 1471 2203 peccatum
1516 2127 1788 2188 mortale
1849 2145 1968 2207 per

425 2248 847 2311 Sacramenta
902 2246 1221 2314 vivorum,
1281 2250 1355 2305 ut
1411 2246 1849 2320 Eucharistiae,
1897 2254 1968 2308 ut

421 2362 604 2424 multi
636 2362 954 2421 Doctores
1001 2359 1274 2433 docent,
1319 2364 1392 2421 ut
1435 2359 1597 2421 infra
1647 2363 1968 2425 videbitur

418 2483 487 2541 in
543 2477 817 2541 materia
865 2476 947 2538 de
991 2477 1413 2538 Eucharistia.
1476 2481 1658 2554 Item,
1724 2483 1965 2542 remitti

424 2596 621 2656 etiam
665 2602 934 2672 peccata
979 2611 1102 2671 per
1130 2595 1503 2656 Extremam
1554 2595 1964 2665 Unctionem.

426 2712 689 2802 quande
750 2709 1074 2773 confessio
1144 2709 1284 2774 fieri
1344 2713 1611 2791 nequit;
1664 2729 1822 2794 erge
1886 2717 1966 2778 ab

352 2841 355 2842 ’
428 2827 534 2889 itta
578 2827 807 2907 regula
837 2826 1132 2906 generali
1175 2825 1366 2886 datur
1424 2830 1744 2907 exceptio.
1808 2829 1969 2891 Cen-

432 2945 548 3015 tra,
597 2944 706 3005 illa
734 2941 968 3022 regula
1014 2941 1342 3021 generalis
1398 2942 1587 3004 datur
1634 2945 1823 3023 juxta
1881 2946 1969 3008 le-

423 3074 580 3138 gem
626 3057 1049 3131 ordinariam,
1112 3062 1180 3117 et
1232 3060 1448 3118 stante
1495 3060 1768 3121 scientia
1826 3077 1973 3137 pec-

419 3155 544 3239 cati
621 3179 688 3237 et
746 3173 1165 3235 ‘necessariae
1238 3172 1715 3251 dispositionis,
1777 3183 1973 3254 prout

412 3294 693 3356 babetur
747 3292 815 3354 in
883 3289 1072 3364 ficte;
1133 3289 1316 3353 unde
1390 3291 1821 3371 intelligenda
1872 3299 1970 3355 est

399 3412 591 3492 juxta
633 3410 810 3470 hunc
841 3423 1088 3480 casum,
1138 3423 1270 3468 nen
1329 3412 1553 3469 autem
1589 3407 1776 3487 juxta
1835 3399 1962 3470 Dei

409 3525 888 3607 providentiam
945 3522 1559 3595 extraordinariam,
1636 3527 1947 3604 supplen-

416 3650 549 3708 tem
594 3642 964 3715 defectum,
1007 3642 1117 3720 qui
1176 3657 1311 3703 non
1369 3646 1469 3703 est
1512 3646 1579 3704 in
1636 3649 1965 3721 potestate

423 3759 727 3833 heminiS,
774 3760 1003 3837 quales
1043 3764 1196 3819 sunt
1252 3752 1365 3829 illi,
1426 3758 1536 3837 qui
1595 3761 1968 3836 exprimun-

411 3885 536 3949 tur,
568 3881 636 3939 et
667 3892 856 3938 casus
890 3874 972 3936 de
999 3873 1391 3954 Presbytero
1438 3889 1569 3935 non
1615 3876 1964 3955 baptizate,

417 3970 684 4054 Exti-av.
765 4007 909 4067 cap.
980 3992 1259 4061 Veniens,
1325 3994 1402 4053 de
1461 3994 1812 4069 Baptisme.
1889 3995 1966 4055 Et

416 4109 596 4172 idem
671 4107 1030 4173 dicendum
1103 4114 1203 4171 est
1273 4108 1355 4169 de
1430 4125 1535 4182 ee,
1609 4110 1719 4188 qui
1768 4111 1972 4174 habet

412 4233 638 4287 votum
668 4225 1078 4303 implicitum,
1125 4228 1193 4285 et
1237 4229 1555 4301 operatur
1598 4241 1717 4302 per
1758 4224 1959 4288 fidem

419 4345 483 4403 et
529 4342 914 4404 charitatem
960 4339 1348 4419 perfectam,
1400 4356 1543 4405 cuin
1598 4341 1965 4420 ignorantia

417 4459 772 4522 invincibili
798 4459 898 4520 sui
932 4457 1227 4535 peccati;
1275 4457 1340 4517 in
1400 4457 1686 4520 habente
1749 4463 1966 4522 tamen

419 4576 759 4639 scientiam
804 4576 903 4636 sui
948 4574 1224 4652 peccati,
1273 4589 1493 4653 neque
1537 4591 1655 4650 per
1697 4592 1794 4651 se,
1855 4594 1966 4639 ne-

419 4707 550 4769 que
574 4707 697 4771 per
740 4690 1053 4752 accidens
1101 4690 1456 4751 remittitur
1501 4687 1583 4750 de
1614 4689 1779 4770 lege.
1798 4692 1968 4755 ordi·

417 4809 621 4881 naria,
656 4806 777 4869 nisi
821 4822 942 4883 per
984 4805 1351 4867 remedium
1384 4804 1469 4867 ad
1525 4806 1653 4867 hoc
1710 4806 1964 4881 insutu·

421 4931 555 4986 tum
585 4940 706 5003 per
745 4938 842 4995 se,
878 4921 1069 5001 quale
1107 4926 1207 4983 est
1256 4922 1625 4999 Baptismus
1655 4930 1968 5001 respectu

418 5041 751 5121 originalis
796 5043 862 5100 et
906 5037 1176 5099 actualis
1208 5037 1377 5109 dicti,
1428 5044 1495 5099 et
1522 5038 1647 5099 hoc
1681 5055 1763 5100 ex
1793 5037 1967 5101 ordi-

422 5157 687 5220 natione
767 5152 1033 5229 divina,
1084 5155 1276 5234 juxta
1357 5154 1970 5232 interpretationem

420 5266 743 5341 Ecclesiae‚
821 5272 978 5333 alias
1036 5278 1434 5349 sequeretur
1491 5270 1629 5332 dari
1684 5274 1969 5352 aliquem

422 5397 660 5455 statum
692 5388 851 5451 satis
893 5383 1228 5468 vulgarem
1268 5389 1638 5468 peccatoris
1682 5391 1967 5465 viateriS,

425 5513 526 5573 cui
557 5525 687 5571 nen
733 5505 1190 5585 provideretur
1236 5504 1318 5566 de
1366 5503 1661 5567 remedie
1708 5504 1971 5568 erdina-

423 5627 547 5701 rie,
588 5642 706 5704 per
739 5623 943 5704 quod
1000 5624 1440 5701 applicaretur
1495 5639 1615 5701 per
1666 5639 1740 5685 se
1784 5628 1968 5688 meri·

3518 431 3637 493 443

2075 614 2212 671 tum
2269 608 2523 682 Christi,
2574 603 2753 685 quod
2811 608 2910 666 est
2967 605 3194 663 centra
3266 593 3616 676 perfectio·

2077 742 2230 786 nem
2275 727 2440 804 legis
2484 739 2684 794 nevae,
2749 726 2814 782 et
2850 735 3116 781 suavem
3174 717 3291 778 Dei
3349 711 3623 790 dispesi-

2079 844 2345 904 tionem.

2154 954 2458 1020 Secunde
2496 953 2619 1015 hec
2649 952 2857 1030 probe
2905 967 2938 1012 a
2987 948 3208 1027 priori,
3243 957 3616 1022 supponen-
3776 980 3858 1034 29.

2075 1079 2159 1141 de
2227 1077 2672 1140 difficultatem
2725 1090 2857 1135 nen
2917 1086 3064 1132 esse
3111 1071 3176 1130 in
3233 1069 3381 1139 hoc,
3445 1060 3625 1143 qued
3651 1044 3972 1177 Ρΐζιξζζίῑξῐδ

2071 1198 2284 1275 magis
2331 1196 2646 1271 premitur
2690 1191 2772 1252 ad
2819 1189 3221 1265 oppositum,
3268 1198 3510 1261 nempe
3569 1180 3622 1241 si

2074 1316 2463 1395 poenitentia
2525 1313 2591 1373 in
2638 1327 2715 1372 ee
2768 1324 2924 1370 casu
2984 1306 3171 1368 daret
3211 1320 3406 1365 suum
3468 1300 3624 1362 effe-

2077 1437 2255 1494 ctum
2303 1429 2548 1510 gratiae,
2597 1425 2838 1486 remitti
2873 1421 3098 1501 procul
3162 1418 3360 1481 dubie
3408 1420 3624 1479 emnia

2074 1553 2346 1628 peccata
2397 1561 2514 1622 per
2562 1543 2798 1616 talem;
2854 1540 2936 1601 de
2980 1538 3105 1599 hec
3158 1537 3333 1597 enim
3378 1533 3480 1593 vix
3527 1539 3629 1594 est

2073 1663 2575 1726 fundamentum
2654 1655 2924 1734 aliquod
3013 1648 3403 1724 dubitandi,
3502 1647 3624 1709 sed

2078 1779 2425 1843 difficultas
2485 1780 2606 1846 est,
2666 1790 2747 1834 an
2810 1773 3014 1848 possit
3083 1768 3238 1830 dare
3316 1765 3623 1827 effectum
3654 1810 3727 1859 Ex
3768 1808 3953 1859 licetur

2075 1898 2296 1979 gratiae
2354 1908 2472 1971 per
2515 1887 2785 1953 medum
2829 1883 3253 1958 sacramenti,
3309 1883 3363 1944 si
3407 1882 3627 1958 Bapti-
3669 1871 3720 1920 di
3748 1871 3961 1922 acuitas.

2076 2027 2259 2072 smus
2307 2025 2440 2069 nen
2487 2003 2958 2066 concurreret?
3017 2002 3096 2062 Et
3154 1997 3381 2075 probe,
3443 1993 3621 2074 qued

2077 2126 2256 2188 nulla
2287 2126 2537 2185 ratione
2589 2119 2932 2180 ministrari
2992 2118 3196 2193 possit
3251 2127 3622 2174 sacramen-

2078 2252 2215 2308 tum
2260 2239 2661 2302 Peenitentiae
2692 2236 2757 2295 in
2792 2251 2870 2294 ee
2915 2249 3087 2304 casu,
3138 2232 3330 2311 juxta
3373 2228 3625 2289 institu-

2079 2361 2320 2422 tionem
2385 2356 2522 2433 eJus
2572 2357 2994 2431 praesentem,
3056 2348 3176 2408 nisi
3260 2345 3628 2423 Baptismus
3703 2364 3761 2412 1n
3790 2375 3911 2432 09⁸⁰

2080 2480 2526 2542 concurreret,
2600 2472 2837 2534 saltem
2905 2469 3120 2530 attrito
3199 2470 3492 2536 tantum,
3562 2467 3627 2524 et
3693 2429 3937 2536 poefflssn'

2080 2612 2214 2658 non
2288 2593 2586 2663 contrite,
2673 2587 2823 2667 quia
2893 2583 3178 2646 efficacia
3233 2578 3624 2643 sacramenti
3659 2550 3965 2659 nonsifflere

2077 2710 2484 2772 Poenitentiffl
2528 2706 2828 2784 primario
2895 2701 3186 2764 consistit
3237 2700 3306 2760 in
3352 2694 3618 2777 jurisdi-
3681 2687 3946 2800 {2³2ssssssss

2084 2830 2300 2890 ctione
2336 2826 2637 2892 clavium,
2670 2840 2781 2884 seu
2824 2821 3209 2883 auctoritate
3242 2811 3626 2879 absolvendi

2080 2961 2204 3023 per
2274 2948 2496 3005 actum
2563 2939 2989 3020 judicialem;
3066 2933 3333 3015 quando
3406 2937 3628 2994 autem

2081 3065 2287 3122 status
2401 3059 2497 3119 rei
2574 3061 2676 3118 est
2777 3056 2954 3128 taliS,
3049 3058 3123 3114 ut
3206 3068 3341 3112 nen
3424 3048 3630 3110 subsit

2072 3175 2514 3258 jurisdictioni
2559 3175 2858 3245 clavium,
2891 3189 3024 3234 nen
3083 3174 3304 3248 petest
3350 3167 3623 3229 absolvi.

2161 3294 2342 3355 Patet
2399 3292 2701 3368 exemplo
2755 3290 2820 3350 in
2886 3304 2990 3360 ee,
3051 3285 3162 3367 qui
3234 3301 3368 3347 nen
3423 3283 3628 3345 habet

2074 3411 2602 3490 jurisdictionem
2695 3409 2759 3468 in
2849 3420 3198 3466 censuram
3298 3415 3628 3463 annexam

2080 3531 2381 3605 peccate,
2456 3524 2687 3603 nequit
2769 3520 3116 3583 absolvere
3208 3535 3245 3581 a
3321 3522 3624 3598 peccate,

2082 3645 2236 3725 quia
2271 3641 2635 3723 jurisdictio
2696 3639 2841 3720 ejus
2909 3652 3041 3698 nen
3114 3633 3491 3698 extenditur
3548 3631 3632 3693 ad

2078 3762 2260 3823 illum
2297 3775 2542 3822 casum.
2592 3758 2694 3820 Sic
2741 3757 2941 3819 etiam
2988 3752 3344 3817 dicendum
3395 3756 3496 3813 est
3546 3748 3628 3813 de

2081 3876 2492 3938 absolutione
2540 3874 2692 3936 data
2753 3870 2970 3951 quoad
3018 3887 3207 3932 casus
3265 3873 3633 3930 reservatos

2082 3992 2163 4052 ab
2236 4007 2340 4064 ee,
2418 3992 2527 4068 qui
2590 3995 2768 4050 caret
2844 3991 3166 4066 potestate
3241 3981 3628 4046 absolvendi

2082 4108 2247 4170 tales
2281 4124 2510 4180 casus;
2564 4111 2630 4167 et
2672 4106 2847 4167 idem
2882 4105 2964 4165 de
2998 4119 3102 4173 ee,
3136 4103 3244 4181 qui
3277 4116 3409 4164 nen
3453 4100 3633 4163 dolet

2082 4225 2165 4286 de
2199 4226 2416 4303 aliquo
2466 4229 2762 4302 peccate,
2807 4221 2927 4285 sed
2972 4222 3181 4302 magis
3237 4221 3627 4297 complacet,

2081 4344 2231 4404 licet
2255 4341 2340 4403 de
2365 4341 2503 4402 aliis
2527 4341 2767 4403 habeat
2798 4339 3079 4418 aliquam
3111 4337 3625 4415 displicentiam;

2078 4460 2317 4537 loquor
2348 4457 2430 4519 de
2461 4457 2870 4519 mortalibus

2076 4554 2087 4561 ³
2162 4574 2292 4636 Sed
2324 4578 2389 4634 in
2447 4573 2808 4652 preposite,
2870 4572 3189 4651 originale
3242 4579 3306 4634 et
3353 4571 3630 4633 actualia

2082 4699 2232 4753 ante
2304 4693 2707 4769 Baptismum
2770 4692 3112 4752 commissa
3169 4706 3301 4752 nen
3354 4689 3633 4750 subsunt

2071 4808 2511 4890 jurisdictioni
2540 4807 2863 4879 Ecclesiae,
2900 4822 3120 4886 neque
3181 4805 3453 4879 directe,
3514 4822 3625 4867 ne-

2081 4943 2212 5005 que
2242 4926 2561 4987 indirecte
2595 4925 2677 4985 de
2725 4925 2849 4987 illis
2907 4929 3125 5002 petest
3181 4934 3646 5003 cognoscere:

2082 5060 2240 5122 erge
2292 5041 2483 5104 fictus
2528 5041 2832 5118 nequiret
2880 5040 3150 5114 absolvi,
3205 5040 3327 5101 nisi
3383 5040 3650 5119 Baptis-'

2078 5175 2227 5220 mus
2269 5159 2334 5219 in
2392 5174 2463 5218 re
2521 5161 2870 5235 susceptus
2933 5156 3211 5219 haberet
3271 5154 3629 5219 efficaciam

2081 5278 2395 5352 respectu
2450 5272 2709 5335 illorum
2758 5270 3119 5334 accedente
3200 5274 3616 5350 poenitentia,

2083 5405 2228 5468 quae
2301 5386 2492 5450 simul
2566 5387 2748 5449 tollat
2815 5385 3179 5459 fictionem,
3240 5403 3391 5448 nam
3464 5388 3631 5449 sicut

2083 5509 2347 5586 ponitur
2397 5507 2568 5568 obex
2615 5514 2928 5584 respectu
2959 5506 3266 5583 Baptismi
3316 5521 3436 5583 per
3474 5502 3711 5580 ficti-1n
3740 5530 3857 5578 ficto
3898 5537 3975 5581 est

2081 5642 2303 5701 onem,
2351 5627 2442 5687 sic
2499 5625 2691 5687 etiam
2725 5634 2824 5689 est
2860 5626 3021 5688 obex
3076 5634 3387 5704 respectu
3431 5628 3654 5704 poeni-'
3762 5590 3887 5641 ”¹³⁰¹

3685 3333 3946 3399 Exempla.
