4287 6313
543 369 663 431 464

553 534 638 598 tis
670 534 745 598 in
790 533 1244 599 remissionem
1286 541 1705 619 peccatorum
1750 548 1886 594 non
1916 546 2087 603 vere,

549 649 665 729 sed
693 649 869 731 false
920 649 1366 735 intelliqatur,
1430 646 1786 712 anatliema
1815 644 1927 723 sit,
1964 652 2089 708 etc.

548 765 836 850 Propter
863 766 1036 831 hanc
1077 766 1256 830 enim
1310 763 1478 847 fidei
1513 762 1838 849 requiam,
1893 759 2091 824 etiam

544 882 842 968 parvuli,
886 883 1001 969 qui
1063 881 1242 947 nihil
1292 890 1716 968 peccatorum
1746 879 1822 943 in
1857 878 2097 963 seipsis

546 998 764 1064 adhuc
847 999 1251 1065 committere
1311 1007 1696 1084 potuerunt,
1796 994 1946 1059 ideo
2021 993 2095 1058 in

542 1123 962 1199 peccatorum
999 1114 1454 1179 remissionem
1517 1112 1849 1177 veraciter
1879 1108 2098 1193 bapti-

547 1239 891 1308 zantur,ut
921 1230 995 1295 in
1021 1230 1114 1295 eis
1151 1230 1655 1317 reyeneratione
1710 1225 2090 1303 mundetur,

549 1344 725 1431 quod
764 1346 1191 1432 yerteratione
1224 1354 1739 1423 traxerunt,etc.
1778 1344 1893 1408 Hic
1926 1340 2095 1407 idem

548 1471 757 1518 canon
827 1467 1205 1539 resumptus
1280 1463 1381 1518 est
1446 1471 1479 1517 a
1531 1449 1842 1518 Conciliis
1929 1446 2098 1514 Afri-

550 1568 730 1634 canis
827 1581 890 1635 et
939 1568 1319 1635 Tridentino
1364 1590 1517 1635 sess.
1578 1572 1643 1636 5.
1680 1566 1763 1633 de
1835 1574 2098 1652 peccato

551 1683 899 1771 oriqinali‚
954 1706 1080 1750 can
1138 1688 1210 1750 4.
1256 1684 1536 1751 habetur
1604 1705 1750 1770 cap.
1833 1682 2103 1748 Placuit

551 1799 634 1866 de
690 1811 1049 1865 consecrat.
1103 1800 1259 1866 dist.
1335 1804 1399 1867 4.
1465 1821 1622 1887 ergo
1698 1799 1904 1865 forma
1981 1801 2101 1863 Ba-

555 1916 801 2004 ptismi,
869 1929 1180 2011 tunclest
1222 1937 1404 1995 vera,
1463 1937 1613 1983 cum
1680 1927 1903 1983 causat
1933 1912 2103 2002 quod

559 2032 929 2120 significat3
984 2032 1086 2099 vel
1129 2044 1285 2100 tunc
1316 2032 1591 2100 daturin
1642 2030 2101 2098 remissionem

563 2163 1001 2235 peccatorum,
1057 2149 1317 2237 quando
1377 2149 1689 2237 supponit
1737 2159 2099 2235 peccatum,

558 2265 660 2332 vel
731 2266 902 2353 quod
961 2266 1158 2346 inest,
1236 2266 1341 2332 vel
1394 2266 1564 2354 quod
1636 2265 1878 2344 infuit3
1948 2284 2105 2350 ergo

559 2404 688 2450 non
749 2386 958 2471 potuit
1024 2386 1161 2452 dari
1231 2386 1549 2451 veraciter
1590 2387 1801 2450 Beatae
1848 2382 2105 2469 Virgini

561 2499 687 2567 nisi
749 2522 829 2568 ex
917 2502 1371 2589 suppositione
1423 2500 1665 2589 peccati
1727 2519 1854 2567 non
1928 2512 2105 2566 actu·

561 2617 708 2698 alis,
744 2617 917 2705 quod
978 2640 1311 2705 nunquam
1352 2617 1657 2697 admisit;
1708 2616 1867 2703 ergo
1907 2615 2106 2702 origi·

566 2733 758 2813 naliS,
796 2733 1085 2821 alioquin
1157 2754 1283 2799 non
1355 2735 1551 2800 habet
1617 2732 1824 2799 forma
1886 2752 2105 2798 veram

561 2849 1112 2936 significationem
1164 2849 1575 2917 remissionis
1607 2849 1848 2937 peccati
1901 2847 1964 2914 in
2007 2869 2103 2929 re,

561 2977 674 3032 aut
727 2965 791 3031 in
861 2982 1035 3032 voto.

329 3110 414 3163 24.
687 3080 1148 3161 Confirmatur,
1225 3080 1612 3148 Poenitentia
1699 3100 1827 3146 non
1899 3080 2109 3168 magis

242 3175 516 3226 confirma·
563 3197 833 3283 respicit
864 3209 1199 3285 peccatum
1226 3199 1475 3265 actuale
1515 3209 1662 3284 post
1704 3197 2106 3284 Baptismum

303 3236 399 3288 tio.

563 3314 1012 3394 commissum,
1085 3335 1279 3401 quam
1340 3315 1711 3402 Baptismus
1771 3327 2105 3400 peccatum

212 3299 534 3365 Comparatio

237 3364 312 3412 Ba
349 3362 503 3425 tismi,

237 3425 497 3538 etmffiffi·
561 3428 904 3517 originale,
941 3438 1052 3495 aut
1110 3430 1362 3495 actuale
1412 3441 1599 3496 antea
1650 3429 2102 3510 commissum,

238 3548 293 3598 in
322 3549 505 3662 ‘ffim
544 3545 855 3660 'alioquin
896 3546 1365 3633 consequentia
1415 3545 1682 3612 Concilii
1745 3565 1874 3611 non
1923 3544 2106 3612 vale-

212 3679 497 3740 pecoetum.
560 3674 658 3728 ret
731 3661 799 3727 in
851 3661 1170 3750 parvulis,
1243 3681 1392 3730 nam
1443 3683 1524 3728 ex
1594 3682 1671 3728 eo
1735 3660 1906 3749 quod
1975 3682 2106 3728 non

558 3778 841 3845 habeant
907 3755 1185 3860 actuale,
1239 3778 1436 3845 infert
1475 3779 1553 3845 ad
1593 3779 1938 3846 veritatem
1975 3779 2108 3846 for-

562 3914 688 3960 mae
728 3894 794 3960 in
829 3893 992 3980 ipsis
1041 3894 1286 3982 requiri
1318 3894 1679 3981 originale;
1724 3892 1837 3960 sed
1898 3892 2105 3980 poeni-

557 4011 759 4079 tentia
810 4013 898 4079 ita
966 4011 1233 4100 respicit
1300 4024 1635 4098 peccatum
1696 4023 1844 4097 post
1893 4011 2105 4098 Bapti-

556 4142 881 4212 smum,ut
910 4150 1039 4196 non
1072 4130 1280 4216 possit
1322 4127 1840 4208 ministrari,nisi
1882 4148 2108 4214 respe-

555 4249 728 4316 ctive
764 4248 845 4316 ad
878 4247 1118 4334 ipsum,
1157 4267 1368 4334 neque
1405 4247 1819 4326 absolvi‚nisi
1854 4247 1964 4334 qui
2015 4248 2112 4315 sic

557 4365 679 4433 fuit
719 4378 1039 4453 peccatum
1077 4387 1235 4453 ergo
1277 4386 1490 4453 neque
1522 4366 1892 4452 Baptismus
1942 4366 2107 4451 dari,

556 4494 668 4548 aut
762 4482 971 4550 forma
1034 4483 1179 4570 ejus
1263 4481 1615 4562 verificari,
1692 4482 1815 4549 nisi
1884 4503 2111 4569 respe-

556 4600 733 4667 ctive
779 4600 856 4667 ad
892 4613 1254 4687 peccatum,
1320 4600 1494 4688 quod
1561 4601 1807 4680 infuit3
1853 4613 2111 4668 utrum-

561 4737 689 4805 que
748 4716 924 4783 enim
964 4737 1045 4783 ex
1099 4716 1231 4782 fine
1301 4716 1657 4782 intrinseco
1735 4715 2107 4783 institutum

557 4846 659 4902 est
687 4831 766 4900 ad
809 4833 1269 4900 remissionem
1340 4824 1610 4919 peccati,
1679 4832 1956 4899 alterum
2000 4854 2115 4919 per

565 4951 826 5018 modum
853 4950 1685 5037 regenerationis,alterum
1712 4970 1827 5036 per
1851 4949 2113 5016 modum

565 5066 1117 5135 reconciliationis
1153 5090 1169 5147 3
1208 5080 1563 5155 utrumque
1615 5065 1977 5153 appellatur
2026 5079 2118 5132 ta·

566 5185 739 5265 bula,
812 5206 939 5273 qua
980 5184 1315 5251 salvamur
1370 5204 1407 5250 a
1486 5182 1852 5270 nauh-agiu.
1901 5183 2116 5270 Bapti-

564 5322 745 5370 smus
796 5303 858 5366 1.
927 5301 1099 5367 Petri
1179 5306 1244 5368 3.
1288 5301 1476 5377 Quod
1552 5311 1613 5366 et
1687 5321 1798 5366 vos
1870 5299 2118 5366 similis

568 5419 807 5504 formoe
837 5418 1056 5483 salvos
1085 5418 1247 5503 fecit
1280 5419 1779 5504 Baptisma‚etc.
1802 5416 2118 5503 Origenes

571 5537 745 5604 hom.
792 5539 855 5602 2.
924 5537 997 5602 in
1046 5539 1113 5603 6.
1175 5557 1323 5623 cap.
1385 5536 1676 5616 Genesis,
1712 5534 2120 5621 Augustinus

2181 1689 2479 1757 'cessitas
2538 1685 2734 1753 medii
2811 1697 2873 1753 et
2950 1682 3285 1771 praecepti,

1695 365 1839 426 ms.
1868 363 1990 437 JV.
2026 358 2633 441 ‘SENTENTtARUM

2209 523 2321 589 lib.
2385 528 2490 590 12.
2535 528 2774 590 contra
2839 523 3175 601 Faustum,
3257 541 3403 606 cap.
3475 522 3582 586 14.
3639 521 3746 584 15.
3802 542 4072 614 0530092,

2207 642 2316 706 38.
2361 642 2470 707 36.
2544 651 2605 705 et
2682 641 2794 707 lib.
2880 641 2983 706 19.
3046 660 3193 725 cap.
3252 640 3358 702 12.
3397 634 3753 722 Gregorius
3784 610 4065 733 Αζξξὲξξ·

2207 757 2376 826 hom.
2441 761 2546 836 12,
2601 758 2675 823 in
2723 758 2958 822 Ezech.
2997 755 3460 840 Hieronymus.
3516 751 3629 817 lib.
3679 755 3742 818 1.
3835 730 4046 785 meren.

2207 885 2439 940 contra
2501 874 2958 951 Jovinianum,
3027 882 3089 937 et
3136 871 3336 957 epist.
3391 873 3499 935 57.
3537 867 3750 935 Poeni-

2208 989 2409 1056 tentia
2449 1011 2604 1056 vero
2635 989 2915 1056 secunda
2947 988 3165 1055 tabula
3195 987 3350 1052 dist.
3388 990 3449 1053 1.
3513 985 3593 1051 de
3620 1005 3754 1071 poe-

2206 1108 2515 1186 nitentia,
2560 1127 2708 1172 can.
2743 1106 3032 1172 secunda
3055 1105 3304 1171 tabula.
3340 1102 3515 1169 Idem
3560 1101 3750 1187 epist.

2208 1221 2299 1288 ad
2363 1222 2873 1302 Demetriadem,
2991 1232 3053 1288 et
3108 1220 3253 1286 alia
3309 1218 3398 1285 ad
3487 1196 3758 1283 Sabiniss

2210 1349 2504 1419 anumet
2546 1338 2659 1404 lib.
2696 1342 2760 1405 2.
2798 1338 2873 1403 in
2905 1337 3147 1402 lsaiam
3177 1356 3324 1421 cap.
3378 1337 3442 1400 3.
3487 1331 3758 1399 Schola-

2211 1455 2358 1521 stici
2415 1456 2490 1521 in
2562 1459 2627 1521 4.
2715 1454 2871 1520 dist.
2947 1456 3050 1518 14.
3115 1461 3174 1517 et
3205 1453 3268 1516 3.
3304 1459 3486 1536 part.
3531 1471 3594 1535 q.
3631 1451 3741 1515 83.

2211 1584 2340 1641 art.
2385 1576 2451 1640 6.
2488 1571 2756 1659 Utrique
2795 1569 2991 1636 etiam
3031 1588 3219 1656 aeque
3269 1565 3576 1652 competit
3636 1586 3747 1632 ne·

3387 1702 3513 1769 qua
3585 1680 3755 1747 ordi-

2217 1816 2454 1871 nantur
2543 1802 2621 1869 ad
2700 1815 3057 1890 peccatum.
3160 1799 3226 1866 Si
3303 1821 3461 1888 ergo
3552 1798 3760 1865 forma

2216 1923 2627 1989 Poenitentiae
2668 1941 2796 1986 non
2828 1922 3037 2006 potuit
3067 1941 3213 1988 esse
3243 1937 3401 1987 vera
3444 1916 3509 1982 in
3569 1918 3761 1982 Beata

2219 2040 2508 2127 Virgine,
2580 2038 2731 2126 quia
2771 2058 2899 2104 non
2967 2035 3196 2103 habuit
3245 2032 3520 2112 actuale,
3566 2031 3760 2098 etiam

2219 2157 2495 2236 veniale,
2534 2168 2604 2222 ut
2635 2167 2812 2221 tenet
2840 2153 3149 2233 Ecclesia,
3197 2149 3557 2217 Tridentin.
3593 2169 3751 2214 sess.

2218 2276 2283 2342 9.
2346 2296 2494 2340 can.
2577 2276 2685 2339 23.
2749 2272 2836 2338 ita
2894 2269 3088 2338 etiam
3161 2288 3371 2356 neque
3449 2263 3759 2352 Baptismi

2222 2393 2426 2459 forma
2497 2410 2648 2455 vera
2708 2387 2879 2466 fuit,
2941 2386 3065 2453 nisi
3144 2405 3225 2451 ex
3312 2381 3764 2470 suppositione

2219 2506 2582 2594 originalis

2293 2612 2460 2689 'Haec
2488 2619 2837 2688 difficultas
2867 2616 3080 2704 tangit
3110 2615 3322 2703 plura,
3363 2630 3512 2701 quae
3543 2612 3759 2679 brevi-

2220 2750 2317 2804 ter
2364 2749 2615 2804 tantum
2658 2737 2764 2801 hic
2801 2746 3077 2802 tractare
3118 2731 3288 2811 licet,
3345 2743 3415 2797 ut
3472 2750 3553 2796 ex
3613 2728 3764 2795 fidei

2222 2854 2469 2943 regulis
2509 2874 2737 2920 verum
2768 2853 2997 2918 formae
3037 2845 3443 2936 baptismalis
3493 2866 3761 2913 sensum

2220 2968 2701 3057 eliciamuS,qui
2742 2980 2841 3035 est
2882 2967 3007 3045 ille,
3046 2985 3239 3054 quem
3287 2962 3511 3051 paucis
3542 2962 3763 3030 verbis

2220 3087 2485 3176 attingit
2541 3091 2769 3152 Doctor
2820 3084 2884 3149 in
2951 3080 3377 3170 responsione
3421 3079 3765 3168 proemissa

2221 3205 2289 3270 in
2344 3216 2525 3271 textu
2558 3202 2637 3269 ad
2684 3201 2926 3268 calcem
2958 3197 3371 3288 quaestionis,
3423 3200 3518 3263 Ne
3547 3207 3763 3263 autem

2220 3322 2517 3389 videatur
2555 3321 2756 3387 libera
2796 3331 2860 3385 et
2890 3319 3032 3385 sine
3062 3315 3502 3394 fundamentO,
3531 3314 3764 3400 proba-

2218 3451 2325 3505 tur
2382 3459 2496 3525 per
2554 3449 2926 3524 sequentes,
2960 3432 3439 3502 conclusiones,
3903 3499 3965 3550 25

2345 3555 2560 3621 Prima
2627 3551 3009 3619 conclusio:
3081 3550 3230 3616 Non
3285 3559 3377 3615 est
3445 3546 3527 3613 de
3591 3546 3763 3612 veri·
3791 3536 4082 3634 Conclu'gio.

3815 3628 4089 3677 Haeretica-

3892 3701 4010 3737 mm

3849 3105 4049 3159 Solutio

3843 3170 4083 3222 Doctoris

3842 3233 4084 3297 probatur

3825 3311 3878 3344 se
3915 3294 4087 3344 uenti-

3934 3373 4009 3407 us.

2221 3681 2351 3738 tate
2389 3672 2627 3754 sormoe
2692 3666 3110 3755 baptismalis
3149 3675 3219 3731 ut
3281 3665 3495 3730 ullum
3533 3684 3755 3749 pecca·
3951 3750 3956 3755 ⁸

2222 3798 2378 3867 tum,
2441 3787 2578 3852 sive
2649 3783 3008 3872 oriqinale,
3058 3783 3198 3847 sive
3247 3779 3526 3860 actuale,
3594 3778 3767 3865 quod
3797 3751 4116 3872 ,Βθζξξῗᾘζζ

2221 3906 2415 3982 inest,
2466 3903 2763 3969 remittat
2821 3902 2895 3966 in
2961 3898 3411 3966 determinata
3483 3896 3762 3983 subjecti
3798 3874 4094 3925 remissione

2221 4021 2656 4107 dispositione
2726 4029 2789 4084 et
2860 4027 3059 4096 statu,
3162 4016 3462 4103 quamvis
3545 4012 3770 4079 valide

2223 4137 2611 4219 conseratur
2693 4133 3099 4219 Baptismus,
3171 4141 3231 4196 et
3301 4138 3772 4216 consequenter

2220 4256 2446 4340 forma
2477 4255 2618 4338 ejus
2652 4251 2947 4337 practice
2984 4249 3393 4331 verificetur.
3431 4250 3582 4313 Haec
3612 4266 3765 4314 con-

2224 4367 2432 4436 clusio
2516 4378 2616 4434 est
2654 4366 2734 4433 de
2821 4365 2971 4445 fide,
3025 4375 3089 4431 et
3138 4364 3450 4451 probatur
3523 4383 3605 4429 ex
3665 4361 3774 4429 illa

2223 4487 2497 4553 veritate
2572 4503 2749 4569 saepe
2823 4481 3254 4548 determinata
3323 4478 3403 4544 ab
3480 4478 3774 4546 Ecclesia

2224 4615 2448 4669 contra
2486 4599 2830 4688 antiquum
2862 4618 3175 4674 errorem,
3260 4617 3494 4683 nempe
3553 4596 3776 4684 Bapti-

2226 4738 2438 4785 smum
2479 4719 2560 4784 ab
2592 4715 2920 4783 haereticis
2950 4715 3255 4781 collatum
3288 4713 3483 4779 etiam
3526 4713 3769 4791 adulto,

2225 4855 2372 4902 esse
2430 4834 2745 4911 validum,
2820 4830 3123 4920 quamvis
3212 4830 3395 4898 illum
3455 4829 3779 4917 receperit

2227 4952 2294 5018 in
2363 4951 2603 5018 haeresi
2645 4963 2901 5016 servata
2962 4948 3170 5015 forma
3258 4957 3322 5014 et
3373 4947 3645 5014 materia
3711 4957 3776 5013 et

2229 5069 2590 5134 intentione
2620 5065 2979 5154 requisitis
3019 5068 3088 5132 In
3130 5064 3236 5130 his
3286 5077 3503 5130 tamen
3565 5062 3777 5151 quoad

2229 5185 2485 5252 adultos
2543 5184 2948 5271 professores
3023 5181 3320 5258 haeresiS,
3385 5200 3512 5246 non
3579 5178 3780 5266 signi·

2233 5299 2466 5366 ficabat
2496 5310 2643 5365 actu
2688 5297 3143 5365 remissionem
3187 5307 3642 5382 peccatorum3
3678 5313 3777 5360 er·

2232 5439 2317 5505 go
2358 5437 2487 5482 non
2528 5427 2627 5482 est
2668 5414 2776 5481 ille
2829 5434 3066 5481 sensus
3134 5433 3333 5479 verus
3383 5412 3638 5490 formae,
3715 5423 3780 5478 et

2235 5532 2608 5603 necessario
2710 5532 3091 5620 requisitus.
3144 5528 3550 5597 Antecedens
3606 5535 3781 5615 patet

3851 3936 4069 4003 peceati.
