4287 6313
1692 377 1896 445 DIST.
1945 382 1991 444 1.
2024 380 2383 457 QUAESTIO
2414 382 2514 443 Vl.

508 544 597 614 tu
687 545 1010 616 naturae
1072 542 1347 638 lapsae,
1412 543 1869 635 congruunt
1930 539 2070 613 ho-

524 775 1138 868 spiritualium;
1266 794 1465 867 ergo
1584 773 2076 847 rationabile

518 897 642 968 est
714 894 1035 987 aliquod
1069 897 1715 976 Sacramentum,
1783 892 2077 966 saltem

523 1016 818 1086 contra
863 1012 1288 1105 originale,
1337 1011 1591 1084 fuisse
1644 1009 1724 1082 in
1767 1015 2077 1102 tempo-

525 1152 615 1203 re
673 1129 877 1223 legis
908 1134 1253 1205 naturae.
1303 1129 1382 1204 Si
1421 1133 1699 1202 autem
1753 1127 2081 1219 aliquod

525 1248 765 1331 aliud,
814 1251 1009 1340 puta
1044 1246 1691 1329 Matrimonium,
1764 1244 1890 1317 vel
1941 1244 2081 1315 ali-

528 1365 735 1458 quod
775 1363 1421 1456 correspondens
1483 1362 1732 1434 alicui
1794 1364 2079 1435 Sacra-

530 1466 805 1553 mento
867 1499 1098 1552 novae
1140 1478 1371 1570 legiS,
1428 1476 1674 1550 fuerit
1712 1476 1852 1549 illo
1888 1481 2083 1550 temss

530 1616 753 1688 pore,
817 1596 910 1668 de
961 1595 1114 1669 hoc
1164 1594 1504 1668 inferius
1556 1595 1634 1668 in
1708 1595 2083 1668 tractati-

531 1712 679 1784 bus
711 1711 802 1784 de
844 1709 1008 1784 illis
1072 1710 1660 1785 sacramentis.

174 1833 379 1962 Μιῇἐ
442 1894 466 1945 ¹
622 1827 735 1900 Ad
808 1827 1161 1920 primum
1240 1829 1815 1919 argumentum
1874 1827 2077 1910 dico,

388 1932 402 1946 ’
482 1931 742 2037 'quod
799 1944 1250 2037 Gregorius
1293 1964 1454 2016 non
1519 1942 1910 2035 intelligit
1962 1965 2083 2015 so-

535 2058 699 2130 lam
748 2059 1007 2145 fidem,
1080 2080 1228 2153 pro
1290 2061 1466 2133 solo
1536 2059 1844 2142 habitu,
1937 2081 2082 2132 nec

534 2174 751 2247 forte
810 2178 1129 2248 tantum
1201 2195 1350 2267 pro
1422 2180 1604 2249 actu
1669 2175 2077 2260 interiori,

534 2291 672 2363 sed
734 2310 881 2383 pro
951 2296 1136 2366 actu
1218 2292 1620 2365 exteriori
1717 2292 2082 2365 sensibili

532 2410 1048 2500 protestante
1080 2408 1337 2482 fidem.
1364 2409 1511 2482 Ille
1543 2411 1816 2482 autem
1853 2414 2085 2482 actus

533 2522 1035 2598 sufficienter
1139 2524 1406 2618 potuit
1501 2524 1800 2596 habere
1889 2525 2087 2598 rati-

537 2660 775 2713 onem
848 2640 1382 2722 sacramenti,
1464 2644 1543 2714 et
1632 2640 1746 2713 sic
1814 2641 2089 2714 distin-

536 2757 823 2849 guitur
870 2757 1060 2830 fides
1104 2758 1301 2841 sola,
1367 2758 1438 2830 id
1478 2761 1630 2840 est,
1698 2758 1888 2830 fides
1960 2779 2087 2830 so-

534 2872 820 2948 litaria
889 2872 1061 2945 sine
1131 2874 1585 2957 sacrificiis,
1654 2881 1943 2949 contra
2010 2875 2087 2946 fi-

534 2993 714 3065 dem
777 2993 855 3064 in
936 2992 1340 3066 sacrificio
1385 2997 1966 3087 protestatam;
2007 2997 2087 3067 et

540 3107 899 3201 primum
951 3108 1222 3202 posuit
1274 3109 1444 3204 ipse
1487 3108 1858 3184 sufficere
1936 3130 2084 3204 pro

540 3227 949 3319 parvulis;
997 3227 1211 3303 forte
1252 3234 1526 3304 autem
1596 3231 1757 3303 ista
1827 3234 2090 3323 prote-

543 3343 793 3418 statio
836 3344 1076 3421 fiebat
1128 3346 1204 3418 in
1247 3347 1497 3419 verbo
1557 3347 1830 3439 aliquo
1871 3347 2087 3420 invo-

542 3457 769 3531 candi
828 3460 1112 3543 Deum,
1173 3462 1302 3534 vel
1347 3461 1738 3537 offerendi
1800 3485 2089 3557 parvu-

3621 375 3737 439 233

2184 540 2408 615 tione
2475 539 2887 624 fecissent,
2966 543 3134 615 tum
3237 542 3402 611 Gen.
3495 541 3561 611 4.
3657 539 3750 611 de

520 659 717 732 mini
830 659 1063 752 signa
1150 659 1566 733 sensibilia
1698 659 2071 750 respectu
2180 658 2538 732 olatina
2628 659 2815 731 Abel
2910 663 2992 731 et

3094 657 3329 734 Cain.
3401 661 3574 730 tum
3652 676 3753 729 ex

2197 775 2607 848 oblatione
2642 776 2840 856 Noe,
2901 778 3332 866 postquam
3367 773 3621 846 exivit
3661 773 3751 845 de

2194 913 2390 966 arca
2448 896 2609 962 Gen.
2646 896 2713 966 8.
2758 896 2934 967 tum
2976 912 3074 964 ex
3110 891 3521 966 oblatione
3563 890 3753 963 Mel-

2194 1009 2640 1092 chisedech,
2708 1010 2840 1102 qui
2909 1012 3091 1084 erat
3162 1008 3558 1083 Sacerdos
3617 1028 3745 1080 ex-

2195 1126 2394 1200 celsi
2435 1125 2607 1206 Dei,
2663 1131 2752 1200 ut
2817 1125 3117 1200 dicitur
3181 1129 3342 1195 Gen.
3400 1126 3505 1197 14.
3571 1127 3748 1197 tum

2190 1265 2290 1317 ex
2388 1243 2793 1318 oblatione
2870 1241 3239 1327 Abrahae,
3334 1238 3757 1317 dividentis

2194 1380 2573 1444 vaccam;
2619 1378 2846 1451 ergo.

2284 1481 2384 1552 Et
2464 1478 2676 1552 istud
2737 1476 2891 1551 fuit
2979 1475 3496 1558 rationabile,
3557 1475 3745 1568 quia

2196 1596 2566 1670 homines
2630 1594 3028 1688 temporis
3107 1594 3326 1667 illius
3410 1594 3744 1668 fuerunt

2197 1710 2435 1805 proni
2505 1710 2600 1782 ad
2690 1710 3272 1793 idololatriam,
3375 1711 3461 1782 ut
3525 1713 3746 1801 patet

2194 1849 2293 1901 ex
2327 1832 2557 1903 tanta
2593 1827 3128 1909 multitudine,
3170 1848 3343 1920 quae
3377 1831 3746 1919 tempore
3864 1852 3984 1901 asse
4061 1826 4064 1829 ’

2195 1945 2336 2018 illo
2405 1943 2737 2019 defluxit
2810 1945 2906 2017 ad
2999 1963 3203 2016 eam.
3284 1943 3471 2017 Fuit
3543 1962 3741 2034 ergo
3782 1912 4093 2025 swsslssssffi’

2195 2080 2651 2154 congruum
2730 2058 2807 2131 in
2914 2060 3381 2141 remedium,
3463 2079 3561 2131 ne
3649 2059 3742 2130 ad
3833 2044 4032 2152 ⁰022?ssss

2197 2182 2442 2254 istam
2511 2178 2977 2258 defluerent,
3019 2178 3219 2271 quod
3295 2179 3509 2250 Deus
3573 2176 3741 2248 suis
3786 2163 4060 2279 gfflfssfff‘

2196 2298 2649 2372 cultoribus
2776 2296 3245 2370 institueret
3339 2294 3745 2367 sacrificia

2201 2414 2353 2487 sibi
2445 2411 2880 2487 offerenda.
2994 2411 3385 2486 Possibile
3472 2416 3744 2486 autem

2198 2536 2347 2615 est,
2422 2532 2626 2623 quod
2707 2530 3029 2623 aliquod
3116 2528 3748 2603 determinatum

2204 2645 2697 2721 sacrificium
2794 2645 3006 2717 foret
3080 2646 3745 2723 Sacramentum3

2204 2785 2365 2837 non
2407 2767 2532 2837 est
2573 2762 2786 2834 enim
2833 2766 3121 2835 contra
3182 2760 3584 2834 rationem
3632 2779 3747 2831 sa-

2204 2881 2520 2963 crificii,
2596 2881 2802 2972 quod
2887 2879 3150 2973 ipsum
3229 2877 3355 2951 vel
3443 2877 3745 2951 oblatio

2203 2999 2379 3090 ejus
2469 2997 2575 3071 sit
2655 3000 3298 3079 Sacramentum,
3391 3000 3471 3070 et
3557 3000 3747 3070 tunc

2198 3114 2415 3205 (licet
2493 3112 2981 3205 indistincte)
3041 3112 3385 3186 habetur
3442 3113 3532 3186 de
3600 3111 3750 3185 tali

2201 3235 2734 3307 Sacramento
2783 3230 2865 3303 in
2913 3230 3257 3302 diversis
3293 3230 3494 3303 locis
3540 3229 3750 3304 Scri-

2205 3353 2491 3445 pturae,
2539 3351 2743 3442 quod
2796 3348 2900 3422 sit
2961 3346 3513 3421 institutuma
3579 3350 3747 3420 Deo

2205 3468 2283 3541 in
2327 3469 2502 3560 loge
2554 3471 2747 3542 natu
2765 3487 2901 3539 rae.

541 3573 712 3646 lum
760 3577 956 3648 Deo.
1013 3579 1458 3651 Secundum
1537 3584 1833 3665 autem,
1873 3580 2088 3655 scili·
2193 3621 2196 3624 -

544 3694 673 3765 cet
748 3691 981 3765 fidem
1077 3715 1260 3767 cum
1374 3695 1827 3782 sacrificiis,
1940 3719 2088 3793 pro

546 3807 848 3881 adultis
911 3807 1160 3882 fuisse
1190 3813 1746 3887 necessarium
1790 3814 2086 3907 posuit.

619 3927 732 3997 Ad
756 3927 1189 4000 secundum
1235 3931 1500 4020 potest
1531 3930 1686 4004 dici
1720 3952 1876 4005 uno
1923 3953 2091 4005 mo-

542 4038 884 4133 do,quod
914 4041 1178 4134 potuit
1199 4046 1412 4117 Deus
1432 4045 1596 4119 tale
1621 4050 2091 4121 Sacramen-

548 4159 720 4229 tum
766 4157 1178 4231 revelasse
1209 4159 1455 4234 alicui
1502 4164 1864 4246 Patrum,
1911 4184 2090 4237 cum

548 4292 705 4363 quo
755 4275 948 4347 tunc
1016 4275 1521 4368 frequentius
1578 4279 2091 4372 loquebatur,

258 3945 343 3995 Ad
371 3943 425 3994 2.

548 4387 741 4463 licet
800 4390 929 4463 cui
971 4395 1051 4465 et
1087 4395 1422 4484 quando,
1461 4397 1891 4489 Scriptura
1935 4419 2097 4471 non

544 4506 789 4588 dicat,
865 4529 1038 4600 quae
1117 4511 1215 4583 ab
1292 4512 1540 4585 Adam
1649 4536 1900 4607 usque
2003 4517 2098 4589 ad

550 4622 961 4697 Abraham
1075 4626 1276 4701 satis
1411 4630 1823 4704 succincte
1927 4653 2100 4725 per-

550 4739 879 4813 transit.

336 4893 388 4943 4,
638 4855 786 4927 Vel
851 4857 1119 4949 potest
1205 4858 1384 4942 dici,
1453 4861 1657 4951 quod
1715 4883 2102 4956 expresse

256 4956 461 5081 ffl‘ssgd
557 4970 903 5046 habetur
970 4994 1066 5046 ex
1137 4975 1590 5068 Scriptura,
1676 4980 1881 5070 quod
1950 5000 2099 5073 pro

202 5081 529 5194 Sffiffifficm
558 5092 929 5181 tempore
985 5090 1125 5164 illo
1188 5092 1670 5183 placuerunt
1744 5096 1911 5167 Deo
1984 5116 2103 5167 sa-

218 5208 528 5320 Sacgffien·
556 5205 893 5290 crificia,
939 5208 1145 5299 quod
1185 5229 1345 5281 non
1384 5214 1624 5292 esset,
1662 5210 1820 5283 nisi
1850 5232 1896 5284 a
1931 5213 2100 5285 Deo

556 5320 902 5396 fuissent
960 5323 1362 5408 instituta,
1424 5325 1585 5398 imo
1629 5332 2102 5420 reputaren-

555 5440 699 5511 tur
721 5436 925 5513 fatui
985 5447 1064 5515 et
1099 5445 1759 5535 praesumptuosi,
1799 5445 1865 5518 si
1900 5446 2101 5520 talia

556 5554 732 5628 sine
772 5554 1039 5630 divino
1111 5562 1520 5653 praecepto
1563 5561 1687 5633 vel
1755 5561 2097 5655 inspira-

2637 3751 3290 3817 COMMENTARIUS.

2260 4044 2347 4132 (a)
2371 4043 2748 4130 Respondeo
2773 4044 2959 4110 nullo
2991 4058 3432 4131 tempor·e‚etc.
3461 4048 3614 4113 Haec
3650 4057 3750 4114 est
3910 4079 3960 4128 1.

2206 4161 2538 4227 conclusio
2600 4160 2915 4240 Doctoris,
2990 4180 3222 4247 nempe
3262 4161 3327 4226 in
3360 4173 3528 4228 statu
3581 4163 3747 4249 legis
3770 4141 4093 4255 ἓᾞξζηὲὧ

2208 4289 2459 4343 naturae
2508 4280 2713 4344 Deum
2763 4276 3130 4344 instituisse
3193 4277 3452 4365 aliquod
3522 4281 3746 4346 Sacra·
3819 4268 4036 4381 ἐξῑὲξξ

2210 4406 2496 4459 mentum
2551 4393 2615 4459 in
2665 4393 3024 4460 remedium
3077 4394 3320 4480 peccati
3379 4394 3741 4482 originalis

2211 4514 2343 4576 Hoc
2373 4509 2542 4576 idern
2593 4510 2814 4577 docuit
2843 4531 3040 4597 supra
3090 4523 3316 4597 quaest.
3371 4511 3434 4578 3.
3469 4525 3602 4580 art.
3677 4518 3742 4581 3.

2211 4627 2394 4693 Ratio
2434 4637 2556 4706 est,
2628 4626 2778 4713 quia
2821 4629 2989 4693 Deus
3021 4648 3353 4715 nunquam
3405 4629 3750 4717 dereliquit

2214 4742 2545 4809 hominem
2602 4755 2746 4830 post
2813 4743 3067 4831 lapsum
3110 4743 3255 4811 sine
3312 4746 3600 4813 remedio
3669 4746 3746 4813 ad

2214 4860 2488 4926 salutern
2532 4860 2924 4941 necessari0‚
2972 4860 3163 4948 quale
3202 4874 3301 4928 est
3342 4862 3523 4943 illud,
3578 4862 3750 4951 quod

2215 4977 2384 5044 delet
2415 4976 2769 5064 originale;
2814 4988 2877 5043 et
2918 4987 3090 5065 patet
3121 4978 3268 5056 hoc,
3304 4979 3456 5066 quia
3495 4980 3599 5071 lex
3640 5000 3751 5046 na·

2215 5108 2383 5164 turae
2421 5095 2760 5162 ordinabat
2780 5093 3114 5160 hominem
3145 5091 3220 5158 ad
3256 5092 3555 5172 salutern,
3593 5115 3751 5183 ergo

2217 5213 2445 5280 habuit
2487 5212 2698 5277 media
2739 5212 3125 5278 necessaria.
3208 5211 3529 5294 SecundO,
3599 5213 3751 5299 quia
3811 5201 4053 5300 Probatio

2217 5330 2284 5395 in
2344 5330 2452 5396 illo
2528 5340 2698 5395 statu
2753 5327 2873 5394 fuit
2935 5348 3089 5394 vera
3139 5330 3451 5409 Ecclesia,
3491 5330 3754 5398 fuerunt
3813 5310 4056 5425 ωξξὶιζῖύ·

2214 5448 2425 5528 electi,
2498 5447 2618 5513 fuit
2677 5446 2862 5527 fides,
2938 5446 3060 5513 fuit
3127 5448 3533 5537 justificati0‚
3597 5449 3749 5536 quia

2215 5565 2538 5633 Abraham
2581 5565 2937 5635 secundum
2971 5565 3345 5654 Apostolum
3400 5565 3520 5633 fuit
3541 5567 3739 5655 justi-
