4287 6313
1583 399 1779 467 msT.
1819 399 1915 465 ιιι.
1951 323 2477 487 ὀυᾼῑετιοῖὠ

454 568 618 635 nihil
649 568 972 636 assertive
998 567 1237 635 dixerit
1266 566 1693 647 Ambrosius;
1729 565 1845 632 sed
1887 584 2003 650 per

455 683 633 750 illam
674 683 1020 763 rationem,
1066 705 1196 770 qua
1244 681 1531 750 ostendit
1595 680 2001 766 Baptismum

459 801 681 867 datum
769 802 834 865 in
894 800 1161 866 nomine
1238 799 1481 866 Christi
1533 798 1599 864 in
1668 796 2003 884 primitiva

457 916 773 995 Ecclesia,
817 914 1155 982 continere
1195 913 1670 1001 professionem
1731 911 2007 979 Trinita-

457 1032 571 1113 tis,
634 1032 804 1099 sicut
832 1044 896 1098 et
927 1050 1167 1098 nomen
1209 1030 1480 1109 Christi,
1546 1040 1620 1096 ut
1666 1029 1864 1096 etiam
1896 1027 2005 1093 alii

461 1152 685 1215 Patres
707 1148 1088 1235 loquuntur,
1127 1147 1223 1213 sic
1261 1146 1483 1227 etiam,
1520 1145 1813 1232 inquam,
1884 1146 2003 1210 Ba-

463 1265 775 1351 ptismum
811 1264 1035 1331 datum
1097 1263 1166 1330 in
1207 1262 1471 1330 nomine
1534 1260 1818 1347 Spiritus
1856 1277 2002 1325 san-

111 1387 437 1499 lmeltffifgbi-
462 1380 572 1460 cti,
645 1381 982 1478 continere
1074 1378 1547 1467 professionem
1622 1375 2004 1465 implicitam

113 1512 406 1561 divinarum
462 1497 841 1574 Trinitatis;
884 1508 949 1562 et
1013 1496 1079 1561 in
1122 1495 1337 1582 primo
1393 1494 1682 1561 occurrit
1735 1491 2007 1579 objecti-

154 1589 409 1640 persona-

194 1651 341 1687 rum.

461 1610 595 1693 oni,
649 1632 798 1699 quae
833 1610 975 1678 fieri
1018 1623 1255 1698 potest,
1291 1609 1447 1697 quia
1495 1608 1867 1696 Baptismus
1906 1617 2007 1673 est

462 1726 780 1812 professio
829 1725 981 1792 fidei
1023 1724 1386 1804 TrinitatiS,
1427 1723 1705 1811 ideoque
1771 1721 2007 1789 dicitur

459 1845 950 1910 Sacramentum
987 1840 1166 1909 fidei.
1211 1843 1388 1907 Hanc
1425 1853 1646 1907 autem
1692 1838 2006 1926 professi-

456 1980 646 2026 onem
680 1959 874 2026 etiam
906 1959 1117 2026 salvat
1147 1956 1536 2024 Ambrosius
1568 1956 1636 2022 in
1678 1955 2008 2041 Baptismo

454 2074 603 2141 dato
635 2075 701 2141 in
735 2075 997 2142 nomine
1028 2074 1297 2153 Christi,
1325 2085 1518 2160 prout
1549 2071 1737 2139 datus
1767 2071 2011 2158 legitur

457 2191 519 2255 in
550 2190 770 2270 Actis;
808 2200 876 2257 et
911 2211 994 2256 ex
1024 2188 1460 2256 similitudine
1524 2186 1796 2255 rationis
1835 2185 2007 2253 idem

452 2306 772 2374 contineri
804 2306 870 2373 in
902 2307 1259 2393 Baptismo,
1298 2305 1410 2393 qui
1462 2305 1729 2372 daretur
1794 2305 1861 2370 in
1901 2324 2011 2369 no·

457 2422 632 2487 mine
663 2421 858 2490 unius
896 2441 1225 2508 personae,
1288 2433 1359 2487 ut
1424 2419 1734 2506 Spiritus
1775 2419 2005 2485 sancti.

457 2538 743 2606 Intendit
805 2558 1089 2625 namque
1135 2536 1523 2605 Ambrosius
1596 2536 1870 2623 probare
1928 2556 2010 2602 ex

460 2653 759 2722 instituto
809 2656 1123 2723 unitatem
1158 2667 1224 2721 et
1254 2653 1874 2740 inseparabilitatem
1915 2652 2011 2719 di-

460 2772 766 2839 vinarum
798 2793 1247 2860 personarum,
1281 2779 1478 2860 atque
1504 2770 1666 2837 adeo
1724 2769 2007 2856 Spiritus

460 2889 666 2954 sancti
708 2908 745 2954 a
775 2892 962 2955 Patre
994 2912 1010 2965 ;
1045 2900 1111 2955 et
1142 2887 1496 2974 respondet
1541 2885 2008 2974 objicientibus

465 3004 793 3072 haereticis
848 3004 1012 3083 loca,
1065 3025 1215 3092 quae
1291 3004 1538 3071 faciunt
1611 3004 2010 3070 mentionem

460 3118 669 3186 Patris
707 3132 770 3186 et
799 3117 969 3198 Filii,
1008 3118 1206 3186 tacita
1229 3117 1520 3205 Spiritus
1551 3116 1758 3185 sancti
1790 3135 2011 3205 perso—

463 3256 568 3314 na,
637 3236 862 3303 dicens
941 3233 1376 3322 subintelligi,
1442 3233 1614 3301 sicut
1671 3253 1707 3298 e
1789 3241 2012 3298 contra

460 3353 623 3433 loca,
653 3373 803 3440 quae
832 3354 1212 3440 exprimunt
1236 3365 1489 3420 tantum
1522 3350 1836 3438 Spiritum
1870 3369 2013 3416 san-

463 3482 668 3554 ctum,
708 3469 904 3536 etiam
936 3470 1287 3555 important
1337 3468 1625 3555 reliquas
1667 3487 2005 3553 personaS,

464 3585 720 3654 Inducit
774 3598 991 3651 autem
1043 3597 1108 3651 et
1138 3603 1505 3651 sermonem
1537 3584 1619 3650 de
1685 3581 2012 3667 Baptismo

464 3702 723 3768 dicens:
766 3701 1050 3767 Plenum
1104 3721 1242 3767 esse
1284 3697 1709 3785 Baptismum
1764 3698 1826 3764 si
1881 3699 2014 3764 Pa-

464 3831 630 3886 trem
659 3831 719 3886 el
750 3820 1003 3886 Filium
1040 3830 1101 3885 et
1138 3818 1474 3904 Spiritum
1502 3827 1804 3884 sanctum
1841 3817 2011 3900 fate-

462 3937 606 4003 aris
632 3960 659 4017 ,·
696 3937 758 4001 si
804 3958 1009 4003 unum
1051 3957 1270 4022 neyes,
1318 3946 1528 4001 tolum
1556 3935 1830 4000 subrues
1885 3955 1912 4012 ,·
1952 3943 2014 3999 et

460 4051 1014 4141 quemadmodum
1041 4053 1103 4117 si
1141 4072 1347 4117 unum
1375 4052 1451 4117 in
1491 4070 1792 4117 sermone
1842 4069 2013 4114 com·

455 4152 855 4257 prehendas,
901 4181 1018 4236 aul
1071 4171 1366 4249 Patrem,
1421 4178 1538 4235 aut
1583 4146 1860 4245 Filium,
1896 4175 2014 4232 aut

459 4287 795 4371 Spiritum
856 4295 1158 4351 sanctum
1189 4309 1214 4364 ‚·
1244 4284 1381 4368 side
1418 4295 1642 4349 autem
1709 4303 1829 4348 nec
1883 4282 2015 4347 Ρα-

458 4412 645 4480 trem,
679 4419 796 4466 uec
823 4398 1099 4476 Filium,
1159 4419 1274 4463 nec
1308 4398 1650 4484 Spiritum
1708 4405 2015 4462 sanctum

459 4517 762 4604 abneqes,
804 4516 1079 4602 plenum
1116 4525 1209 4581 est
1235 4515 1402 4598 fidei
1456 4515 1967 4579 Sacramentum
1986 4535 2014 4592 ,-

464 4636 564 4699 ica
594 4635 800 4699 etiam
835 4632 1138 4719 quamuis
1178 4642 1239 4697 et
1268 4632 1542 4697 Patrem
1613 4640 1677 4694 et
1761 4627 2016 4694 Filium

467 4760 533 4815 et
563 4748 897 4834 Spiritum
923 4755 1224 4813 sanctum
1253 4744 1463 4823 dicaS,
1504 4754 1564 4809 el
1611 4752 1726 4809 aut
1787 4741 2018 4807 Patris

464 4872 580 4928 aut
637 4861 832 4940 Filii,
907 4866 1026 4927 aut
1090 4860 1388 4948 Spiritus
1445 4858 1690 4937 sancti,
1753 4856 2018 4921 minuas

460 4989 870 5066 potestatem,
959 5000 1237 5046 vacuum
1301 4988 1394 5044 esc
1485 4996 1677 5042 omne
1767 4983 2015 5060 myste-

433 5098 668 5177 rium,
720 5109 844 5168 etc.

556 5214 827 5280 Videtur
865 5230 1026 5298 ergo
1055 5208 1238 5295 loqui
1270 5207 1349 5274 de
1378 5207 1735 5294 Baptismo,
1781 5216 2014 5293 quate-

468 5348 591 5396 nus
629 5327 903 5397 includit
943 5324 1332 5414 mysterium
1363 5323 1513 5390 fidei
1549 5322 1751 5390 trium
1792 5340 2016 5407 perso-

469 5466 723 5527 narum,
794 5457 858 5512 et
915 5454 1108 5531 prout
1166 5441 1361 5508 habet
1422 5459 1748 5507 annexam
1814 5435 2010 5503 fidem

459 5562 774 5646 ministri,
819 5560 894 5628 id.
931 5573 1062 5642 est,
1105 5557 1436 5626 mediante
1485 5555 1636 5644 ipso
1685 5553 2017 5643 Baptismo

2344 214 2461 320 ,βε

3550 409 3677 474 :319

2118 577 2529 650 potestatem,
2572 567 2716 635 sive
2744 580 3012 650 rectam,
3048 569 3190 636 sive
3233 570 3499 651 falsam;
3546 593 3664 639 un-

2116 680 2197 747 de
2218 682 2362 750 sive
2384 703 2603 763 unam,
2647 685 2792 751 sive
2835 685 3054 771 plures
3097 703 3412 771 personas
3451 688 3670 773 expri-

2117 809 2251 865 mat
2274 817 2454 878 voce,
2483 798 2672 866 modo
2696 798 2859 866 fides
2883 800 3153 867 interior
3184 801 3272 868 sit
3301 813 3497 881 recta,
3536 802 3672 889 ple·

2120 933 2279 980 num
2303 933 2451 981 esse
2481 913 2631 981 fidei
2674 918 3193 996 Sacramentum,
3219 917 3371 1005 quia
3406 919 3470 984 in
3494 939 3665 999 esse,

2118 1037 2183 1092 et
2202 1028 2577 1113 operatione
2602 1049 2752 1108 una,
2787 1031 3075 1097 creditur
3104 1031 3559 1117 inseparabilis
3591 1044 3672 1099 ab

2123 1140 2270 1208 aliis
2300 1144 2630 1229 expressis
2663 1144 2731 1210 in
2761 1166 3086 1226 sermone,
3139 1157 3204 1214 et
3231 1147 3427 1214 corde
3453 1148 3673 1215 credi-

2123 1266 2233 1320 tur
2254 1277 2552 1342 persoua,
2582 1280 2731 1347 quae
2760 1281 2888 1327 non
2911 1262 3322 1348 exprimitur,
3358 1275 3420 1330 et
3454 1264 3670 1331 inten-

2119 1370 2296 1438 tione
2346 1393 2460 1459 per
2517 1376 2715 1441 verba
2755 1376 3169 1464 importatur.
3224 1379 3290 1445 Si
3341 1393 3555 1447 autem
3589 1379 3673 1447 sit
3792 1377 3795 1380 ’

2118 1508 2391 1555 erronea
2421 1488 2605 1570 fides,
2654 1511 2904 1578 negans
2928 1493 3207 1561 interius
3238 1496 3580 1575 unitatem,
3607 1508 3674 1563 et

2118 1604 2422 1672 minuens
2462 1618 2867 1692 potestatem,
2913 1608 3063 1676 licet
3094 1631 3396 1677 sermone
3433 1632 3667 1679 omnes

2118 1738 2419 1802 personae
2468 1721 2898 1806 proferantur,
2968 1745 3246 1791 vacuum
3312 1738 3413 1793 est
3463 1746 3662 1792 omne

2119 1837 2533 1920 mysterium,
2599 1849 2912 1925 quantum
2955 1854 3057 1906 est
3094 1861 3176 1906 ex
3216 1854 3397 1928 parte
3457 1841 3671 1929 profe-

2119 1950 2347 2030 rentis,
2384 1952 2496 2038 qui
2536 1967 2793 2039 separat
2832 1976 3145 2041 personas
3186 1957 3251 2022 in
3284 1979 3439 2038 esse,
3494 1971 3558 2024 et
3605 1958 3671 2024 in

2117 2059 2417 2142 operari.
2453 2059 2606 2146 Agit
2636 2079 2796 2148 ergo
2826 2061 2907 2127 de
2937 2065 3377 2141 SacramentO,
3416 2077 3486 2131 ut
3516 2065 3671 2132 sub-

2120 2185 2220 2239 est
2267 2172 2417 2241 fidei
2457 2187 2522 2241 et
2561 2176 2905 2244 intentioni
2966 2180 3338 2266 particulari
3396 2180 3670 2248 confici-

2123 2289 2293 2356 entis
2333 2290 2575 2377 ipsum.
2613 2296 2692 2359 Et
2733 2293 2855 2361 hoc
2895 2295 3087 2362 modo
3125 2297 3415 2385 loquitur
3463 2298 3671 2364 Atha·

2123 2407 2350 2473 nasius
2378 2429 2574 2477 serm.
2612 2412 2675 2477 2.
2711 2421 2773 2477 et
2809 2415 2875 2478 3.
2910 2424 3143 2478 contra
3197 2415 3512 2482 Arianos.
3567 2413 3674 2481 Sic
3731 2425 4001 2478 Athanasi-

3819 2509 3895 2543 us.

2122 2524 2487 2609 Cyprianus
2519 2527 2594 2592 in
2631 2529 2823 2613 epist.
2859 2528 2949 2594 ad
2985 2530 3389 2595 Jubaianum
3419 2530 3499 2596 de
3539 2531 3672 2595 Ba·
3735 2555 3977 2620 cyprian.

2117 2641 2384 2724 ptismO,
2433 2655 2501 2708 ut
2537 2642 2766 2710 subest
2807 2642 2954 2710 fidei
3006 2645 3314 2712 ministri.
3378 2649 3520 2714 Non
3570 2645 3671 2712 vi-

2122 2755 2314 2823 detur
2352 2758 2738 2826 Ambrosius
2767 2760 2943 2847 loqui
2978 2759 3057 2827 de
3096 2763 3514 2828 Sacramento
3553 2762 3670 2829 ab·

2124 2873 2358 2952 solute,
2396 2886 2460 2940 et
2497 2873 2708 2961 quoad
2742 2876 2962 2941 omnia
2993 2877 3368 2945 essentialia
3399 2878 3477 2945 ad
3518 2879 3671 2946 effe-

2122 3000 2323 3070 ctum,
2352 2987 2464 3055 sed
2487 2990 2761 3076 praecise
2783 3003 2851 3057 ut
2867 2991 3155 3058 continet
3196 2993 3672 3078 professionem

2124 3102 2469 3192 fidei,quae
2501 3118 2600 3195 est
2638 3105 2705 3172 in
2738 3106 3062 3188 ministro;
3090 3121 3338 3178 certum
3370 3121 3470 3178 est
3501 3110 3677 3178 enim

2125 3220 2367 3307 ipsum,
2405 3234 2474 3288 ut
2503 3220 2670 3288 infra
2699 3222 3094 3304 videbimuS,
3150 3223 3383 3293 docere
3439 3225 3677 3294 sancti-

2123 3349 2347 3416 tatem,
2383 3348 2447 3404 et
2484 3336 2678 3405 fidem
2721 3339 3002 3407 ministri
3062 3358 3191 3406 non
3244 3341 3422 3429 exigi
3471 3341 3550 3408 ad
3581 3343 3674 3409 ef·

2123 3453 2365 3521 fectum
2408 3455 2810 3522 Sacramenti

2215 3590 2402 3664 ltem,
2479 3588 2735 3656 tradere
2764 3589 3027 3657 videtur
3055 3590 3135 3656 ad
3173 3591 3451 3659 formam
3502 3595 3667 3679 Bap-

2124 3703 2306 3769 tismi
2392 3705 2458 3771 in
2524 3705 2753 3771 ordine
2825 3705 2905 3773 ad
2980 3705 3289 3773 effectum
3367 3728 3676 3776 necessa-

2124 3818 2288 3885 riam
2364 3840 2511 3888 esse
2565 3822 3041 3888 invocationem
3127 3823 3465 3892 Trinitatis
3549 3827 3673 3894 sub

2125 3936 2410 4023 propriis
2459 3937 2860 4019 nominibuS,
2908 3939 3023 4005 lib.
3101 3945 3163 4007 2.
3207 3942 3289 4008 de
3350 3944 3659 4012 Sacram.

2124 4073 2272 4137 cap.
2318 4056 2382 4118 δ.
2418 4061 2480 4116 et
2538 4056 2600 4118 7.
2674 4053 2787 4119 lib.
2857 4053 2941 4120 de
2970 4056 3058 4121 iis
3114 4058 3245 4142 qui·
3277 4058 3669 4140 initiantur,

2123 4191 2277 4253 cap.
2319 4172 2384 4234 4.
2424 4170 2564 4237 Non
2611 4169 2750 4256 agit
2810 4192 2968 4258 ergo
3008 4171 3088 4239 de
3141 4174 3494 4259 BaptismO,
3540 4191 3669 4261 qua

2123 4294 2226 4350 est
2287 4282 2522 4351 efficax
2574 4284 2654 4350 ad
2695 4284 2996 4366 salutem,-
3032 4288 3145 4354 sed
3203 4307 3331 4376 qua
3369 4300 3469 4355 est
3533 4308 3681 4375 pro·

2127 4392 2324 4460 fessio
2384 4393 2559 4475 fidei,
2606 4414 2754 4481 quae
2830 4414 2960 4461 non
3010 4396 3327 4482 permittit
3387 4397 3676 4483 separari

2125 4509 2386 4576 divinas
2410 4510 2915 4597 personaS,licet
2947 4531 3110 4578 voce
3137 4533 3269 4578 non
3299 4513 3675 4599 expriman-

2126 4632 2256 4699 tur,
2337 4630 2402 4686 et
2468 4620 2809 4707 potissime
2870 4633 2941 4687 ut
3002 4618 3119 4688 est
3168 4622 3494 4708 professio
3524 4622 3675 4691 fidei

2127 4757 2325 4823 quam
2393 4736 2587 4805 habet
2652 4736 3057 4806 ministrans.
3127 4740 3310 4807 Unde
3380 4739 3674 4808 Athana-

2128 4852 2269 4919 sius
2317 4853 2511 4919 etiam
2550 4853 2674 4921 hoc
2716 4854 2908 4922 modo
2940 4855 3304 4923 dubitative
3343 4856 3674 4944 loquendo

2127 4968 2210 5035 de
2248 4968 2580 5055 Baptismo
2636 4971 3031 5038 Arianorum
3096 4971 3408 5060 loquitur,
3465 4994 3677 5061 quan·

2098 5097 2268 5158 ,tum
2326 5086 2574 5155 scilicet
2638 5087 2717 5155 ad
2766 5089 3225 5171 intentionem,
3307 5112 3458 5178 quae
3493 5091 3677 5158 fun-

2126 5199 2320 5270 datur
2389 5202 2454 5267 in
2510 5202 2639 5270 fide
2682 5202 3000 5289 ipsorum,
3044 5225 3129 5272 an
3204 5204 3291 5271 sit
3346 5205 3670 5294 legitima.

2128 5320 2196 5385 Si
2255 5316 2406 5406 quis
2485 5318 2656 5385 dicat
2724 5318 2892 5386 hauc
2967 5320 3445 5408 expositionem
3521 5342 3674 5390 esse

2128 5435 2384 5514 duram,
2430 5433 2861 5521 respondetur
2890 5435 2955 5503 id
2992 5436 3256 5524 quidem
3291 5458 3520 5505 verum
3566 5459 3678 5505 es-

2128 5572 2227 5633 se,
2259 5550 2810 5634 sedeommodius
2839 5552 3153 5643 applicari
3190 5554 3671 5644 expositionem

3821 3652 3903 3705 76.
