4287 6313
1680 413 1875 475 DlST.
1921 414 2023 476 IV.
2072 413 2432 488 QUAES'rto
2479 411 2552 476 11.

490 571 577 635 ad
618 574 1076 636 remissionem
1135 579 1559 651 peccatorum
1611 575 2027 652 subsequen·

490 692 671 765 tium,
709 690 870 752 etin
900 694 1141 753 virtute
1188 691 1334 770 eJus
1382 689 1476 753 fit.

276 850 330 902 3·
567 808 706 868 Haec
747 805 1222 870 loca'difficilia
1270 823 1418 869 esse
1472 808 1715 870 docent
1764 804 2031 885 quidam

149 913 454 978 1³089011810·
488 923 831 997 moderni,
860 930 928 986 et
970 926 1242 987 nimium
1271 923 1494 989 favere
1525 925 1863 995 haereticiS,
1910 921 2031 984 sed

487 1038 647 1100 nihil
694 1040 963 1112 minus,·
1030 1043 1169 1118 lpse
1216 1040 1389 1101 enirn
1438 1039 1656 1102 verbis
1689 1040 2032 1117 praemissis

489 1152 662 1214 clare
698 1152 892 1215 docet
940 1154 1155 1216 omnia
1210 1159 1506 1231 peccata,
1556 1153 1662 1214 vel
1711 1152 2031 1232 quidquid

485 1269 687 1330 habet
728 1270 1051 1332 rationem
1102 1272 1380 1348 peccati,
1436 1270 1668 1332 dimitti
1706 1270 1771 1330 in
1812 1271 2028 1347 Bapti-

167 1401 437 1453 Catumnia
487 1402 652 1448 smo.
687 1388 827 1448 Fuit
869 1387 975 1448 illa
1001 1386 1319 1449 calumnia
1349 1387 1851 1466 Pelagianorum
1881 1403 2034 1449 con·

166 1465 467 1577 Pellffiano-
494 1509 589 1566 tra
631 1506 1073 1585 Augustinum
1117 1506 1228 1566 lib.
1284 1508 1336 1567 l.
1389 1510 1619 1566 contra
1677 1504 1840 1567 duas
1892 1505 2032 1582 epi-

141 1593 466 1716 cgffffiuffi'
489 1620 690 1680 stolas
740 1620 1241 1700 pelagianorum
1283 1637 1426 1698 cap.
1483 1622 1579 1682 13.
1628 1623 1883 1694 Dicunt,
1934 1623 2031 1682 in·-

489 1736 647 1816 quit,
709 1744 766 1798 et
820 1754 933 1799 nos
988 1739 1201 1800 dicere
1248 1741 1650 1813 Baptismum
1705 1754 1830 1799 non
1874 1739 2034 1798 dare

484 1856 772 1916 omnium
866 1856 1338 1930 indulqentiam
1401 1861 1843 1932 peccatorum,
1921 1872 2035 1916 nec

481 1971 752 2045 auferre
797 1973 1099 2044 crimina,
1150 1975 1263 2034 sed
1313 1974 1572 2045 radere,
1624 1978 1691 2031 ut
1731 1977 2028 2048 peccato·

475 2105 628 2150 rum
658 2091 914 2151 radices
942 2090 1007 2148 in
1050 2089 1233 2149 mala
1261 2104 1458 2149 earne
1484 2092 1855 2158 teneantur,·
1894 2088 2035 2161 quis

479 2206 789 2266 adversus
868 2203 1259 2278 Pelaqianos
1339 2203 1479 2276 hoc,
1560 2203 1688 2262 nisi
1760 2201 2036 2276 infidelis

481 2317 809 2391 affirmet?
863 2318 1154 2378 Dicimus
1200 2317 1369 2376 enim
1423 2318 1830 2391 Baptismum
1874 2318 2034 2377 dare

483 2433 773 2492 omnium
811 2431 1283 2508 indulqentiam
1322 2437 1757 2506 peccatorum,
1806 2435 1862 2489 et
1910 2447 2033 2490 au-

482 2549 663 2625 ferre
692 2548 994 2622 crimina,
1027 2564 1153 2607 non
1175 2550 1450 2620 radere;
1478 2563 1592 2609 nec
1635 2551 1700 2606 ut
1744 2547 2034 2606 omniu-m

484 2669 897 2739 peccatorum
952 2665 1206 2725 radices
1261 2665 1330 2725 in
1374 2664 1555 2723 mala
1600 2678 1787 2723 carne
1824 2669 2033 2723 tenea-

487 2795 652 2853 mus,
685 2781 876 2857 quasi
899 2795 1197 2842 rasorum
1246 2785 1312 2842 in
1361 2780 1568 2857 capite
1613 2779 2030 2854 capillorum,

490 2899 658 2958 unde
713 2902 998 2959 crescant
1047 2898 1285 2958 iterum
1338 2897 1687 2958 resecanda
1739 2902 2028 2974 peccata.

206 3025 398 3076 Omnia
490 3017 659 3077 Nam
700 3019 756 3074 et
800 3017 993 3075 istam
1032 3015 1519 3076 similitudinem
1570 3017 1855 3090 comperi
1903 3031 2034 3076 suae

187 3095 400 3223 &mc-{¹2²3
488 3131 640 3194 illos
667 3131 974 3195 adhibere
1002 3132 1366 3202 calumniae,
1410 3136 1718 3209 tanquam
1756 3132 1876 3194 hoc
1921 3148 2035 3193 nos

166 3216 455 3281 B⁸P⁰⁵¹¹¹⁰·
487 3251 837 3309 sentiamus
890 3254 1082 3325 atque
1140 3250 1456 3310 dicamus.
1517 3252 1644 3309 etc.
1706 3250 1840 3309 Sed
1903 3248 2037 3310 haec

488 3362 743 3423 etiamsi
784 3367 1053 3423 vocatur
1074 3369 1432 3438 peccatum,
1478 3378 1604 3423 non
1634 3363 1849 3439 utique
1877 3366 2034 3438 quia

474 3482 813 3554 peccalum
846 3485 952 3550 est,
985 3480 1097 3539 sed
1124 3478 1272 3554 quia
1292 3485 1559 3555 peccato
1587 3480 1767 3554 facta
1800 3484 1910 3551 est,
1942 3480 2035 3540 sic

484 3602 753 3655 vocatur
816 3595 981 3655 sicut
1043 3595 1369 3670 scriptura
1438 3611 1672 3656 manus
1725 3595 2034 3672 casusque

485 3711 750 3784 dieitur,
782 3714 956 3786 quod
991 3726 1228 3771 manus
1272 3726 1418 3771 eam
1461 3711 1723 3784 fecerim
1765 3719 2033 3786 peecata

487 3830 704 3884 autem
744 3831 889 3886 sunt
945 3840 1086 3899 quae
1131 3825 1483 3885 secundum
1536 3825 1750 3886 carnis
1798 3842 2027 3887 concu-

482 3941 857 4015 piscentiam
908 3939 1004 3999 vel
1045 3940 1501 4014 iqnorantiam,
1569 3939 1795 4002 illicite
1844 3943 2029 4017 flunt,

484 4058 811 4128 dicuntur,
877 4059 1259 4132 coquantur,
1322 4059 1450 4117 etc.
1512 4057 1588 4116 Et
1641 4056 1806 4118 infra
1852 4058 2028 4132 dicit,

483 4174 1057 4248 concupiscentiam
1148 4172 1375 4233 vocari
1445 4178 1785 4247 peccatum
1811 4219 1827 4245 ,
1899 4175 2031 4236 sive

482 4290 658 4363 quod
677 4293 941 4363 peccato
966 4286 1150 4361 facta
1190 4288 1292 4359 sit,
1347 4287 1479 4346 sive
1515 4289 1690 4363 quod
1718 4290 2037 4362 peccandi

484 4403 900 4465 delectatione
935 4406 1291 4475 moveatur,
1353 4403 1468 4462 etsi
1513 4403 1576 4462 ei
1614 4404 2032 4464 delectatione

472 4519 741 4596 justitiae
794 4534 919 4577 non
976 4520 1428 4590 consentiatur,
1480 4526 1605 4579 etc.
1656 4520 1747 4580 Ex
1793 4522 2028 4596 quibus

487 4634 703 4696 verbis
781 4632 1233 4695 'tridentinum
1320 4635 1617 4697 similiter
1687 4634 2028 4700 declarans

184 4774 425 4827 ‘rx-ment.
484 4768 627 4813 sess.
663 4753 725 4812 5.
759 4767 902 4812 can.
934 4751 993 4811 5.
1038 4767 1154 4811 cur
1195 4752 1720 4830 concupiscentia
1776 4754 2031 4817 dicatur

490 4876 860 4949 peccatum,
916 4867 1074 4931 dicit
1118 4868 1269 4933 ideo
1322 4873 1658 4949 appellari,
1720 4876 1875 4949 quia
1946 4891 2031 4935 ex

479 4993 744 5067 peccato
788 4995 896 5061 est,
932 4992 988 5047 et
1019 4988 1109 5047 ad
1125 4996 1466 5063 peccatum
1494 4989 1785 5053 inclinat.

270 5120 324 5174 9.
566 5105 827 5167 Remitti
872 5108 1089 5165 autern
1149 5104 1364 5165 omnia
1408 5106 1474 5166 in
1517 5105 1845 5181 Baptismo
1896 5122 2028 5195 non

488 5222 700 5283 solum
740 5220 885 5282 loco
929 5218 1227 5298 praefatO,
1286 5220 1406 5281 sed
1458 5222 1521 5282 in
1570 5224 2027 5299 anterioribus,

485 5341 557 5398 ut
609 5352 750 5411 cap.
802 5338 903 5398 25.
952 5341 1008 5397 et
1049 5335 1150 5397 26.
1205 5339 1271 5397 et
1309 5339 1744 5414 sequentibus
1816 5355 2028 5417 usque

486 5453 568 5515 ad
596 5455 913 5526 ultimum,
961 5451 1140 5531 quod
1174 5459 1274 5514 est
1301 5453 1399 5516 33.
1435 5453 1546 5513 lib.
1586 5457 1640 5516 l.
1686 5456 1766 5515 de
1794 5457 2031 5531 nuptiis

420 5542 439 5556 ’
484 5576 540 5633 et
570 5588 834 5649 concup.
869 5570 972 5634 vel
1015 5585 1329 5648 expresse
1364 5570 1519 5633 dicit
1545 5571 1651 5634 vel
1688 5572 2026 5650 supponit,

3535 410 3653 475 395

2147 572 2560 654 distinguens
2590 575 3192 651 concupiscentiam
3232 590 3269 636 a
3315 577 3528 645 reatu,
3579 574 3692 649 qui

2147 687 2486 753 dimittitur
2555 692 2622 754 in
2677 693 3028 768 Baptismo,
3103 691 3229 752 hoc
3289 696 3410 760 est,
3482 690 3688 767 ipsam

2142 807 2634 868 inclinationem
2664 811 3038 883 corruptam
3070 804 3153 867 ad
3186 805 3452 878 malum,
3488 812 3618 864 tam
3651 820 3687 865 a
3768 836 4012 903 Concupi-

2143 930 2416 999 peccato
2475 924 2796 1003 originali,
2855 922 3035 1002 quod
3091 928 3347 984 reatum
3404 921 3692 999 appellat
3721 901 4036 1029 prssceffiffite

2143 1035 2237 1117 (et
2267 1055 2348 1100 ex
2380 1057 2508 1118 quo
2539 1043 2718 1101 venit
2747 1043 2883 1118 ipsa
2927 1040 3481 1117 concupiscentia,
3537 1052 3690 1116 quae
3761 1026 3994 1075 sumitur.

2142 1152 2500 1230 improprie
2558 1158 2902 1229 peccatum
2962 1151 3219 1225 dicitur,
3278 1155 3350 1212 ut
3393 1169 3534 1228 cap.
3586 1154 3684 1213 31.

2145 1267 2364 1348 docet)
2395 1287 2592 1348 quam
2640 1287 2677 1332 a
2729 1276 3001 1348 peccato
3048 1270 3308 1342 actuali,
3370 1268 3456 1329 ad
3511 1267 3691 1347 quod

2143 1384 2476 1449 movendo
2523 1386 2740 1460 allicit,
2777 1385 3024 1448 etiarnsi
3057 1400 3139 1445 ex
3169 1385 3377 1463 gratia
3412 1384 3530 1446 Dei
3556 1400 3690 1445 non

2146 1508 2618 1569 consentiatur.

2220 1622 2586 1701 Aliquando
2635 1622 2832 1684 etiam
2873 1623 3163 1701 loquitur
3222 1621 3305 1684 de
3372 1621 3680 1699 concupi·
3745 1623 4022 1694 Aliquando

2141 1738 2413 1810 scentia,
2451 1755 2581 1799 non
2637 1739 2851 1801 solum
2908 1745 3228 1820 quantum
3278 1739 3362 1801 ad
3410 1737 3682 1802 inclina·
3744 1691 4016 1812 μῗιιῗρῗω.

2148 1856 2415 1925 tionem,
2447 1853 2568 1914 sed
2601 1853 2795 1915 etiam
2829 1859 3148 1933 quantum
3179 1855 3264 1917 ad
3293 1860 3572 1916 reatum.
3613 1856 3689 1916 Et

2140 1968 2236 2031 sic
2281 1968 2434 2030 dicit
2476 1968 2740 2041 remitti,
2798 1971 2954 2049 tegi,
3007 1983 3139 2030 non
3169 1968 3475 2046 imputari
3505 1969 3686 2039 oleae,

2143 2099 2296 2161 quae
2330 2083 2649 2147 dulcescit
2687 2101 2763 2146 ex
2815 2087 3216 2164 agricultura
3265 2085 3519 2157 Christi,
3574 2100 3694 2162 per

2142 2201 2420 2277 gratiam
2489 2200 2974 2277 baptismalem.
3038 2199 3222 2262 Unde
3291 2201 3426 2263 haec
3492 2201 3695 2262 verba

2141 2316 2569 2388 remissionis,
2616 2316 2939 2394 tectionis,
2975 2322 3043 2378 et
3072 2333 3203 2378 non
3245 2318 3694 2394 imputationis

2145 2438 2566 2508 peccatorum
2661 2429 3032 2509 desumpsit
3117 2433 3522 2511 Augustinus
3612 2447 3696 2491 ex

2143 2545 2377 2608 Psalm.
2440 2549 2541 2610 31.
2614 2551 2804 2609 Beati
2859 2564 3134 2624 quorum
3201 2549 3484 2609 remissae
3550 2553 3695 2608 sunt

2141 2666 2532 2741 iniquitates,
2579 2669 2635 2725 et
2683 2679 2961 2740 quorum
3003 2670 3165 2726 tecta
3220 2668 3365 2725 sunt
3402 2670 3689 2741 peccata,

2143 2786 2272 2844 etc.
2306 2784 2541 2842 Beatus
2568 2782 2689 2853 vir,
2723 2781 2833 2842 cui
2857 2797 2981 2841 non
3012 2782 3350 2857 imputavit
3381 2783 3692 2841 Dominus

2132 2905 2493 2977 peccatum,
2547 2903 2671 2959 etc.
2718 2895 2900 2959 unde
2930 2901 3063 2975 teqi
3087 2904 3152 2959 et
3180 2913 3305 2958 non
3351 2898 3691 2974 imputari,

2141 3016 2321 3077 idem
2369 3020 2471 3077 est
2518 3013 2699 3093 quod
2742 3013 2981 3076 remitti
3034 3018 3381 3091 peccatum
3433 3029 3553 3092 per
3599 3016 3690 3076 in-

2142 3129 2572 3212 dulgentiam.
2632 3133 2819 3193 Tecta
2867 3135 3010 3193 sunt
3060 3136 3349 3207 peccata,
3423 3146 3546 3194 non
3605 3133 3698 3194 sic

2142 3250 2492 3325 intelliqas‚
2539 3249 2752 3325 inquit
2779 3247 3185 3326 Augustinus
3217 3248 3281 3308 in
3312 3248 3488 3308 illum
3524 3247 3696 3309 Psal-

2143 3382 2347 3439 mum,
2384 3371 2649 3442 peccata
2696 3372 3018 3442 cooperta,
3053 3367 3238 3441 quasi
3287 3366 3384 3427 ibi
3431 3368 3577 3438 sint,
3639 3371 3697 3427 et

2139 3485 2379 3555 vivant,
2423 3488 2548 3544 etc.
2599 3481 2790 3558 Quod
2822 3486 2890 3543 et
2919 3482 3162 3545 docent
3210 3482 3315 3543 alii
3359 3486 3694 3561 exposito·

2142 3617 2273 3671 res,
2308 3603 2398 3665 ita
2432 3602 2564 3678 tegi
2595 3603 2668 3661 ut
2700 3601 2980 3676 amplius
3012 3616 3142 3663 non
3172 3602 3342 3673 sint;
3379 3605 3696 3679 teguntur

2145 3718 2322 3779 enim
2367 3733 2487 3794 per
2529 3716 2908 3779 charitatem
2968 3721 3035 3779 et
3073 3717 3394 3797 justitiam
3428 3723 3494 3778 et
3532 3717 3694 3779 alias

2141 3831 2437 3907 virtuteS,
2512 3836 2824 3909 tanquam
2895 3846 3015 3908 per
3084 3834 3359 3909 primam
3427 3833 3690 3904 stolam,

2145 3947 2493 4010 candidam
2551 3955 2619 4010 et
2672 3948 3176 4019 immaculatam,
3251 3963 3380 4025 qua
3453 3948 3696 4008 tollitur

2148 4065 2404 4142 turpido
2446 4064 2744 4143 peccati;
2797 4063 2889 4124 sic
2934 4064 3111 4123 enim
3156 4062 3441 4123 charitas
3488 4065 3692 4138 operit

2140 4178 2621 4242 multitudinem
2645 4183 3081 4254 peccatorum,
3132 4191 3255 4254 per
3296 4177 3686 4252 Apostolum.

2141 4303 2465 4381 Origenes
2516 4304 2584 4364 in
2636 4317 2776 4377 cap.
2836 4301 2898 4361 4.
2960 4303 3140 4377 epist.
3199 4303 3290 4363 ad
3339 4303 3685 4364 Romanos.

2137 4419 2517 4482 Ambrosius
2562 4420 2640 4479 de
2682 4435 2840 4480 arca
2887 4421 3019 4481 Noe
3073 4435 3216 4494 cap.
3269 4421 3367 4481 31.
3432 4418 3688 4498 Grego-

2137 4536 2275 4597 rius
2302 4536 2474 4596 liom.
2507 4534 2567 4594 4.
2601 4536 2666 4594 in
2706 4535 3118 4608 Ezechielem,
3175 4533 3449 4611 perinde
3501 4536 3683 4598 intel·
3758 4556 3891 4616 Quid
3923 4556 3989 4608 sit

2137 4651 2357 4731 ligitur
2385 4666 2517 4711 non
2548 4648 2889 4727 imputari;
2935 4650 3293 4727 imputatur
3322 4652 3496 4713 enim
3529 4668 3681 4730 pec·
3737 4635 3999 4747 imss'ffiri.

2140 4775 2349 4830 catum
2392 4765 2710 4844 quamdiu
2756 4772 2876 4842 est,
2930 4767 3098 4829 sicut
3146 4772 3213 4828 et
3257 4768 3428 4831 bona
3478 4786 3683 4848 opera

2140 4884 2396 4948 etfides
2446 4883 2684 4946 dicitur
2730 4886 3018 4960 reputari
3063 4884 3146 4945 ad
3183 4884 3505 4965 justitiam
3552 4902 3681 4948 sae·

2140 4999 2286 5076 pius
2330 5015 2366 5059 a
2415 4999 2638 5072 Pau10,
2692 5004 2756 5060 et
2803 4998 3035 5061 dicitur
3082 5015 3338 5063 merces
3388 5002 3469 5063 ad
3510 5018 3683 5080 prae·

2138 5115 2365 5176 mium.
2408 5114 2782 5176 Bernardus
2829 5130 3025 5176 serm.
3083 5117 3136 5175 1.
3187 5113 3271 5176 de
3320 5121 3688 5179 Annuntia-

2140 5232 2314 5293 tione
2372 5252 2385 5293 ε
2443 5234 2663 5308 Utique
2691 5233 2867 5307 quod
2888 5234 3141 5307 sactum
3171 5237 3281 5304 est,
3315 5237 3445 5295 Deo
3473 5241 3687 5297 tamen

2137 5365 2267 5408 non
2295 5351 2678 5424 imputante,
2711 5354 2855 5420 erit,
2887 5350 3082 5424 quasi
3115 5366 3241 5410 non
3283 5350 3509 5424 fuerit,
3559 5358 3683 5413 etc.

2142 5465 2390 5527 scilicet
2436 5481 2556 5543 per
2603 5464 3080 5546 indulgentiam
3128 5473 3194 5528 et
3230 5469 3684 5531 remissionem

2133 5583 2572 5657 obliteratum,
2610 5589 2937 5659 sanatum,
2986 5585 3400 5660 mundatum,
3449 5588 3523 5647 ut
3579 5585 3678 5647 di-

3719 5278 4028 5330 Bernardus.
