4287 6313
1670 391 1869 456 DIST.
1902 392 1999 455 ΙΙΙ.
2049 390 2412 469 QUAESTIO
2459 393 2562 459 1v.

504 551 641 613 tem
680 554 835 626 post
862 554 1468 632 promulgationem
1508 555 1869 635 Evangelii,
1899 572 2053 633 sup-

503 667 690 744 ponit
746 684 881 730 non
940 668 1146 732 fuisse
1209 675 1361 733 ante
1432 673 1905 746 necessarlum,
1970 690 2047 736 ac

3623 394 3744 456 365

2165 561 2316 619 sent
2345 557 2567 638 quoad
2594 556 2903 624 fructum.
2950 560 3291 625 ludicialia
3326 558 3523 622 etiam
3553 559 3726 624 illius

2166 673 2352 751 legiS,
2436 693 2576 755 quoe
2668 676 2912 740 diutius
2991 684 3301 741 manente
3385 679 3727 759 republica

510 781 787 858 proinde
836 783 1015 846 aliud
1046 785 1440 861 remedium,
1504 785 1683 866 quod
1739 785 1864 849 fuit
1903 789 2054 868 lege
2162 797 2557 868 Judaeorum,
2607 793 3022 857 observanda
3096 801 3303 868 erant,
3366 796 3534 857 hanc
3568 793 3726 856 tole-

511 904 852 975 statutum,
884 905 1200 965 mansisse
1246 904 1534 966 validum
1596 911 1663 966 et
1690 904 1875 967 utile.

588 1016 679 1076 Ex
708 1016 949 1093 quibus
981 1020 1167 1094 patet
1209 1021 1533 1081 sententia
1595 1024 1663 1080 et
1716 1017 2052 1081 conclusio

508 1132 830 1207 Doctoris,
865 1150 1015 1212 quae
1057 1134 1334 1215 intelligi
1406 1135 1608 1198 debet
1656 1136 1849 1216 juxta
1897 1153 2052 1199 sen-

517 1251 787 1312 tentiam
866 1251 1014 1331 ejus
1090 1249 1173 1314 de
1255 1252 1658 1332 obligatione
1723 1254 2057 1333 Baptismi,

512 1363 787 1443 ejusque
851 1366 1408 1445 promulgatione,
1466 1384 1608 1446 quae
1670 1367 1839 1431 sicut
1902 1384 2057 1429 suc-

218 1481 463 1552 Utilitas·
514 1481 764 1543 cessive
820 1479 988 1543 facta
1035 1488 1158 1555 est,
1215 1484 1303 1546 ita
1355 1488 1421 1545 et
1467 1483 1713 1548 fructus
1769 1485 2059 1549 Circum-

160 1546 468 1656 clrcgffignn
511 1596 772 1659 cisionis
815 1596 1011 1660 etiam
1073 1599 1445 1660 successive
1517 1601 1739 1679 quoad
1800 1602 2059 1664 Judaeos

174 1682 457 1782 ωὲξὲξῖζθ
513 1711 768 1785 desivit,
804 1712 1070 1792 quando
1131 1714 1214 1777 ad
1283 1731 1399 1777 eos
1467 1719 1771 1794 pervenit
1832 1720 2059 1781 notitia

505 1827 838 1911 Evangelii
870 1838 935 1894 et
977 1833 1309 1910 Baptismi,
1371 1839 1483 1896 aut
1560 1835 1905 1910 pervenire
1941 1853 2058 1914 po-

510 1947 650 2020 tuit,
711 1963 863 2009 nam
932 1947 1103 2010 sicut
1185 1949 1492 2029 obligatio
1566 1951 1873 2028 Baptismi
1937 1949 2060 2013 fuit

508 2066 842 2128 evacuatio
898 2066 1417 2130 circumcisionis
1477 2068 1702 2148 quoad
1769 2068 2057 2131 fructum

509 2185 576 2242 et
605 2182 1070 2262 obligationem
1101 2181 1124 2263 (
1150 2183 1440 2248 tenendo
1483 2185 1651 2248 hanc
1702 2186 2060 2259 mansisse,

508 2298 724 2361 donec
768 2300 1034 2378 publice
1062 2298 1261 2362 fuerit
1306 2308 1615 2365 revocata
1655 2303 1721 2365 in
1781 2301 2057 2367 diversis

507 2414 880 2492 provinciiS,
916 2417 1443 2498 promulgatione
1475 2420 1786 2496 Baptismi
1840 2423 2065 2501 requi·

508 2531 677 2610 sita),
710 2533 801 2595 sic
834 2534 1032 2595 etiam
1075 2540 1231 2598 tunc
1275 2538 1558 2612 primum
1590 2538 1870 2600 cessavit
1928 2542 2057 2603 uti-

507 2642 654 2705 litas
724 2644 1269 2719 Circumcisionis‚
1335 2647 1599 2725 quando
1636 2650 1899 2727 >incepit
1943 2665 2060 2712 ne·

513 2760 781 2822 cessitas
819 2762 1168 2839 Baptismi;
1208 2761 1387 2842 quod
1421 2761 1620 2825 docet
1663 2768 1865 2828 etiam
1895 2767 2062 2828 Sua-

513 2892 621 2936 rez
646 2878 787 2939 loco
817 2879 1032 2951 citata,
1069 2882 1135 2940 et
1178 2879 1306 2964 alii,
1354 2883 1422 2940 et
1449 2882 1855 2961 Augustinus
1904 2899 2064 2959 sup-

514 3009 763 3070 ponere
795 2992 1055 3057 videtur
1099 2996 1370 3073 epistola
1418 2999 1478 3060 9.

270 3186 333 3237 72
598 3125 688 3208 (h)
750 3127 1034 3193 Tertium
1064 3135 1281 3193 aulem
1318 3137 1569 3208 tempus
1611 3130 2067 3195 circumcisio-

158 3225 493 3299 Circumcisi-
521 3249 642 3321 πίε,
677 3253 804 3311 etc.
854 3251 997 3312 Haec
1047 3251 1378 3314 conclusio
1433 3252 1728 3314 Doctoris
1773 3254 2073 3330 sequitur

252 3325 401 3360 onem

198 3379 457 3445 mortuam
530 3380 613 3425 ex
703 3366 1258 3441 praecedentibus,
1341 3382 1579 3447 nempe
1665 3367 2069 3430 Circumcisi-

158 3438 500 3563 Ρῖἷωέὲῖἶυο
535 3497 756 3556 onem,
813 3482 969 3545 licet
1025 3487 1337 3545 evacuata
1402 3482 1599 3545 fuerit
1652 3484 1872 3563 quoad
1936 3482 2069 3546 fru-

161 3562 336 3616 suisse,
397 3573 501 3609 non
975 3600 987 3613 ‚
1112 3600 1123 3612 ,
1766 3600 1778 3611 1
1970 3600 1980 3612 ·
2028 3599 2040 3612 .

157 3624 495 3676 mortiferam.
540 3601 713 3658 ctum
752 3602 818 3658 θῑ
861 3597 1352 3678 obligationem,
1404 3603 1618 3661 tamen
1687 3596 1892 3660 fuisse
1939 3599 2073 3660 licl-

536 3712 662 3766 tam
693 3706 911 3783 aliquo
947 3710 1241 3785 tempore
1286 3711 1436 3783 post
1480 3708 2073 3787 promulgatIonem

525 3822 875 3904 Evangelii,
904 3821 1084 3901 quod
1132 3829 1312 3900 patet
1339 3827 1641 3884 Actorum
1688 3825 1780 3885 15.
1857 3830 1913 3884 et
1967 3825 2069 3885 21.

517 3941 629 4002 ubi
673 3944 891 4023 agitur
935 3945 1002 4005 in
1034 3942 1240 4018 primo
1292 3941 1375 4003 de
1417 3942 1845 4021 exemptione
1895 3942 2069 4003 Gen-

506 4058 678 4124 'tium
706 4077 744 4123 a
785 4059 1153 4139 legalibus;
1191 4061 1257 4119 in
1289 4059 1586 4122 secundo
1628 4061 1774 4123 loco
1828 4059 1911 4123 de
1946 4076 2067 4138 pu-

521 4175 882 4240 rificatione
938 4177 1114 4239 Pauli
1161 4176 1586 4257 Jerosolymis
1646 4193 1727 4238 ex
1789 4177 2064 4239 consilio

516 4295 902 4368 seniorum;
952 4296 1135 4369 patet
1213 4293 1406 4354 etiam
1488 4296 1786 4354 Actorum
1844 4294 1936 4354 18.
2012 4298 2071 4355 et

516 4412 666 4473 aliis
719 4411 898 4480 locis,
931 4409 1087 4489 quia
1143 4408 1346 4471 Judaei
1378 4424 1460 4469 ex
1521 4407 1664 4485 ipsa
1738 4408 1890 4486 lege
1947 4422 2073 4484 per

513 4528 1012 4591 instructionem
1042 4526 1186 4605 eJus
1216 4526 1462 4588 sensim
1518 4531 1707 4587 orant
1734 4522 2067 4586 reducen-

517 4641 604 4716 di,
691 4649 764 4704 ut
820 4645 1054 4704 notant
1137 4642 1360 4720 plures
1432 4642 1849 4719 expositores
1921 4655 2071 4701 cum

182 4762 345 4813 Ratio
404 4762 465 4809 at
516 4758 985 4840 chrysostomo
1032 4763 1097 4820 et
1159 4756 1358 4834 Beda,
1411 4773 1579 4837 quos
1635 4754 1802 4819 infra
1833 4755 2067 4818 citabi-

158 4831 496 4959 ρεῗοιὲἶῑὲξῑιο-
520 4894 688 4939 mus.
725 4878 866 4939 Fuit
909 4876 1107 4939 etiam
1170 4874 1346 4936 aliud
1398 4875 1714 4936 motivum
1761 4874 1935 4953 eJuS,
1997 4878 2073 4936 ut

278 4967 383 5002 Μ’
522 5011 671 5057 cum
713 4994 965 5056 honore
996 4990 1412 5070 sepeliretur,
1470 4996 1537 5052 et
1578 4996 1895 5069 tanquam
1925 5006 2070 5068 quae

522 5127 642 5173 suo
717 5116 1014 5187 tempore
1082 5124 1120 5171 a
1195 5110 1331 5170 Deo
1404 5104 1576 5181 data,
1684 5106 1936 5168 cultum
2006 5111 2074 5168 et

520 5226 724 5289 fidem
764 5227 909 5307 eJus
956 5226 1384 5298 continebat;
1461 5239 1543 5284 ex
1590 5225 1829 5304 quibus
1883 5224 2069 5287 moti-

519 5344 616 5405 vis
647 5352 828 5407 actus
873 5347 1015 5405 erat
1041 5342 1252 5406 licitus
1284 5347 1350 5404 et
1393 5341 1735 5415 honestus,
1769 5346 1837 5403 et
1857 5343 2072 5419 potuit

523 5478 669 5527 esse
697 5461 871 5525 utilis
904 5478 987 5525 ex
1016 5477 1218 5541 opere
1252 5462 1611 5534 operantis,
1644 5460 1940 5539 quamvis
1968 5477 2067 5523 re·

518 5581 738 5648 media
777 5582 949 5646 illius
977 5582 1146 5664 legis
1168 5597 1251 5644 ex
1280 5596 1483 5663 opere
1521 5585 1792 5660 operato
1813 5596 2071 5643 cessas·

2168 918 2447 978 rantiam
2485 919 2554 977 et
2589 930 2778 977 usum
2831 912 3145 992 legalium
3189 911 3726 974 caeremoniarum

2171 1030 2554 1110 exigebant.
2637 1031 2813 1091 Hanc
2901 1029 3388 1091 conclusionem
3480 1028 3724 1092 docent
3779 1028 4047 1102 Conclusio

2167 1146 2575 1224 Augustinus
2610 1149 2678 1207 et
2723 1145 3166 1226 Hieronymus
3211 1160 3361 1207 cum
3416 1144 3722 1208 omnibus
3755 1106 4061 1146 eommunis.

2172 1262 2653 1339 expositoribus
2695 1263 2762 1323 in
2817 1261 2923 1322 illa
2979 1263 3122 1324 loca
3161 1264 3469 1324 Actorum
3518 1264 3585 1323 et
3641 1259 3727 1322 ad

2172 1380 2429 1442 Galatas
2475 1382 2535 1443 2.
2569 1381 2681 1442 ubi
2712 1381 2914 1455 Beda,
2963 1382 3148 1460 Hugo
3183 1379 3266 1441 de
3323 1380 3560 1442 Sancto
3612 1380 3722 1440 Vi-

2174 1503 2352 1560 ctore
2395 1513 2594 1574 supra
2620 1498 2877 1567 citatus,
2914 1495 3352 1557 communiter
3396 1495 3714 1574 Theologi

2165 1613 2234 1675 in
2277 1615 2420 1675 dest.
2463 1615 2782 1690 praesenti,
2827 1627 2973 1673 cum
3004 1612 3329 1691 Magistro,
3365 1615 3432 1672 et
3459 1611 3714 1673 Alensis

2169 1745 2366 1808 supra
2427 1728 2661 1791 citatus
2711 1744 2861 1790 cum
2906 1728 2985 1790 D.
3028 1727 3299 1799 Thoma,
3336 1706 3722 1806 et‘rellquis

2177 1846 2328 1926 ejus
2377 1846 2741 1925 discipulis

2252 1962 2758 2026 Observandum
2816 1970 3063 2036 tamen,
3135 1961 3303 2024 hanc
3363 1963 3718 2026 observan·
3851 1917 3986 2051 0333

2172 2081 2326 2143 tiam
2354 2080 2650 2159 pluribus
2706 2078 2920 2142 modis
2964 2079 3102 2143 fieri
3161 2080 3454 2157 potuisse
3503 2100 3516 2153 3
3585 2080 3715 2155 pri·
3755 2041 3944 2174 φ’,ᾗῗῖι
3937 2056 4051 2153 1¹:1¹3}

2172 2214 2280 2260 mo
2358 2198 2581 2271 modo,
2654 2195 2967 2276 ponendo
3039 2213 3227 2275 spem
3296 2196 3363 2258 in
3419 2197 3572 2276 lege
3658 2203 3723 2258 et
3755 2166 4078 2294 ζξξᾞῗξεέξξ

2174 2314 2704 2388 circumcisione,
2755 2313 2897 2375 sine
2955 2313 3085 2376 ulla
3143 2311 3275 2376 fide
3332 2318 3446 2376 aut
3483 2312 3730 2393 depen-

2177 2435 2398 2499 dentia
2451 2433 2537 2499 ad
2585 2433 3119 2511 Redemptorem,
3174 2437 3241 2496 et
3296 2434 3398 2495 hic
3471 2432 3731 2495 modus

2171 2553 2402 2616 utendi
2471 2552 2816 2632 legalibus,
2907 2557 3221 2630 tanquam
3308 2565 3390 2611 ex
3456 2550 3720 2628 proprio

2174 2672 2422 2734 habere
2456 2671 2826 2742 utilitatem,
2861 2675 2927 2731 et
2968 2684 3100 2729 non
3158 2685 3241 2729 ex
3271 2666 3402 2728 fide
3444 2673 3510 2729 et
3557 2683 3732 2744 ope·

2174 2790 2356 2851 ribus
2409 2788 2662 2862 Christi,
2715 2803 3052 2865 nunquam
3106 2785 3227 2847 fuit
3277 2787 3531 2858 licitu8‚
3607 2782 3730 2846 sed

2182 2904 2589 2975 damnabilis,
2638 2903 2791 2982 quia
2831 2903 3211 2966 continebat
3268 2902 3334 2964 in
3405 2916 3479 2962 se
3540 2917 3722 2962 erro-

2178 3040 2319 3087 rem
2342 3027 2408 3084 et
2428 3022 2755 3093 haeresim;
2785 3025 2852 3083 et
2873 3023 2967 3082 sic
2989 3019 3227 3081 Paulus
3246 3019 3512 3086 damnat
3535 3035 3733 3081 usum

2179 3136 2494 3216 legalium
2550 3136 2616 3197 in
2674 3133 2970 3214 epistolis
3027 3132 3111 3196 ad
3156 3135 3484 3200 Romanos
3516 3138 3582 3197 et
3616 3132 3737 3196 Ga-

2176 3252 2366 3329 latas,
2423 3256 2490 3314 et
2546 3256 2697 3329 post
2739 3267 2892 3313 eum
2948 3267 3179 3312 omnes
3223 3249 3443 3313 Patres
3508 3254 3732 3312 contra

2181 3370 2589 3449 Pelagianos,
2630 3369 2982 3430 novissime
3013 3366 3469 3430 Tridentinum
3499 3383 3647 3429 sess.
3666 3366 3729 3427 6.

2183 3503 2324 3561 cap.
2365 3486 2418 3546 1.
2455 3501 2595 3546 can.
2632 3485 2688 3547 l.
2723 3482 3028 3546 Secundo
3073 3482 3269 3544 modo
3319 3482 3533 3562 potuit
3579 3497 3726 3544 esse
3766 3466 4035 3581 Segffi‘ffg’

2183 3617 2344 3664 usus
2404 3618 2634 3664 eorum
2690 3601 2755 3663 in
2809 3600 2940 3663 fide
2998 3599 3225 3662 Christi
3282 3600 3561 3673 venturi,
3633 3599 3726 3660 sic
3798 3592 4044 3723 lggtffiffis

2184 3719 2541 3781 utebantur
2591 3717 2684 3778 eis
2715 3715 2917 3778 Judaei
2962 3732 3090 3777 non
3150 3716 3461 3788 conversi,
3506 3730 3726 3792 neque

2185 3838 2664 3913 cognoscentes
2684 3833 2945 3894 venisse
2989 3831 3129 3911 jam
3160 3829 3508 3902 Christum,
3546 3834 3611 3891 et
3644 3832 3732 3892 sic

2184 3955 2379 4017 etiam
2436 3951 2556 4014 fuit
2594 3967 2776 4014 error
2805 3948 3097 4029 quidem,
3132 3946 3254 4009 sed
3299 3945 3730 4025 particularis,

2181 4062 2350 4124 sicut
2383 4068 2484 4124 est
2534 4078 2763 4125 eorum
2812 4059 2925 4139 qui
2982 4076 3066 4121 ex
3114 4074 3335 4122 errore
3384 4057 3728 4135 particula-

2178 4181 2231 4243 ri
2265 4178 2643 4258 concipiunt
2684 4180 3120 4241 intentionem
3153 4177 3561 4239 ministrandi
3615 4174 3735 4238 Sa·

2186 4300 2616 4367 eramentum,
2682 4294 2865 4355 verbi
2934 4293 3167 4372 gratia,
3243 4292 3580 4370 Baptismi,
3638 4295 3712 4354 ut

2178 4415 2419 4482 Ariani,
2453 4414 2795 4473 servantes
2827 4413 3044 4471 tamen
3094 4407 3536 4470 intentionem
3577 4406 3727 4467 uni-

2184 4529 2531 4600 versalem,
2595 4531 2662 4587 et
2732 4540 2876 4604 quae
2930 4523 3223 4586 instituta
3268 4527 3446 4595 sunt,
3494 4502 3561 4584 et
3629 4525 3722 4585 sic

2183 4658 2318 4704 non
2362 4640 2687 4718 derogant
2717 4636 3018 4700 efficaciae
3049 4639 3484 4700 Sacramenti.

2260 4757 2462 4822 Judaei
2491 4774 2675 4838 ergo,
2713 4758 2823 4836 qui
2854 4756 3176 4833 putabant
3205 4755 3528 4818 Christum
3561 4770 3727 4818 non·
3888 4788 3969 4839 74.

2182 4873 2335 4937 dum
2374 4875 2663 4945 venisse,
2704 4878 2771 4935 et
2816 4874 3172 4937 utebantur
3218 4872 3730 4936 circumcisione
3833 4850 4062 4978 Ρῗξξξξυε

2180 4994 2246 5054 in
2287 4991 2419 5055 fide
2480 4992 2759 5066 venturi,
2810 4990 3017 5052 valide
3062 4988 3335 5069 quidem
3396 4991 3735 5053 circumci-
3815 4989 4031 5101 denrggat

2185 5108 2452 5184 debant,
2502 5111 2822 5187 quantum
2851 5107 2935 5169 ad
2978 5106 3263 5169 fructum
3303 5107 3731 5181 Sacramenti,
3767 5102 4087 5212 sacramen-

2180 5242 2382 5306 quem
2411 5243 2493 5288 ex
2549 5225 2952 5288 institutione
2999 5223 3218 5286 divina
3261 5225 3490 5287 habuit
3533 5224 3729 5287 inde·

2181 5341 2552 5419 pendenter
2579 5343 2661 5404 ab
2685 5357 2906 5404 errore
2927 5341 3033 5403 illo
3065 5341 3468 5420 particulari,
3499 5357 3729 5420 quam-

2184 5458 2296 5521 diu
2374 5459 2519 5519 haec
2575 5457 2867 5521 efficacia
2922 5460 3198 5523 duravit.
3255 5460 3385 5521 Hoc
3460 5458 3737 5524 dixerim

2183 5577 2270 5640 ad
2319 5578 3172 5658 confirmationemeorum,
3206 5598 3351 5664 quae
3380 5596 3578 5663 supra
3605 5583 3732 5646 dis·
