4287 6313
526 438 635 505 166
691 418 708 475 ἶ

543 606 834 674 insinuat
879 611 1129 688 Doctor,
1178 630 1305 675 non
1346 607 1607 675 videtur
1640 628 1898 695 urgere,
1936 606 2087 693 quia

546 722 711 789 nihil
760 725 935 791 aliud
1000 727 1319 812 sequitur,
1357 726 1483 792 nisi
1516 724 1684 812 quod
1722 724 1828 790 illa
1876 723 2088 790 virtus

546 839 635 906 sit
683 842 1028 924 transiens,
1101 844 1269 930 quod
1328 842 1597 929 perinde
1644 841 1965 927 contingit
2022 840 2088 905 in

548 958 690 1043 ipso
766 971 969 1026 motu.
1049 957 1500 1046 Respondetur
1592 979 1671 1023 cx
1749 955 2086 1044 principiis

543 1080 614 1142 D.
642 1075 935 1156 Thomae,
973 1097 1120 1163 quae
1150 1076 1342 1142 etiam
1374 1075 1687 1162 approbat
1719 1077 1951 1140 Doctor
1978 1095 2085 1138 su-

531 1215 687 1281 pra,
772 1218 833 1282 q.
905 1197 969 1261 2.
1044 1195 1243 1281 hujus
1300 1192 1772 1271 distinctionis,
1841 1191 2082 1257 instru-

539 1320 831 1374 mentum
877 1307 1018 1374 ideo
1058 1308 1332 1388 assumi,
1381 1308 1530 1396 quia
1574 1307 1769 1374 habet
1808 1306 2081 1372 sormam

532 1423 884 1511 propriam,
915 1445 1028 1511 per
1058 1445 1251 1513 quam
1285 1436 1381 1491 est
1415 1436 1662 1511 aptum,
1689 1423 1848 1489 alias
1883 1422 2082 1511 quod-

527 1540 691 1606 libet
725 1541 976 1606 assumi
1011 1551 1230 1628 posset
1260 1541 1335 1606 ad
1379 1560 1860 1627 quemcumque
1930 1537 2082 1604 effe-

527 1667 730 1737 ctum,
774 1677 985 1744 neque
1015 1668 1237 1724 essent
1286 1657 1722 1724 instrumenta
1793 1654 2081 1743 particu-

533 1771 694 1839 laria
741 1772 927 1840 artis.

201 962 398 1019 Solvitu
406 978 431 1012 r
441 1000 454 1015 .

292 1923 372 1971 42.
619 1900 752 1965 Hoc
793 1920 951 1987 ergo
983 1901 1323 1988 supposito
1363 1900 1713 1988 principi0‚
1754 1898 1926 1987 quod
1959 1904 2081 1966 Do-

529 2027 671 2082 ctor
709 2016 904 2083 etiam
946 2017 1238 2085 insinuat
1275 2019 1405 2098 hic,
1451 2020 1716 2084 racione
1755 2021 1819 2084 3.
1865 2017 1920 2083 si
1978 2017 2081 2082 in-

530 2145 969 2200 strumentum
1048 2135 1207 2201 artis
1256 2133 1327 2200 fit
1384 2148 1634 2221 aptum,
1695 2134 2082 2221 inquantum

528 2248 610 2315 ab
650 2249 790 2337 ipsa
824 2262 962 2317 arte
996 2251 1336 2339 participat
1371 2251 1680 2317 virtutem
1720 2249 2081 2316 derivatam

529 2386 646 2449 per
683 2386 877 2453 quam
933 2365 1003 2432 fit
1049 2379 1270 2454 aptum
1318 2366 1395 2431 ad
1460 2387 1678 2447 usum,
1724 2366 1861 2453 (qui
1922 2386 2082 2432 usus

528 2480 672 2567 ejus
704 2491 802 2546 est
842 2501 958 2567 per
1000 2480 1303 2569 motum,)
1345 2482 1528 2569 sequi
1570 2481 1741 2570 quod
1792 2482 1899 2548 illa
1949 2483 2077 2549 vir-

529 2607 635 2661 tus
667 2615 796 2661 non
829 2597 1240 2683 imprimatur
1284 2598 1715 2665 instrumento
1747 2610 1896 2665 ante
1948 2620 2080 2664 mo-

323 2797 331 2806 ·
373 2796 382 2806 .
533 2726 714 2792 tum;
752 2715 875 2781 hoc
905 2714 1078 2794 dato,
1126 2735 1253 2780 non
1305 2728 1404 2781 est
1454 2716 1947 2782 fundamentum
1981 2738 2079 2783 as-

218 2796 474 2908 ⁰⁰vli¹rgtlfss⁸r
532 2829 788 2897 serendi
822 2830 1031 2918 ipsam
1072 2852 1218 2898 esse
1257 2843 1730 2912 transeuntem,
1782 2832 1952 2899 sicut
1981 2846 2080 2901 est

192 2920 502 3034 ἱζζῖξξξζζ
534 2957 774 3025 motuS,
812 2947 963 3034 quia
1012 2967 1047 3012 a
1080 2959 1258 3015 motu
1292 2948 1468 3014 nullo
1510 2948 1700 3014 modo
1731 2948 2074 3036 dependet,

317 3046 376 3097 ‘i-
534 3083 746 3152 neque
782 3063 857 3129 ab
900 3084 1018 3129 usu
1061 3063 1505 3131 instrumenti.

626 3179 868 3246 Deinde
898 3184 1132 3247 Doctor
1168 3201 1294 3246 non
1343 3180 1592 3249 inducit
1622 3183 1745 3250 hoc
1779 3184 2080 3250 inconve-

211 3325 490 3395 Nonnegat
537 3296 748 3376 niens,
801 3308 1109 3386 tanquam
1146 3296 1199 3362 si
1260 3311 1551 3384 negaret,
1633 3298 1884 3386 aliquas
1954 3299 2080 3365 for-

265 3389 437 3504 affigat
539 3433 675 3479 mas
735 3433 881 3479 esse
932 3425 1344 3480 transeuntes
1410 3427 1472 3481 et
1540 3414 1980 3502 dependentes
2048 3437 2082 3482 a

219 3520 483 3630 tragicum
537 3528 845 3595 continuo
878 3527 1129 3594 influxu
1165 3550 1302 3596 suae
1343 3550 1581 3607 causae,
1630 3530 1739 3618 qui
1772 3531 2080 3618 paulatim

535 3644 964 3725 subtrahitur,
1001 3646 1111 3712 sed
1146 3646 1295 3733 quia
1328 3647 1852 3732 superstitiosum
1904 3649 2081 3716 vide-

535 3775 643 3830 tur
680 3782 972 3829 asserere
1001 3762 1193 3829 talem
1227 3763 1561 3845 virtutem,
1587 3785 1734 3851 quae
1765 3765 1940 3831 nulla
1975 3787 2082 3832 ne-

535 3879 842 3948 cessitate
903 3879 1171 3946 efsectus
1223 3879 1509 3967 ponitur,
1569 3881 1719 3967 quia
1767 3882 1909 3948 sine
1974 3864 2083 3950 tali

535 3996 779 4063 virtute
818 3997 977 4062 ordo
1008 3997 1279 4064 effectus
1310 3996 1388 4063 ad
1436 4008 1639 4063 artem
1707 4009 1770 4064 et
1840 3998 2084 4067 instru-

536 4123 830 4179 mentum
873 4112 1184 4184 salvatur.

271 4262 354 4313 Ad
382 4265 430 4314 3.
627 4229 718 4295 Ad
753 4228 1002 4315 reliqua
1035 4231 1161 4296 duo
1193 4230 1491 4318 exempla
1531 4230 1771 4298 ibidem
1814 4255 2082 4322 respon-

205 4327 487 4438 ⁰¹⁰¹¹212¹¹¹¹¹²
536 4347 665 4426 det,
728 4346 900 4434 quod
979 4365 1191 4433 neque
1251 4359 1466 4413 motus
1524 4349 1669 4415 coeli
1707 4348 1929 4418 localis
1999 4352 2085 4418 sit

187 4456 329 4503 ¹¹²⁰‘u
358 4451 497 4505 coeti.
536 4485 730 4532 causa
769 4465 1120 4531 effectuum
1162 4465 1618 4532 sublunarium
1671 4467 2078 4552 productiva,

537 4582 688 4669 quia
731 4593 947 4649 motus
980 4604 1104 4647 non
1149 4596 1248 4649 est
1280 4583 1673 4671 principium
1718 4587 2083 4672 producen-

238 4730 322 4793 Ap
354 4727 480 4802 ,licat
539 4698 628 4774 di.
664 4699 774 4764 sed
817 4700 1028 4786 magis
1087 4712 1268 4765 actus
1311 4701 1736 4787 productivus
1824 4714 1886 4769 et
1936 4704 2087 4790 quia

241 4808 455 4918 92⁰„ssssss
543 4815 649 4882 ille
680 4827 894 4882 motus
952 4827 1062 4881 aut
1103 4827 1333 4895 motor,
1381 4827 1449 4882 ut
1495 4838 1570 4882 eo
1618 4818 1890 4903 praecise
1951 4841 2084 4885 mo·

243 4922 461 4968 “¹¹²⁰OE-
543 4952 729 5015 venS‚
785 4931 945 4997 nibil
1006 4931 1305 5018 producit
1350 4932 1414 4998 in
1475 4933 1917 5014 inferioribuS,
1973 4935 2086 5002 sed

222 5075 478 5135 Quartum
543 5050 925 5136 inquantum
958 5050 1237 5137 applicat
1267 5050 1474 5115 activa
1510 5051 1810 5135 passivis.
1866 5053 2085 5127 Quoad

205 5141 494 5255 ⁰553le
541 5165 712 5232 aliud
748 5166 1117 5254 exemplum
1153 5188 1223 5232 se
1255 5166 1527 5232 remittit
1557 5168 1647 5233 acl
1678 5171 1742 5235 2.
1779 5169 1933 5236 dist.
1977 5173 2080 5236 18.

539 5282 646 5348 ubi
705 5283 984 5370 explicat
1041 5283 1362 5371 quomodo
1412 5305 1635 5350 semen
1695 5284 1821 5351 dici
1884 5287 2087 5372 possit

533 5398 748 5466 virtus
788 5400 1029 5468 animae
1061 5422 1176 5488 per
1220 5399 1491 5466 formam
1563 5401 2081 5482 substantialem,

532 5520 644 5574 aut
674 5508 1052 5593 qualitatem
1116 5521 1622 5596 consequentem
1666 5509 1902 5596 ipsam.
1967 5513 2082 5577 Se-

485 5653 486 5656 *
529 5616 799 5707 quitur:

271 2732 420 2785 Unde

1667 445 1812 507 LlB.
1860 445 1956 505 tv.
1991 443 2583 507 SENTEN'rlARUM

2293 608 2409 672 Est
2465 618 2525 671 et
2572 609 2712 675 alia
2753 610 2986 694 opinio
3036 609 3127 675 ad
3153 619 3546 695 prce-rentem
3579 630 3750 696 quae·
3895 637 3980 688 43.

2199 724 2501 801 ationem,
2539 736 2661 792 etc,
2698 727 2813 790 llic
2854 725 3144 792 insinuat
3174 724 3549 811 opinionem
3582 728 3751 791 Hen-
3815 702 4043 817 Ηῖξζῗζξ

2202 837 2314 903 rici
2382 838 2777 921 Quodlibeco
2846 845 2910 907 4.
2992 864 3054 928 q.
3137 845 3247 909 37.
3314 862 3510 930 quam
3586 841 3751 907 inta-

2198 968 2367 1023 ctam
2420 957 2752 1045 relinquit,
2808 971 2872 1025 et
2906 959 3162 1039 meritc,
3204 958 3356 1047 quia
3388 959 3491 1024 vel
3525 957 3749 1023 reduci

2198 1072 2389 1140 debet
2433 1073 2510 1139 ad
2560 1075 2837 1142 alterum
2877 1087 3267 1157 extremum,
3329 1076 3435 1142 vel
3469 1074 3747 1164 intelligi

2201 1192 2448 1280 nequit.
2478 1192 2645 1259 Dicit
2676 1193 2850 1259 enim
2885 1196 3299 1260 Sacramenta
3330 1214 3475 1260 esse
3506 1192 3749 1261 instru-

2200 1320 2413 1376 menta
2469 1309 2749 1376 creativa
2802 1310 3055 1398 gratiae,
3113 1331 3237 1376 non
3309 1309 3478 1398 quod
3530 1309 3745 1397 aliqua
3790 1314 4068 1429 Redugitur

2196 1447 2313 1494 sua
2380 1426 2633 1494 actione
2695 1428 3020 1515 attingant
3076 1428 3378 1515 gratiam,
3442 1428 3553 1495 sed
3594 1429 3746 1516 quia
3772 1396 4087 1494 aitersstmm.

2195 1538 2530 1610 continent
2607 1556 2937 1610 auctorem
3000 1545 3256 1631 gratiae,
3311 1544 3413 1609 vel
3458 1544 3739 1625 realiter,
3772 1509 4072 1558 extremum.

2197 1658 2365 1724 sicut
2405 1658 2469 1724 in
2521 1659 2950 1739 Eucharistia,
2998 1672 3105 1726 aut
3148 1660 3541 1742 virtualiter,
3578 1660 3748 1728 sicut

2197 1777 2685 1843 Sacramentum
2727 1776 3066 1864 Baptismi,
3104 1790 3167 1845 et
3217 1799 3334 1865 per
3374 1790 3741 1846 contactum

2196 1893 2622 1973 Sacramenti,
2658 1898 2861 1961 Deum
2894 1894 3256 1981 producere
3284 1895 3586 1982 gratiam.
3616 1899 3743 1963 Ne-

2195 2021 2307 2096 gat
2359 2009 2677 2076 Henricus
2744 2031 2889 2077 esse
2929 2011 3211 2099 aliquam
3261 2013 3569 2078 virtutem
3631 2032 3746 2078 su-

2198 2126 2673 2212 pernaturalem
2751 2126 2816 2192 in
2885 2128 3320 2195 Sacramentis
3386 2148 3501 2215 per
3550 2147 3745 2215 quam

2198 2241 2557 2328 producant
2588 2242 2889 2329 gratiam.

2285 2357 2721 2443 Explicandus
2754 2380 2912 2446 ergo
2943 2373 3042 2426 est
3072 2359 3151 2426 de
3198 2359 3575 2427 causalitate
3607 2381 3741 2426 mo·
3774 2376 4065 2440 Explicatur

2195 2473 2338 2554 rali,
2420 2494 2792 2563 quanquam
2853 2475 3203 2544 obscurum
3272 2478 3353 2543 sit
3419 2476 3742 2563 quomodo
3844 2442 4023 2577 mgrssni

2196 2594 2365 2656 Deus
2413 2590 2499 2656 sit
2550 2590 2615 2656 in
2666 2593 3099 2659 Sacramentis
3158 2593 3466 2679 peculiari
3520 2593 3735 2674 mod0,
3772 2569 4086 2682 ᾞξξὲζξῖῗ

2195 2705 2322 2773 nisi
2349 2708 2598 2773 ratione
2639 2708 3071 2776 institutionis
3103 2723 3166 2776 et
3196 2709 3734 2799 significationis3

2194 2823 2272 2889 ad
2315 2846 2462 2912 quae
2508 2825 2962 2892 Tridentinum
3013 2826 3093 2892 de
3149 2828 3607 2895 Sacramentis
3666 2832 3741 2896 in

2191 2963 2448 3027 yencre,
2486 2964 2640 3008 sess.
2681 2948 2742 3010 7.
2789 2954 2848 3009 et
2878 2944 2960 3010 de
3015 2948 3450 3010 sacramen-tis
3489 2947 3564 3011 in
3598 2968 3739 3032 spe-

2195 3061 2313 3139 cie,
2360 3059 2613 3125 reducit
2643 3061 3109 3127 continentiam
3142 3061 3489 3128 virtualem
3521 3065 3744 3129 Sacra-

2196 3190 2590 3258 mentorum,
2638 3189 2708 3243 ut
2739 3190 2893 3244 sunt
2931 3199 3147 3245 causae
3176 3180 3549 3257 effectuum,
3578 3201 3743 3268 quos
3783 3153 4087 3267 ,ssffoffissr

2195 3293 2591 3380 significant.
2672 3298 2824 3360 Haec
2888 3306 3101 3362 autem
3171 3296 3592 3376 continentia,
3638 3296 3738 3362 vel
3836 3282 4032 3391 D‘ffm'

2195 3409 2271 3476 ad
2323 3409 2764 3475 assistentiam
2832 3410 2967 3488 Dei,
3013 3423 3076 3477 et
3117 3411 3591 3478 institutionem
3644 3433 3742 3479 re·
3797 3403 4071 3456 sententia.

2196 3524 2477 3607 ducitur,
2522 3546 2595 3592 ac
2631 3539 2913 3613 pactum,
2968 3527 3069 3594 vel
3101 3540 3276 3595 certe
3305 3529 3383 3594 ad
3436 3530 3740 3596 virtutem

2195 3643 2506 3730 aliquam,
2553 3664 2700 3732 quae
2734 3644 2903 3710 inest
2933 3645 3394 3726 Sacramentis,
3429 3661 3740 3735 tanquam

2198 3760 2590 3847 principium
2622 3761 2883 3847 agendi,
2922 3762 3071 3849 quia
3096 3762 3270 3829 aliud
3307 3764 3533 3852 nequit
3572 3785 3744 3830 com-

2198 3875 2388 3941 mode
2440 3876 2759 3964 intelligi;
2836 3878 3111 3964 ideoque
3167 3879 3337 3946 circa
3404 3881 3571 3946 hanc
3600 3880 3743 3968 opi-

2197 3992 2460 4059 nionem
2496 4013 2624 4059 non
2655 3993 3045 4060 immoratur
3083 3999 3339 4061 Doctor.

2770 4173 3172 4233 SCHOLIUM.

2266 4357 2587 4414 Sententia
2619 4355 2893 4412 Doctoris
2922 4355 3123 4427 quoad
3181 4357 3447 4428 primam
3490 4360 3748 4430 quaesti-

2194 4471 2372 4514 onem
2436 4458 2543 4521 est,
2595 4468 2832 4511 omnem
2863 4452 3329 4525 dispositionem
3363 4458 3748 4514 necessitan-

2196 4561 2319 4613 tem
2352 4553 2430 4610 ad
2462 4553 2748 4619 sormam,
2783 4567 2923 4623 quae
2954 4567 3075 4609 non
3107 4558 3200 4609 est
3231 4554 3389 4611 ratio
3420 4557 3747 4626 receptivi,

2198 4667 2334 4709 esse
2367 4650 2807 4724 quodammodo
2837 4665 3088 4707 causam
3146 4653 3411 4708 activam
3460 4653 3597 4723 eJus
3643 4653 3745 4709 in-

2199 4748 2693 4805 strumentalem.
2718 4748 2816 4803 Sic
2840 4749 3132 4804 meritum
3155 4752 3247 4805 est
3265 4763 3450 4805 causa
3471 4752 3742 4821 praemii,

2199 4851 2260 4904 et
2304 4851 2503 4903 motus
2534 4847 2811 4912 termini,
2846 4850 2905 4903 et
2934 4845 3098 4901 idem
3131 4851 3224 4902 est
3253 4847 3327 4903 de
3378 4849 3746 4904 Sacramen-

2198 4951 2278 5013 to,
2339 4946 2484 5016 quia
2542 4947 2755 5003 statuit
2815 4948 2972 5001 Deus
3029 4945 3178 5002 dare
3236 4948 3500 5016 gratiam
3584 4947 3746 5004 illud

2200 5042 2389 5114 digne
2433 5045 2721 5101 sumenti.
2755 5045 2926 5100 Sicut
2950 5058 3099 5114 ergo
3130 5059 3302 5101 serra
3334 5045 3568 5103 dicitur
3597 5062 3749 5102 cau-

2201 5157 2266 5198 sa
2298 5142 2639 5210 scissionis»,
2672 5143 2820 5200 licet
2851 5158 2971 5199 non
3004 5143 3236 5200 efficiat
3277 5158 3437 5212 eam,
3471 5144 3578 5201 sed
3607 5150 3746 5201 tan-

2198 5247 2321 5299 tum
2353 5243 2619 5311 recipiat
2656 5243 2947 5298 effectum
2996 5241 3351 5299 ordinatum
3411 5241 3488 5299 ad
3542 5242 3744 5313 illam,

2201 5339 2287 5394 ita
2337 5337 2412 5394 de
2443 5339 2841 5396 Sacramento
2871 5344 3158 5410 respectu
3192 5341 3429 5409 gratiae.

2290 5501 2402 5573 Ad
2437 5501 2785 5593 primam
2818 5501 3145 5592 (mergo
3180 5501 3735 5592 quaestionem,
3775 5581 3820 5630 R
3898 5516 3972 5565 ιε.
4028 5581 4060 5628 ⁴

2194 5617 2396 5701 dico,
2455 5619 2659 5710 quod
2717 5638 2899 5692 cum
2939 5618 3385 5694 necessitas
3427 5638 3736 5704 eorum,
3784 5581 4100 5711 ..ff-‘1334
