4287 6313
594 435 707 499 18⁶3
1826 435 1962 501 121ss.
1997 438 2094 500 lv,
2125 434 2719 500 SENTEN'rlARuM

2245 595 2473 669 illud.
2531 598 2701 671 Hoc
2754 597 2987 669 modo
3027 597 3151 667 est
3203 595 3284 667 in
3338 590 3787 686 proposito.

2334 715 2447 788 Ad
2482 714 2621 787 illa
2654 734 2829 805 quae
2869 713 3368 785 adducuntur
3410 709 3490 782 in
3527 707 3793 801 prima
3941 755 4021 804 ,30

3514 832 3794 902 Sacra·
3860 839 3864 843 ’
3948 816 4030 867 Ad

542 597 789 671 >tiam
857 598 1342 682 abluentem,
1439 600 1572 671 sed
1640 597 1896 671 abluit
1964 600 2134 672 tan·

584 733 826 806 quam
855 714 1285 807 dispositio
1320 715 1695 808 proxima
1738 717 1816 787 et
1861 715 2133 787 imme-

581 831 801 905 diata
879 833 975 905 ad
1052 833 1434 924 gratiam,
1500 854 1594 905 eo
1667 831 1899 905 modo
1979 851 2132 923 quo
2250 835 2651 929 opinione,
2727 837 2948 926 patet
3016 854 3112 905 ex
3187 830 3369 904 istis
3428 855 3445 899 2
3877 881 4100 930 rationes

581 950 880 1023 dicitur
943 951 1149 1042 quod
1182 949 1566 1023 meritum
1618 948 1918 1022 inducit
1961 948 2134 1020 bea·
2251 956 2609 1027 mentum
2655 952 2869 1023 enim
2903 971 3064 1023 non
3098 952 3223 1022 est
3258 951 3573 1021 tantum
3614 964 3798 1017 cau-
3829 939 4137 1055 9533&

582 1066 1036 1151 titudinem,
1106 1064 1234 1139 vel
1313 1068 1515 1159 quod
1603 1066 1884 1149 secti0,
1967 1067 2136 1139 sive
2253 1094 2344 1148 sa
2412 1094 2558 1167 per
2632 1070 3023 1152 accidens,
3112 1068 3320 1141 sieut
3406 1087 3550 1139 nec
3627 1017 3917 1156 ipsepms
4067 1036 4149 1054 Η

586 1184 749 1258 alia
788 1184 1249 1277 huJusmodi
1291 1185 1790 1278 praeparatio
1834 1184 2138 1259 inducit
2257 1192 2592 1284 poneret
2626 1190 3007 1260 ornatum
3064 1186 3193 1258 vel
3242 1183 3804 1258 characterem

590 1301 1052 1375 sanitatem.
1103 1301 1185 1375 Si
1227 1302 1441 1374 enim
1475 1305 1855 1375 causaret
1886 1301 2141 1394 dispo-
2253 1327 2432 1378 esse
2465 1324 2797 1378 causam
2842 1324 2986 1396 per
3019 1302 3387 1376 accidens
3432 1303 3806 1392 respectu

590 1416 973 1491 sitionem
1005 1416 1100 1488 ad
1135 1418 1519 1508 gratiam,
1564 1417 1804 1490 etsie
1847 1417 2143 1490 dicere·
2261 1422 2577 1514 gratiae,
2670 1420 2836 1493 imo
2906 1420 3116 1492 sicut
3194 1419 3534 1509 poneret
3612 1414 3806 1488 illud

588 1539 726 1607 tur
793 1534 1145 1616 abluere,
1217 1534 1471 1607 adhuc
1524 1537 1851 1627 oportet
1918 1533 2143 1606 illam
2257 1541 2683 1612 causatum
2725 1556 2772 1609 a
2823 1536 3351 1609 sacramento
3418 1551 3599 1603 esse
3668 1550 3812 1622 per

587 1649 1204 1743 dispositionem
1267 1650 1811 1725 immediatius
1882 1650 2146 1722 ablue·
2261 1676 2345 1728 se
2412 1652 3026 1747 dispositionem
3081 1650 3177 1721 ad
3237 1647 3621 1739 gratiam,
3697 1646 3811 1720 ita

595 1787 705 1848 re,
789 1767 1001 1840 sicut
1062 1772 1448 1858 argutum
1507 1770 1632 1840 est
1700 1786 1977 1859 supra,
2054 1766 2146 1838 de
2257 1772 2459 1856 dioc,
2502 1770 2707 1863 quod
2752 1770 3399 1848 Sacramentum,
3455 1764 3583 1836 vel
3634 1764 3810 1856 ejus

593 1882 871 1957 ordine
902 1903 1339 1957 causarum
1378 1886 1743 1977 respectu
1800 1882 2053 1957 tertii.

678 2000 793 2073 Ad
850 2000 1281 2071 secundum
1340 1999 1542 2081 dioc,
1626 1998 1833 2091 quod
1902 1997 2150 2088 Magi·

595 2121 768 2191 ster
810 2116 890 2189 in
930 2115 1392 2189 definitione
1429 2113 1964 2196 sacramenti,
2007 2132 2153 2206 per

595 2235 747 2308 hoc
800 2234 1003 2326 quod
1047 2233 1283 2317 addit,
1320 2247 1380 2301 et
1426 2256 1625 2301 causa
1657 2234 1908 2312 emistit,
1946 2229 2150 2302 nihil

597 2352 815 2425 aliud
877 2350 1289 2442 intelligit,
1360 2350 1519 2422 nisi
1589 2351 1793 2442 quod
1852 2354 1978 2424 est
2044 2349 2151 2421 si-

598 2488 847 2561 gnum
928 2464 1244 2549 efficax,
1319 2488 1461 2561 per
1530 2467 1734 2560 quod
1813 2465 2153 2540 intendit

601 2588 807 2679 quod
847 2585 954 2660 sit
1000 2585 1453 2679 practicum
1516 2587 1832 2657 certum
1891 2587 1971 2657 et
2021 2604 2153 2656 ve-

606 2724 815 2786 rum,
889 2707 969 2776 et
1042 2700 1435 2795 praevium
1503 2700 1999 2775 naturaliter
2057 2700 2153 2772 ad

604 2840 841 2893 suum
886 2819 1323 2912 signatum.

275 2946 411 3059 1322
408 2945 532 3058 „Ji-ta
535 3022 561 3056 Β
693 2939 848 3010 Per
891 2937 1096 3008 idem
1141 2936 1318 3009 dico
1364 2935 1459 3007 ad
1502 2934 1695 3007 illud
1735 2934 1825 3008 de
1869 2936 2153 3011 distin-

288 3073 522 3123 Samm.
603 3052 872 3127 ctione
915 3053 1634 3126 sacramentorum
1678 3072 1907 3124 novae
1953 3053 2153 3144 legis

270 3140 419 3268 1133ss
441 3138 545 3262 ιέξ.
601 3173 680 3241 et
720 3168 1064 3248 veteris;
1102 3186 1262 3239 non
1294 3166 1507 3239 enim
1539 3167 2156 3259 distinguuntur

282 3275 534 3373 Μέλας,
602 3305 749 3376 per
799 3283 1018 3367 illud,
1066 3283 1271 3374 quod
1319 3284 1595 3356 neutri
1648 3283 1980 3356 illorum
2023 3305 2156 3376 po-

294 3385 536 3452 gmffim·
605 3404 767 3477 test
800 3400 1261 3481 convenire,
1301 3399 1609 3473 scilicet
1655 3401 1919 3474 active
1970 3422 2156 3493 age-

604 3539 693 3593 re
726 3519 821 3590 ad
868 3516 1171 3609 aliquid
1214 3516 1644 3610 spirituale
1697 3516 1776 3589 in
1836 3518 2149 3600 anima;

602 3638 735 3710 sed
779 3635 941 3710 ista
1000 3654 1229 3707 novae
1289 3634 1913 3728 legis'gratiam
1975 3657 2157 3709 cau-

602 3758 808 3837 sant,
858 3758 1244 3845 tanquam
1287 3752 1607 3844 signum
1648 3751 1960 3835 efficax,
2015 3753 2158 3826 illa

602 3876 878 3946 autem
921 3871 1227 3944 veteris
1270 3871 1473 3962 legis
1523 3890 1709 3952 non,
1760 3870 2155 3963 loquendo

601 3989 694 4060 de
735 3986 1315 4071 SacramentiS,
1352 3986 1427 4059 id
1458 3990 1606 4068 est,
1651 3987 1742 4059 de
1783 4008 2161 4061 caeremo-

605 4105 764 4177 niis
810 4104 1029 4177 illius
1071 4101 1301 4195 legis.
1354 4106 1468 4176 De
1517 4102 1667 4176 hoc
1729 4103 2032 4196 patebit
2075 4105 2156 4177 in

609 4220 975 4312 sequenti
1010 4218 1488 4310 quaestione.

338 4356 498 4410 Aua.
698 4337 813 4410 Ad
890 4335 1106 4408 aliud
1179 4334 1384 4417 dico,
1465 4335 1669 4426 quod
1754 4333 1822 4406 si
1902 4335 2157 4409 motio

436 4477 453 4562 t
611 4474 864 4530 serrae
897 4455 1112 4525 esset
1161 4449 1591 4543 dispositio
1645 4449 2020 4543 proxima
2061 4454 2158 4526 ad

610 4571 1156 4646 inductionem
1251 4566 1589 4659 alicujus
1683 4565 1997 4652 formae,
2078 4574 2158 4644 et

608 4709 771 4765 non
818 4707 918 4760 ex
973 4689 1273 4759 natura
1331 4684 1679 4779 aliquus
1743 4683 2154 4771 motioniS,

608 4808 741 4881 sed
795 4827 895 4878 ex
944 4802 1477 4897 dispositione
1522 4802 1871 4896 alicujus
1921 4822 2159 4894 agen-

608 4926 718 5001 tis
779 4924 1022 4998 simul
1082 4921 1631 5015 cooperantis,
1700 4926 1976 5014 posset
2036 4942 2158 4995 ra-

610 5038 1118 5114 tionabiliter
1186 5034 1348 5128 peti
1436 5035 1534 5106 ab
1611 5035 1751 5108 illo
1838 5040 2153 5127 agente,

611 5156 817 5249 quod
853 5155 995 5226 illa
1040 5152 1293 5226 motio
1343 5151 1776 5245 perficeret
1827 5151 1900 5224 id
1953 5153 2160 5244 quod

2263 1887 2705 1981 susceptio,
2765 1890 2891 1960 est
2947 1882 3376 1976 dispositio
3433 1879 3811 1974 proxima

2263 2006 2356 2077 ad
2391 2003 2774 2096 gratiam.
2822 2004 2918 2073 Et
2965 2020 3110 2093 per
3139 1998 3292 2071 hoc
3339 2001 3587 2089 patet,
3625 2016 3814 2088 quo-

2265 2122 2499 2195 modo
2561 2119 2898 2213 ponitur
2961 2117 3040 2191 in
3097 2114 3561 2190 definitione
3608 2114 3810 2208 ejuS,

2264 2242 2343 2312 et
2397 2237 2794 2331 quomodo
2829 2235 3184 2328 pertinet
3218 2235 3311 2306 ad
3344 2237 3608 2306 artem
3642 2235 3815 2305 tra-

2264 2356 2664 2431 ctantium
2705 2352 2795 2426 de
2839 2350 3419 2426 sacramentis.
3473 2348 3555 2423 Si
3596 2348 3812 2420 enim

2265 2475 2559 2567 aliquis
2646 2470 3206 2546 consideraret
3303 2467 3808 2549 incisionem,

2262 2594 2391 2665 vel
2441 2588 2740 2682 aliquid
2786 2586 3276 2680 hujusmodi,
3331 2586 3815 2677 inquantum

2269 2712 2697 2786 ordinatur
2733 2709 2828 2780 ad
2862 2706 3300 2780 sanitatem
3347 2702 3810 2785 humanam,

2263 2830 2656 2911 definiret,
2695 2828 2954 2918 ipsam
2999 2827 3076 2896 et
3126 2820 3672 2894 differentiam
3696 2838 3819 2891 as-

2266 2946 2630 3039 signaret
2673 2963 2819 3036 per
2861 2941 3124 3031 ipsum
3169 2937 3557 3019 ordinem,
3625 2935 3817 3008 licet

2268 3065 2438 3159 ipse
2491 3061 2684 3135 ordo
2738 3058 3139 3132 accideret
3194 3060 3510 3128 naturae
3561 3052 3679 3125 rei
3736 3052 3815 3123 in

2270 3204 2384 3254 se.
2450 3182 2620 3252 Hoc
2666 3177 2898 3250 modo
2955 3172 3231 3248 Sancti
3274 3175 3355 3244 et
3386 3173 3812 3253 DoctoreS,

2266 3316 2428 3368 non
2471 3297 2854 3367 curantes
2914 3288 3004 3362 de
3071 3284 3559 3379 Baptismali
3602 3282 3818 3355 ablu-

2267 3412 2513 3493 tione,
2552 3411 2942 3501 quantum
2994 3405 3087 3477 ad
3136 3408 3520 3476 naturam
3572 3399 3652 3471 in
3704 3418 3812 3479 se,

2267 3550 2427 3603 non
2463 3528 2724 3618 magis
2777 3544 3015 3618 quam
3065 3523 3156 3594 de
3197 3524 3498 3592 natura
3555 3516 3819 3588 balne-

2269 3646 2568 3721 ationis
2628 3643 3206 3733 cujuscumque
3280 3656 3424 3728 per
3478 3654 3586 3717 se,
3636 3651 3815 3706 con-

2268 3770 2629 3843 siderant
2671 3763 2863 3837 illud
2925 3761 3402 3851 inquantum
3441 3775 3540 3827 ex
3590 3752 3814 3825 insti-

2266 3880 2586 3956 tutione
2641 3875 2909 3950 divina
2975 3871 3211 3946 habet
3293 3868 3654 3942 ordinem
3722 3866 3814 3938 ad

2270 3996 2654 4089 gratiam,
2718 3996 2795 4065 et
2861 3991 3033 4063 ideo
3113 3988 3229 4060 sic
3283 3982 3692 4064 definiunt,
3736 3984 3816 4054 et

2269 4107 2774 4185 differentias
2817 4104 3264 4196 assignant.

2358 4228 2472 4301 Ad
2513 4225 2870 4320 primum
2921 4220 3495 4311 argumentum
3540 4230 3817 4285 secun-

2268 4347 2384 4419 dae
2439 4337 2940 4436 quaestioniS,
3003 4338 3226 4428 patet
3285 4333 3490 4425 quod
3545 4329 3815 4402 virtus

2271 4462 2414 4536 illa
2496 4463 2621 4533 est
2697 4451 3062 4529 efficacia
3150 4448 3360 4541 signi
3443 4450 3816 4537 respectu

2272 4574 2600 4669 signati,
2656 4592 2828 4665 quae
2877 4564 3241 4642 efficacia
3280 4583 3440 4636 non
3489 4564 3614 4634 est
3661 4559 3821 4632 for-

2272 4710 2403 4763 ma
2465 4687 2737 4768 realis,
2805 4682 3158 4756 maxime
3218 4676 3616 4757 absoluta,
3689 4673 3823 4746 sed

2271 4812 2395 4882 est
2443 4805 2755 4879 veritas
2828 4799 3041 4892 signi
3091 4794 3567 4869 virtualiter
3616 4812 3817 4883 prae-

2271 4921 2622 4999 cedentis
2674 4919 3113 5010 signatum.

2359 5039 2471 5112 Ad
2507 5036 2967 5115 seeundum,
3004 5031 3072 5103 si
3107 5029 3417 5102 sanitas
3450 5046 3609 5099 non
3645 5046 3822 5119 pos-

2275 5160 2397 5229 set
2428 5155 2589 5227 nisi
2631 5152 2727 5224 ab
2769 5152 3059 5242 agente
3092 5142 3562 5218 voluntario
3607 5141 3821 5214 indu-

3955 3991 3962 4060 l

3847 4259 4083 4419 Adqarg.
4126 4285 4186 4336 1.

3940 5065 4023 5118 Ad
4052 5066 4121 5117 2.

608 5273 998 5354 continet,
1043 5270 1193 5343 hoc
1235 5274 1359 5343 est
1403 5269 1645 5351 dictu,
1702 5268 1908 5361 quod
1950 5269 2161 5344 sicut
2274 5274 2373 5356 ci,
2413 5277 2493 5346 et
2534 5272 2632 5344 ab
2675 5270 2850 5363 ipso
2887 5264 3462 5339 institueretur
3503 5260 3825 5351 aliquod

610 5389 975 5464 continet
1045 5387 1237 5460 illud
1298 5387 2161 5480 tanquamdispositio
2277 5390 2624 5482 signum,
2718 5383 2923 5476 quod
2997 5384 3215 5453 esset
3291 5376 3605 5458 efficax,
3687 5395 3825 5447 seu

620 5505 950 5601 praevia,
1043 5506 1157 5580 sic
1250 5502 1619 5599 perficiat
1704 5503 1922 5588 illud,
2013 5506 2165 5578 hoc
2275 5504 2702 5599 dispositio
2788 5497 3290 5572 necessitans
3391 5493 3655 5586 ipsum
3733 5493 3829 5563 ad

617 5628 767 5709 est,
813 5623 909 5697 ad
954 5623 1216 5718 ipsam
1268 5619 1728 5694 immediate
1778 5622 2167 5712 sequatur
2279 5617 2807 5697 inducendum
2885 5612 3348 5696 sanitatem,
3454 5608 3648 5683 illud
3725 5607 3832 5680 si·
