4287 6313
1581 418 1780 480 DIST.
1830 419 1879 479 1.
1911 417 2271 494 QUAESTto
2319 419 2390 480 V.

465 588 616 655 talis
655 587 1022 675 dispositio,
1069 606 1229 674 ergo
1264 603 1476 673 neque
1533 582 1746 649 virtus
1777 580 2019 669 produ-

463 704 640 771 ctiva
687 706 831 793 ejus
855 704 1152 791 physica.

270 849 333 898 13.
576 820 663 910 (c)
721 821 882 887 Item
933 821 1064 886 ista
1113 817 1467 905 disposicio
1509 824 1806 901 respectu
1860 834 2015 901 yra-

205 908 398 1024 Seffffff'*
468 944 601 1021 tioe,
642 952 765 1006 etc.
801 941 951 1002 Haec
990 945 1088 1001 est
1147 930 1431 1000 secunda
1482 930 1643 996 ratio
1696 928 2008 1000 DoctoriS.

169 1036 432 1107 ¹²³³⁰⁰5¹¹²¹³²³⁶
469 1077 618 1145 quae
649 1052 1005 1122 summarie
1037 1050 1103 1116 in
1165 1051 1289 1115 hoc
1339 1058 1678 1113 versatur:
1719 1044 1831 1110 llla
1878 1044 2013 1110 dis-

371 1180 372 1183 ’
465 1170 705 1260 positio
763 1168 842 1235 ad
891 1166 1170 1255 gratiam
1212 1162 1285 1229 fit
1323 1161 1520 1229 simul
1576 1181 1724 1228 cum
1774 1158 2008 1248 gratia,

465 1302 663 1377 atque
702 1286 860 1353 adeo
902 1284 967 1350 in
1000 1280 1316 1361 instanti3
1370 1281 1484 1348 sed
1519 1281 2012 1346 Sacramentum

463 1425 596 1471 non
642 1414 853 1491 potest
908 1399 1268 1487 producere
1315 1395 1563 1484 aliquid
1625 1395 1690 1461 in
1743 1395 2010 1461 instanti

460 1519 759 1607 physice,
813 1538 972 1604 ergo
1034 1534 1247 1601 neque
1288 1511 1462 1578 illam
1517 1508 2010 1597 dispositionem

462 1636 764 1724 producit
794 1633 1090 1723 physice.

201 1770 421 1835 Dispositio
547 1753 858 1840 Majorem
955 1748 1187 1837 probat
1272 1745 1661 1832 tripliciter:
1764 1742 2006 1821 Primo,

182 1837 433 1949 ,mmmmm
460 1870 616 1957 quia
673 1867 1016 1954 dispositio
1077 1863 1503 1943 necessitans,
1560 1860 1819 1949 quando
1872 1859 2010 1925 nul-

237 1962 364 2010 form·
461 1988 593 2054 lum
629 1997 728 2051 est
758 1983 1294 2071 impedimentum
1338 1979 1402 2045 in
1443 1977 1866 2065 suscipiente,
1943 1975 2015 2041 fit

210 2023 248 2072 in
288 2022 394 2072 tadu

193 2040 438 2198 mgegitan-
463 2102 661 2171 simul
692 2122 841 2168 cum
876 2098 1127 2176 forma;
1164 2094 1373 2185 gratia
1422 2104 1638 2162 autem
1690 2092 1762 2158 fit
1820 2093 1884 2157 in
1918 2092 2014 2158 in-

201 2214 336 2321 Gflffi
364 2210 412 2258 ⁶¹
464 2221 689 2301 stanti,
746 2217 858 2285 sed
914 2218 976 2282 in
1037 2216 1252 2281 anima
1304 2212 1554 2278 nullum
1597 2222 1696 2277 est
1745 2208 2015 2296 impedi-

211 2334 395 2386 52522015·
468 2349 759 2406 mentum
792 2342 1090 2419 respectu
1147 2328 1631 2416 dispositioniS,
1666 2346 1851 2412 ergo,
1887 2336 2009 2391 etc.

553 2451 855 2521 Secundo
886 2449 1139 2536 probat,
1185 2447 1336 2534 quia
1380 2466 1508 2511 non
1549 2455 1648 2511 est
1687 2441 2016 2510 successio

238 2482 374 2531 Caus-

200 2544 422 2654 mex-sio-
469 2575 534 2639 in
567 2568 996 2660 productione
1024 2566 1253 2632 formae
1314 2563 1439 2629 nisi
1473 2561 1831 2628 secundum
1866 2580 2015 2648 par—

177 2669 445 2793 pragam.
469 2701 565 2754 tes
620 2683 906 2763 mobilis,
971 2681 1072 2747 vel
1126 2700 1325 2767 penes
1379 2678 1646 2765 gradus,
1693 2687 1757 2742 et
1799 2686 2016 2762 partes

227 2794 394 2843 ‘⁰¹¹”ae-
472 2803 681 2890 ipsius
731 2801 984 2880 formae,
1029 2797 1094 2864 id
1149 2807 1270 2881 est,
1325 2795 1477 2884 quia
1526 2791 1766 2859 mobile
1823 2792 2019 2858 habet

468 2919 768 2988 diversas
827 2928 1042 3005 partes
1109 2913 1468 2980 secundum
1510 2931 1671 3001 quas
1712 2909 1899 2977 aliter
1954 2920 2018 2975 et

462 3038 660 3105 aliter
715 3035 1078 3124 applicatur
1129 3032 1208 3099 ad
1275 3051 1536 3098 causam
1595 3028 2013 3113 efficientem,

464 3154 566 3222 vel
598 3153 758 3244 quia
796 3151 1003 3218 forma
1051 3160 1151 3216 est
1191 3145 1567 3226 divisibilis,
1608 3168 1693 3212 ex
1722 3146 1786 3213 6.
1835 3146 2016 3232 Phy-

456 3273 778 3336 sicorum.
850 3269 992 3333 Non
1064 3265 1373 3351 primum,
1438 3261 1588 3349 quia
1647 3260 2014 3346 subjectum

462 3388 568 3454 hic
604 3396 710 3452 est
762 3379 1185 3448 indivisibile.
1240 3380 1380 3444 Non
1441 3375 1826 3456 secundum,
1866 3373 2016 3464 quia

458 3502 534 3567 ad
588 3498 934 3566 minimam
984 3492 1481 3582 dispositionem
1534 3490 1751 3558 induci
1805 3501 2017 3577 potest

453 3616 695 3704 gratia,
734 3627 856 3680 etc.

551 3737 680 3800 Pro
715 3729 1153 3797 intellectione
1191 3727 1390 3815 hujus
1422 3724 1717 3805 minoris,
1757 3745 1885 3789 non
1915 3735 2016 3791 est

174 3823 437 3933 mfffiffjff
461 3869 706 3916 sensus
743 3846 1033 3912 Doctoris
1067 3841 1235 3932 quod
1269 3841 1479 3928 gratia
1513 3861 1639 3907 non
1673 3841 1757 3908 sit
1788 3842 2013 3908 divisi-

188 3948 403 4059 digssssffis
459 3966 608 4034 bilis
637 3990 655 4046 ;
693 3966 821 4030 hoc
869 3963 1044 4029 enim
1077 3972 1397 4047 repugnat
1433 3959 1663 4026 formae
1693 3959 2012 4046 homoge-

251 4081 326 4122 ἐἰ
457 4105 623 4164 neae,
665 4102 821 4171 quae
862 4090 1073 4167 potest
1112 4076 1383 4156 intendi,
1421 4088 1491 4143 ut
1529 4086 1624 4142 est
1656 4076 1865 4162 gratia
1899 4097 2013 4163 per

451 4200 678 4285 ipsum
736 4196 804 4261 in
863 4193 1064 4261 variis
1111 4192 1294 4272 lociS,
1342 4204 1411 4258 ut
1451 4201 1623 4277 patet
1665 4191 1745 4257 de
1801 4192 2011 4277 gratia

446 4314 698 4383 Christi
743 4332 940 4399 quam
972 4309 1125 4376 dicit
1155 4330 1300 4376 esse
1349 4308 1902 4389 intensissimam,
1948 4322 2012 4376 et

445 4430 742 4516 gratiam
804 4425 1257 4513 baptismalem
1309 4427 1502 4511 infra
1550 4424 1735 4490 docet
1807 4426 2007 4513 majo-

445 4569 582 4613 rem
657 4556 731 4610 et
805 4539 1227 4607 intensiorem
1295 4561 1463 4620 esse,
1535 4560 1727 4627 quam
1816 4541 2011 4606 suerit

442 4664 659 4749 gratia
695 4661 849 4727 data
891 4679 1006 4746 per
1035 4654 1632 4722 circumcisionem.
1698 4655 2009 4742 Loquitur

440 4782 517 4847 de
547 4779 997 4867 dispositione
1048 4775 1113 4841 in
1166 4774 1393 4840 ordine
1441 4773 1519 4839 ad
1571 4772 1867 4851 formam,
1928 4773 2004 4838 ad

445 4919 642 4984 quam
679 4892 1005 4981 disponit,
1043 4912 1192 4979 quae
1224 4889 1571 4977 aliquando
1603 4889 1667 4955 in
1703 4889 2006 4955 determi-

445 5024 594 5077 nato
650 5023 915 5075 tantum
975 5005 1183 5094 gradu
1244 5004 1634 5071 intensionis
1692 5004 2001 5090 disponit,

445 5129 615 5197 sicut
670 5127 859 5193 calor
906 5124 981 5191 ad
1035 5123 1253 5211 ignem
1297 5142 1423 5187 non
1481 5121 1544 5185 in
1595 5141 2008 5209 quocumque

444 5244 656 5332 gradu
730 5242 1015 5308 remisso
1064 5239 1375 5325 disponit,
1414 5237 1528 5305 sed
1596 5238 1660 5304 in
1705 5239 1959 5306 intenso
1981 5266 2002 5318 ,-

443 5361 712 5448 quando
767 5371 989 5425 autem
1041 5357 1245 5422 forma
1293 5356 1650 5441 disponens
1709 5369 1807 5421 est
1863 5356 2007 5422 talis

446 5492 660 5566 potest
731 5477 1128 5560 contingere
1202 5486 1271 5539 ut
1336 5475 1694 5542 secundum
1755 5475 2007 5562 aliquos

444 5596 694 5687 gradus
751 5591 939 5669 insit,
1004 5603 1074 5657 ut
1120 5590 1456 5670 remissos,
1491 5597 1495 5602 ’
1530 5591 1671 5658 sine
1711 5612 1787 5658 eo
1835 5591 2007 5678 quod

183 3753 425 3806 Ex'tur

3555 424 3660 484 151

2133 580 2291 647 insit
2333 581 2538 647 forma
2578 581 2656 648 ad
2699 602 2893 671 quam
2923 582 3236 670 disponit,
3285 593 3355 650 ut
3406 582 3582 650 calor
3612 594 3682 650 ut

2127 694 2276 776 tria,
2324 696 2470 763 sine
2509 695 2687 784 igne,
2724 710 2848 766 etc.
2884 698 3059 765 Talis
3094 719 3223 765 non
3263 708 3362 766 est
3402 697 3679 786 disposi-

2125 811 2218 877 tio
2250 812 2394 879 haec
2433 812 2511 878 ad
2544 814 2846 900 gratiam,
2914 813 3064 901 quia
3107 813 3504 902 quicumque
3535 833 3679 900 gra-

2129 925 2250 992 dus
2307 926 2537 994 sormae
2578 928 2989 1016 disponentis
3023 929 3268 997 sufficit
3307 930 3385 996 ad
3426 929 3675 996 infusi-

2127 1062 2320 1107 onem
2351 1045 2622 1131 gratiae3
2660 1066 2818 1133 ergo
2860 1058 3073 1132 potest
3100 1046 3296 1113 simul
3328 1045 3674 1132 dispositio

2127 1171 2191 1226 et
2220 1160 2432 1248 gratia
2471 1159 2611 1229 fieri
2646 1161 2713 1227 in
2763 1162 3054 1244 instanti,
3101 1163 3272 1251 quod
3306 1174 3404 1230 est
3461 1163 3672 1230 inten-

2124 1283 2265 1340 tum
2300 1274 2466 1362 ejuS.
2687 1292 2716 1321 ·

2215 1401 2432 1467 Tertio
2473 1402 2725 1489 probat,
2782 1404 2935 1491 quia
2981 1403 3492 1472 instrumentum
3538 1425 3669 1472 non
3823 1418 3896 1469 ιι.

2124 1516 2262 1603 agit
2294 1517 2421 1584 nisi
2462 1518 2527 1583 in
2560 1518 2806 1585 virtute
2845 1540 3061 1586 causae
3092 1519 3473 1606 principalis
3508 1542 3523 1600 ;
3559 1542 3665 1587 er-

2122 1652 2208 1717 go
2240 1631 2294 1698 si
2356 1633 2867 1701 instrumentum
2917 1635 3144 1722 nequit
3184 1639 3381 1722 agere
3421 1634 3546 1701 nisi
3599 1636 3663 1701 in

2120 1759 2436 1836 tempore,
2482 1756 2652 1819 Deus
2708 1752 2901 1819 etiam
2935 1774 3065 1819 non
3097 1766 3307 1840 potest
3334 1774 3530 1840 agere
3570 1754 3663 1819 ni·
3690 1756 3996 1870 powg-im

2121 1867 2177 1934 si
2236 1866 2301 1931 in
2350 1879 2645 1955 tempore
2693 1880 2757 1935 et
2802 1870 3179 1937 successive
3224 1869 3303 1935 ad
3363 1870 3666 1937 effectum
3817 1871 3823 1877 “
4002 1861 4013 1873 ’

2123 1984 2570 2065 instrumenti,
2628 1985 2801 2073 quod
2849 1998 2949 2053 est
3000 1986 3361 2054 absurdum
3421 2007 3502 2053 ex
3556 1986 3672 2052 du-

2124 2100 2291 2167 obus
2330 2122 2344 2165 :
2404 2101 2615 2187 primo
2655 2122 2738 2168 ex
2799 2100 3051 2168 infinita
3090 2102 3336 2168 virtute
3385 2103 3520 2183 Dei,
3566 2098 3671 2169 cui

2125 2215 2305 2282 nulla
2346 2216 2744 2302 resistentia,
2787 2227 2851 2282 et
2898 2239 2979 2283 ex
3021 2228 3205 2304 parte
3255 2217 3532 2305 subjecti
3575 2230 3675 2284 est

2129 2332 2620 2420 proportionata
2656 2356 2671 2412 ;
2725 2332 2896 2399 unde
2935 2354 3014 2399 ex
3048 2333 3445 2420 Philosopho
3465 2355 3673 2422 supra

2130 2450 2203 2514 in
2237 2455 2296 2519 1.
2342 2451 2701 2535 quaestione
2748 2451 2946 2536 hujus
2975 2449 3195 2535 citat0,
3259 2450 3314 2517 si
3346 2454 3513 2517 Deus
3555 2451 3676 2517 im-

2102 2562 2409 2631 ·mediate
2462 2576 2755 2631 moveret
2801 2565 3066 2649 coelum,
3116 2578 3411 2633 moveret
3465 2566 3530 2632 in
3581 2566 3677 2634 in·

2128 2678 2325 2748 stanti
2348 2681 2429 2745 ob
2462 2679 2912 2747 infirmitatem
2944 2681 3249 2761 virtutis;
3279 2693 3418 2748 tum
3446 2703 3679 2749 secun-

2127 2799 2209 2866 do
2242 2815 2501 2888 propter
2548 2818 2871 2866 summam
2921 2799 3344 2884 capacitatem
3395 2800 3675 2887 subjecti
3716 2824 3722 2831 ·

2127 2939 2257 2985 non
2290 2919 2593 2986 habentis
2624 2917 3058 2984 contrarium.

2216 3035 2508 3101 insinuat
2556 3035 2663 3100 hic
2691 3055 2924 3101 causas
2957 3055 3037 3100 ex
3070 3034 3310 3122 quibus
3350 3035 3676 3123 contingit

2125 3152 2456 3220 successio
2488 3152 2554 3219 in
2598 3164 2803 3232 motu,
2853 3173 3088 3240 nempe
3126 3173 3206 3218 ex
3238 3151 3672 3240 repugnantia

2124 3269 2326 3357 passi,
2363 3281 2426 3335 et
2466 3268 2742 3335 limitata
2788 3267 3028 3335 virtute
3067 3267 3348 3355 agentiS,
3394 3268 3475 3335 ad
3526 3290 3675 3357 quae

2124 3385 2525 3452 reducuntur
2557 3384 2830 3473 reliquae
2871 3384 3225 3472 assignatae
3254 3405 3291 3452 a
3331 3388 3674 3453 Commen-

2121 3512 2331 3568 tatore
2378 3504 2453 3568 in
2495 3503 2715 3589 capite
2752 3501 2834 3568 de
2875 3501 3105 3581 Vacua,
3169 3513 3239 3567 ut
3292 3499 3436 3587 ipse
3502 3514 3676 3568 recte

2123 3619 2354 3704 probat
2385 3618 2550 3684 infra
2581 3619 2736 3684 dist.
2783 3622 2891 3684 43.
2928 3629 3152 3705 quoest.
3192 3617 3440 3684 avide
3477 3618 3673 3685 etiam

2123 3735 2338 3821 ipsum
2374 3738 2446 3800 in
2486 3740 2545 3802 1.
2573 3735 2728 3801 dist.
2776 3738 2838 3801 2.
2884 3744 3107 3821 quoest.
3150 3738 3210 3798 1.
3248 3735 3338 3799 ad
3367 3735 3674 3801 ultimam

2123 3853 2199 3918 in
2246 3855 2309 3917 2.
2364 3851 2519 3917 dise.
2557 3856 2627 3918 2.
2671 3861 2892 3938 quoest.
2939 3853 3003 3916 9.
3048 3850 3139 3916 ad
3168 3854 3230 3917 4.
3268 3852 3427 3917 Item
3468 3852 3541 3919 in
3604 3856 3670 3919 3.

2122 3967 2278 4033 dist.
2316 3972 2380 4034 4.
2419 3971 2451 4054 ξ
2503 3966 2723 4033 Maria
2761 3969 2900 4052 fuit
2931 3989 3082 4034 vere
3113 3979 3326 4034 mater
3356 3969 3505 4050 Dei,
3546 3981 3669 4036 eto.

2121 4082 2232 4148 ubi
2282 4080 2527 4167 optime
2565 4081 2874 4168 exprimit
2938 4082 3265 4168 quomodo
3317 4083 3518 4149 Maria
3561 4105 3670 4150 co-

2121 4209 2385 4286 operata
2438 4197 2631 4264 fuerit
2683 4197 2750 4263 in
2817 4198 3083 4265 instanti
3136 4198 3215 4264 ad
3272 4198 3448 4265 illam
3517 4199 3674 4266 acti·

2120 4334 2313 4381 onem
2354 4312 2801 4400 generativam
2850 4312 3087 4380 Christi
3132 4314 3491 4380 secundum
3533 4337 3670 4382 car-

2122 4450 2270 4495 nem
2309 4450 2390 4495 ex
2430 4429 2936 4517 superveniente
2972 4428 3257 4515 Spiritus
3297 4431 3501 4496 sancti
3534 4432 3670 4497 vir·

2119 4557 2282 4612 tute.

2209 4662 2478 4728 Probata
2510 4683 2666 4748 ergo
2718 4662 2973 4749 majori,
3027 4664 3259 4748 probat
3316 4663 3661 4744 minorem,
3808 4689 3938 4761 15..

2120 4779 2274 4866 quia
2314 4779 2801 4845 Sacramentum
2863 4791 2958 4845 est
3017 4779 3170 4866 quid
3212 4780 3663 4848 successivum
3730 4753 3975 4866 ξῇζξῖξζο

2121 4902 2143 4982 <
2185 4905 2253 4961 ut
2329 4893 2598 4961 includit
2660 4894 2890 4962 saltem
2959 4895 3235 4962 formam
3334 4898 3662 4965 verbalem
3686 4878 4003 4946 Pti¹¹⁰¹p²³¹³⁵·

2119 5010 2585 5091 successivam,
2618 5010 2640 5097 )
2674 5031 2832 5097 ergo
2866 5011 3091 5099 nequit
3119 5032 3265 5078 esse
3294 5024 3406 5079 aut
3444 5033 3663 5100 agere,

2120 5126 2246 5193 nisi
2323 5126 2388 5192 in
2446 5138 2762 5215 tempore,
2808 5127 3060 5193 actione
3111 5127 3266 5194 reali
3324 5130 3601 5195 naturali
3649 5154 3664 5214 3

2119 5263 2277 5329 ergo
2337 5264 2549 5331 neque
2596 5243 2852 5310 actione
2910 5244 3393 5330 supernaturali
3438 5264 3662 5311 secun-

2118 5360 2273 5426 dum
2310 5359 2510 5446 ipsos,
2549 5359 2697 5447 quia
2729 5359 2872 5427 haec
2922 5380 3050 5426 non
3082 5361 3389 5447 competit
3424 5361 3666 5428 instru-

2121 5487 2364 5555 mento,
2411 5476 2537 5543 nisi
2601 5487 2671 5542 ut
2710 5475 2908 5544 simul
2951 5477 3147 5543 habet
3176 5477 3495 5544 actionem
3547 5497 3663 5542 na-

2118 5593 2424 5673 turalem.
