4287 6313
547 376 666 480 561

540 575 790 644 Actus
855 577 1129 645 autem
1181 572 1273 642 ad
1337 590 1571 662 quem
1615 571 1855 642 homo
1903 568 2091 641 obli·

542 695 810 780 gatur,
884 689 1110 762 debet
1177 709 1354 761 esse
1434 688 1858 768 humanus,
1931 705 2091 758 non

542 806 894 878 casualis
946 806 1073 878 vel
1127 806 1542 887 fortuitus,
1607 804 1793 896 quia
1846 823 2091 896 super

540 918 885 994 fortuita
947 942 1106 993 non
1166 921 1378 993 cadit
1444 919 1861 1011 obligatim,
1912 918 2090 1011 ipsa

536 1038 786 1110 etiam
849 1038 1237 1129 obligatio
1300 1042 1449 1118 est,
1525 1040 1611 1109 ut
1660 1034 1901 1107 homo
1972 1035 2089 1107 in-

537 1155 809 1228 tendat
866 1154 1054 1227 illul
1107 1156 1200 1228 ad
1258 1153 1460 1246 quod
1514 1154 1952 1243 obligatur.
2057 1245 2075 1258 .

628 1272 709 1344 Si
744 1277 1015 1345 autem
1054 1273 1484 1365 loquamur
1515 1273 1605 1343 de
1640 1269 2089 1345 intentione

536 1390 877 1462 secundo
975 1389 1233 1469 modo,
1320 1387 1632 1461 scilicet
1716 1389 2090 1478 respectu

531 1504 712 1576 finis
757 1508 1096 1598 propter
1158 1524 1394 1597 quem
1442 1502 1630 1575 talis
1685 1506 1915 1575 actus
1968 1504 2092 1572 est

528 1621 1046 1703 exercenduS,
1119 1621 1559 1700 dicendum,
1619 1619 1823 1709 quod
1900 1616 2091 1689 talis

534 1738 718 1810 finis
762 1743 885 1811 est
936 1737 1253 1829 duplex,
1325 1736 1635 1809 scilicet
1692 1734 2093 1827 principa-

534 1854 635 1925 lis
670 1857 747 1925 et
784 1858 1178 1935 remotus
1233 1855 1536 1944 utpote,
1584 1851 1789 1942 quod
1839 1848 2093 1941 bapti—

534 1974 767 2042 zatus
828 1969 968 2041 fiat
1028 1967 1241 2040 filius
1289 1968 1542 2060 regni,
1591 1965 1853 2058 qualis
1912 1965 2092 2036 fieri

539 2107 699 2158 non
752 2086 1127 2180 potest,si
1171 2106 1330 2158 non
1374 2086 1660 2157 habeat
1706 2081 2086 2174 gratiam,

539 2223 684 2296 per
755 2224 994 2295 qua-m
1058 2209 1181 2276 est
1250 2202 1534 2292 dignus
1595 2200 1789 2271 vita.
1863 2197 2090 2269 Alius

534 2324 660 2393 est
716 2320 1135 2412 proximus
1168 2324 1249 2393 et
1286 2319 1548 2391 minus
1586 2313 2085 2418 principalis,

539 2443 621 2508 ut
668 2437 978 2511 scilicet
1040 2438 1501 2530 baptizatus
1542 2436 1684 2508 fiat
1746 2432 2090 2507 Christi-

538 2575 767 2635 anus,
829 2555 998 2641 sive
1053 2555 1505 2627 membrum
1540 2551 1920 2625 Ecclesiae
1957 2550 2091 2622 mi·

535 2668 882 2746 litantis;
935 2674 1015 2741 et
1060 2671 1494 2760 utrumque
1541 2667 1780 2738 finem
1824 2669 2090 2757 potest

536 2785 833 2877 aliquis
888 2787 1303 2859 intendere
1354 2785 1433 2857 in
1478 2781 1922 2856 universali
1971 2781 2091 2851 vel

538 2902 1056 2995 particulari.

311 3093 362 3111 ,‚
631 3015 830 3089 Dico
872 3018 969 3106 (d)
1002 3036 1226 3109 erg0,
1272 3015 1475 3107 quod
1519 3014 1861 3087 intentio
1909 3012 2092 3084 finis

184 3121 501 3253 fflssess'rffizffii
546 3133 811 3206 ultimi
883 3134 1104 3206 nullo
1180 3133 1411 3206 modo
1490 3130 1941 3226 requiritur
2014 3128 2094 3201 in

184 3250 503 3362 „Zssssffifflssia
546 3252 1033 3345 baptizante,
1137 3252 1323 3345 quia
1409 3254 1781 3343 Paganus
1869 3250 2092 3321 nullo

185 3373 487 3487 admlgffiis-
551 3372 782 3442 modo
894 3370 1229 3442 intendit
1330 3368 1707 3441 ordinare
1817 3370 2087 3445 istum,

228 3504 392 3573 Quare
420 3500 472 3548 in
548 3507 779 3579 quem
814 3488 1197 3579 baptizat,
1234 3487 1327 3557 ad
1367 3485 1622 3558 vitam
1655 3489 2088 3563 aeternam3

208 3563 491 3696 ξὲξῖιέἷῗῖιῗῖ
550 3604 1004 3696 requiritur
1061 3608 1336 3677 tamen
1413 3601 1757 3675 intentio
1830 3621 2093 3692 respe-

210 3693 447 3738 ¹¹¹²⁶¹¹t¹⁰'
545 3727 678 3795 ctu
749 3722 931 3793 finis
994 3719 1374 3813 proximi,
1438 3726 1518 3792 et
1578 3719 1729 3791 hoc
1814 3718 1939 3790 vel
2014 3717 2090 3788 in

542 3838 1031 3931 particulari
1064 3838 1193 3910 vel
1228 3838 1306 3909 in
1341 3835 1702 3928 generali
1734 3862 1748 3915 ;
1797 3835 1877 3906 in
1913 3854 2090 3926 par—

540 3957 895 4040 ticulari,
962 3961 1049 4029 ut
1101 3956 1168 4026 si
1242 3953 1598 4027 intendat
1666 3951 1911 4023 istum
1974 3950 2089 4022 in-

537 4080 769 4149 trare
842 4075 1099 4164 legem
1171 4069 1832 4145 Christianorum
1926 4088 2087 4139 ser·

533 4194 925 4268 vandam:
992 4190 1072 4262 in
1132 4187 1520 4281 generali,
1605 4186 1671 4259 si
1744 4185 2085 4258 intendit

546 4310 817 4384 facere
863 4309 1092 4380 circa
1154 4307 1427 4386 istum,
1477 4304 1683 4396 quod
1746 4302 2086 4376 Christi-

530 4427 663 4500 ani
700 4426 964 4498 solent
997 4423 1269 4495 facere
1306 4421 1529 4493 circa
1565 4441 1781 4491 suos

619 4541 866 4616 Ratio
947 4543 1218 4612 autem
1299 4557 1550 4629 quare
1631 4533 2083 4627 requiritur

530 4660 689 4731 ista
740 4654 1083 4729 intentio
1142 4655 1507 4745 respectu
1572 4652 1754 4722 finis
1811 4651 2106 4742 proxi-'

533 4776 667 4857 mi,
724 4778 804 4846 et
864 4792 1022 4844 non
1099 4773 1469 4861 respectu
1532 4767 1714 4839 finis
1785 4766 2077 4847 ultimi,

529 4893 654 4961 est
687 4907 1075 4979 congrua,
1115 4885 1300 4979 quia
1341 4883 1663 4958 scilicet
1696 4886 1908 4955 Deus
1953 4903 2081 4953 vo·

527 5006 679 5079 luit
726 5005 970 5079 istum
1027 5006 1302 5075 actum
1343 5000 1799 5073 exercitum
1850 5019 1895 5070 a
1942 4999 2079 5070 mi-

532 5122 798 5194 nistro
842 5140 1021 5192 esse
1064 5119 1504 5189 humanum
1540 5117 1619 5188 in
1651 5137 1771 5198 eo,
1808 5117 1886 5187 et
1920 5135 2080 5186 non

526 5242 847 5313 tantum
902 5241 985 5309 ut
1050 5240 1173 5308 est
1215 5233 1405 5308 talis
1454 5237 1686 5305 actus
1723 5231 1800 5304 in
1853 5236 2073 5305 natu-

529 5376 623 5427 ra
682 5352 846 5445 (qu-i
891 5350 967 5421 in
1030 5350 1177 5422 hoc
1230 5369 1392 5421 non
1432 5348 2079 5440 distingueretur

522 5492 568 5543 a
667 5487 1169 5562 quacumque
1268 5466 1430 5538 alia
1534 5464 2069 5545 balneatione,

504 5607 704 5681 ⁴cum
767 5584 952 5658 aliis
1031 5582 1351 5673 verbis),
1401 5581 1532 5654 sed
1592 5580 2073 5672 inquantum

318 3059 341 3109 ί»

1704 411 1848 472 [ΑΒ.
1897 410 1997 470 lv.
2048 408 2650 471 SENTENTIRAUM

2204 572 2328 641 est
2370 571 2602 640 actus
2648 567 3020 660 alicujuS,
3077 572 3165 641 ut
3218 566 3576 639 ministri
3617 585 3752 637 ex-

2205 684 2560 756 ercentis
2633 684 2955 774 signum
2997 683 3183 764 Dei;
3259 682 3558 754 habens
3618 701 3756 752 au-

2207 808 2369 877 tem
2430 806 2780 898 aliquem
2825 810 3097 878 actum
3152 804 3595 876 humanum
3651 802 3757 873 in-

2210 919 2459 992 tendit
2490 919 2729 993 finem
2765 919 2987 992 illius
3031 922 3286 1001 actus,
3325 923 3409 990 ut
3445 921 3568 991 est
3605 916 3757 989 sibi

2206 1041 2437 1108 actus
2472 1036 2900 1118 humanus;
2946 1056 3145 1129 ergo
3212 1036 3587 1110 minister
3648 1034 3761 1106 in·

2207 1153 2456 1226 tendit
2511 1154 2752 1226 finem
2824 1154 3291 1246 proximum
3357 1153 3592 1227 istius
3636 1172 3762 1225 ac·

2206 1270 2364 1353 tus,
2412 1274 2498 1342 ut
2535 1275 2658 1342 est
2703 1269 2852 1341 sibi
2889 1270 3364 1362 impositus;
3413 1269 3542 1341 sed
3578 1269 3760 1341 finis

2208 1382 2344 1455 ille
2416 1385 2780 1466 ultimus,
2839 1385 3152 1459 scilicet
3213 1386 3592 1458 ordinare
3662 1385 3760 1457 is·

2208 1503 2382 1573 tum
2441 1501 2536 1573 ad
2603 1502 2857 1574 vitam
2911 1506 3333 1585 aeternam,
3403 1523 3567 1576 non
3635 1506 3760 1576 est

2209 1617 2389 1690 finis
2434 1618 2702 1712 hujus,
2738 1629 2826 1693 ut
2874 1624 2999 1693 est
3051 1624 3285 1694 actus
3327 1620 3753 1700 humanus,

2210 1738 2302 1810 ad
2338 1759 2570 1830 quem
2621 1739 2859 1810 finem
2906 1743 3282 1832 oporteat
3323 1741 3596 1811 actum
3659 1738 3759 1810 is·
3827 1747 3836 1758 ‘

2205 1857 2379 1926 tum
2417 1855 2818 1938 ordinare,
2866 1860 2953 1929 ut
2995 1857 3101 1929 sit
3143 1855 3292 1928 sibi
3326 1856 3750 1929 humanus.

2298 1974 2467 2046 Hoc
2518 1979 2789 2047 autem
2842 1975 3328 2047 rationabile
3386 1978 3513 2048 est
3590 1975 3754 2048 uni·

2203 2089 2647 2162 versaliter
2687 2092 2761 2160 in
2800 2111 2943 2161 usu
2981 2089 3205 2181 ,signi
3262 2090 3633 2183 practici.
3675 2091 3752 2165 Si

2207 2207 2385 2296 quis
2417 2206 2630 2277 enim
2683 2205 3114 2298 legislator
3160 2207 3629 2280 institueret
3677 2209 3758 2280 in

2208 2341 2351 2392 sua
2385 2321 2695 2414 politia,
2736 2327 3046 2394 tactum
3099 2341 3383 2394 manus
3427 2344 3604 2395 esse
3650 2323 3754 2396 si-

2206 2457 2454 2526 gnum
2497 2439 2952 2530 practicum
2998 2439 3409 2520 amicitiae,
3447 2460 3605 2512 non
3651 2441 3759 2512 in-

2207 2555 2593 2635 tenderet,
2662 2555 2867 2647 quod
2930 2560 3248 2629 utentes
3312 2556 3452 2628 illo
3524 2557 3758 2648 signo

2211 2672 2545 2761 praecise
2634 2671 3021 2744 haberent
3119 2653 3394 2746 actum
3474 2674 3759 2745 huma-

2207 2810 2397 2862 num
2465 2789 2687 2862 circa
2757 2788 2994 2867 istud,
3073 2789 3547 2881 inquantum
3635 2794 3759 2863 est

2208 2906 2370 2979 tale
2404 2904 2584 2997 quid
2621 2905 3190 2988 materialiter,
3253 2906 3385 2978 sed
3420 2905 3752 2998 inquan-

2212 3029 2382 3096 tum
2441 3025 2563 3094 est
2644 3022 2806 3094 tale
2862 3023 3185 3112 signum
3261 3021 3751 3096 institutum.

2210 3142 2310 3213 Et
2371 3138 2436 3210 si
2494 3137 3027 3230 disposuisset
3110 3158 3342 3211 omne
3421 3137 3583 3213 tale
3651 3139 3756 3211 si-

2207 3275 2451 3346 gnum
2511 3250 2780 3326 facere
2842 3254 3183 3335 servari,
3247 3275 3407 3326 non
3450 3253 3756 3330 faceret

2209 3372 2357 3445 hoc
2427 3372 2768 3453 ser-vari,
2816 3371 2973 3443 nisi
3034 3371 3275 3443 homo
3334 3375 3757 3446 exerceret

2208 3492 2478 3560 actum
2534 3487 2806 3568 istum,
2864 3486 2995 3559 ubi
3026 3489 3150 3560 est
3205 3487 3630 3560 institutus
3661 3487 3755 3559 ad

2209 3605 2453 3677 talem
2496 3604 2762 3675 finem.

2773 3828 2855 3883 SC
2866 3828 3170 3884 HOLIUM.

2276 4003 2552 4074 Explicat
2601 4006 2901 4060 rationem
2953 4005 3354 4061 instrumenti
3404 4005 3749 4062 secundum

2203 4103 2481 4172 quinque
2511 4102 2646 4173 ejus
2678 4102 3093 4173 acceptione-⁹„
3127 4100 3202 4159 de
3234 4117 3356 4173 quo
3401 4102 3459 4159 d.
3499 4104 3547 4159 1.
3589 4120 3648 4176 q.
3684 4106 3742 4160 1.

2202 4203 2263 4253 et
2298 4198 2352 4253 4.
2405 4197 2728 4254 resolvens
2783 4199 3141 4255 ministrum
3195 4212 3327 4255 esse
3376 4214 3626 4256 causam
3659 4215 3754 4258 se·

2200 4296 2466 4352 cundam
2527 4301 2813 4367 respectu
2877 4298 3282 4365 sacramenti,
3340 4295 3447 4353 sed
3514 4298 3753 4355 instru-

2198 4401 2475 4453 mentum
2510 4399 2794 4467 respectu
2829 4399 3067 4467 gratiae,
3101 4413 3170 4454 eo
3203 4396 3380 4453 modo
3409 4412 3531 4468 quo
3560 4412 3753 4469 agens

2199 4492 2633 4565 dispositivum
2718 4498 2809 4550 est
2895 4496 3382 4552 instrumentum
3464 4501 3754 4567 respectu

2199 4587 2455 4643 effectus
2488 4586 2884 4657 principalis.

2289 4763 2431 4835 Sed
2495 4768 2782 4835 contra
2843 4762 3085 4836 istam
3140 4762 3527 4853 objicitur
3572 4762 3687 4838 sic
3733 4790 3746 4833 :

2201 4879 2847 4951 Instrumentum
2926 4898 3086 4950 non
3151 4880 3475 4969 oportet
3545 4880 3750 4971 quod

2198 4994 2489 5069 habeat
2556 4996 2961 5070 actionem
3035 4996 3483 5088 propriam,
3562 4997 3748 5090 quia

2198 5111 2278 5181 in
2337 5112 2659 5184 actione
2721 5112 3058 5203 propria
3120 5132 3277 5184 non
3346 5115 3563 5186 esset
3638 5114 3748 5185 in-

2196 5229 2765 5304 strumentum,
2805 5227 2937 5298 sed
2974 5227 3423 5320 principale
3458 5247 3742 5320 agens;

2194 5366 2339 5417 nec
2424 5344 2679 5418 multo
2754 5345 3016 5435 magis
3107 5350 3459 5437 oportet,
3543 5347 3748 5438 quod

2193 5458 2828 5531 instrumentum
2862 5457 3153 5532 habeat
3214 5459 3741 5533 intentionem

2191 5581 2563 5668 respectu
2639 5575 2847 5659 finiS,
2922 5577 3054 5648 sed
3123 5576 3447 5680 sufficit,
3535 5578 3743 5670 quod
