4287 6313
362 2704 530 2766 posset

285 2769 467 2815 natura
496 2775 605 2811 esse

286 2831 426 2875 recta
490 2825 531 2873 si
542 2837 604 2872 ne

598 405 733 468 ‘208
1750 395 1895 464 Lm.
1932 390 2030 455 IV.
2064 384 2662 454 SENTENTIARUM

596 565 904 626 naturalis
936 566 995 623 ei
1042 563 1375 636 repugnat.
1424 561 1550 619 Nec
1600 558 1800 629 gratia
1848 555 1904 611 ei
1948 553 2150 623 magis
2265 567 2804 641 quocumque3
2852 545 2985 618 sed
3037 544 3306 617 forma
3367 556 3523 612 non
3577 535 3820 608 habet

598 671 906 740 repugnat
935 669 1091 739 post,
1124 678 1310 736 quam
1342 660 1782 730 ant01apsum,
1814 656 1963 728 quia
1987 651 2186 725 quod,
2263 687 2442 738 esse
2493 665 2839 738 alterius
2903 659 3254 735 rationis
3298 658 3379 731 in
3421 655 3822 748 subjecto,

601 767 985 838 praecesserit
1041 768 1385 835 peccatum,
1445 774 1564 815 non
1616 759 1811 813 mutat
1862 755 2150 810 naturam

603 866 843 935 gratiae.
876 866 957 919 De
989 863 1100 918 hoc
1149 863 1304 918 Scot.
1359 859 1411 915 1.
1443 858 1504 914 d.
1539 858 1624 913 17.
1675 870 1736 926 q.
1777 858 1829 908 2.
1882 856 1942 908 et
1984 853 2039 905 2.
2090 848 2152 904 d.

605 964 696 1019 37.
729 979 789 1035 q.
820 965 876 1019 2.
910 966 946 1028 ἓ
978 965 1076 1016 Eae
1102 960 1225 1015 ista
1263 961 1445 1014 solut.
1480 960 1539 1012 et
1568 956 1623 1012 3.
1657 952 1715 1009 d.
1748 954 1835 1009 23.
1891 949 1969 1006 ad
2016 962 2152 1017 arg.

611 1065 674 1118 et
703 1060 870 1115 infra
914 1059 973 1115 d.
1028 1058 1110 1113 15.
1157 1071 1212 1127 q.
1264 1058 1314 1112 1.
1366 1071 1419 1111 a.
1472 1056 1527 1108 2.
1562 1051 1670 1107 fin.
1706 1055 1766 1107 et
1795 1049 1855 1104 d.
1894 1049 1974 1103 16.
2004 1060 2059 1116 q.
2097 1048 2154 1100 2.

613 1157 840 1232 quibus
872 1157 1017 1214 locis
1071 1154 1288 1227 probat
1343 1166 1423 1210 ex
1470 1157 1693 1208 natura
1742 1149 1836 1208 rei
1871 1161 1991 1203 non
2022 1157 2157 1201 esse

614 1255 1099 1328 repugnantiam
1131 1256 1298 1312 inter
1343 1256 1665 1324 peccatum
1699 1252 1761 1305 et
1791 1246 2083 1319 gratiam.

709 1491 1013 1563 Contra
1084 1485 1331 1559 istam
1392 1485 1490 1572 (e)
1554 1477 2161 1554 conclusionem

618 1625 877 1697 arguo
925 1603 1188 1697 primo
1226 1600 1341 1674 sic
1377 1626 1391 1670 ε
1432 1604 1969 1685 Quaecumque
2012 1588 2164 1663 sibi

617 1723 964 1797 invicem
1070 1719 1526 1809 repugnant
1620 1711 1840 1785 circa
1928 1707 2159 1787 idem,

617 1842 897 1910 mutuo
968 1857 1052 1907 se
1118 1832 1550 1905 excludunt
1619 1827 1839 1901 circa
1921 1822 2161 1902 illud;

615 1976 813 2047 ergo
884 1952 1011 2026 cui
1090 1951 1322 2043 plura
1404 1946 1859 2039 repugnant
1942 1939 2166 2013 circa

614 2070 938 2163 aliquod
1034 2066 1511 2158 subJectum,
1610 2058 1804 2132 illud
1895 2057 2163 2149 potest

618 2209 763 2282 per
821 2184 1227 2278 quodlibet
1292 2180 1624 2253 illorum
1693 2173 2010 2248 excludi
2072 2170 2170 2242 ab

617 2306 759 2378 illo
821 2302 1182 2391 subjecto
1222 2324 1236 2379 ;
1277 2297 1409 2369 sed
1478 2292 1733 2384 culpae
1786 2285 2170 2380 originali

625 2420 1024 2514 repugnat
1071 2414 1469 2508 rectitudo
1515 2411 1593 2483 in
1655 2408 1884 2502 puris
1942 2409 2171 2478 natu-

626 2537 960 2615 ralibus,
1060 2533 1303 2606 etiam
1415 2529 1585 2601 sine
1648 2509 1978 2617 gratia.
2072 2522 2172 2592 Et

628 2657 851 2749 patet
926 2652 1015 2723 de
1085 2650 1302 2722 facto
1390 2641 1822 2716 secundum
1916 2637 2174 2728 Magi-

633 2777 896 2846 strum
955 2769 1386 2861 ponentem
1443 2759 1852 2832 hominem
1911 2776 1957 2827 a
2004 2755 2175 2830 Deo

286 2890 467 2954 gratia,
503 2890 609 2935 ¹²²³ss
636 2889 750 2961 sic
792 2885 1229 2959 conditum.
1279 2882 1514 2953 Patet
1573 2875 1823 2949 etiam
1864 2872 1955 2944 de
2002 2891 2177 2962 pos·

349 2955 480 2999 esset
498 2949 545 2999 ei

315 3011 581 3072 naturalis,

317 3081 372 3126 et
398 3077 573 3139 loquor

420 3137 484 3186 de

290 3199 596 3250 rectitudine

337 3261 557 3313 naturali

356 3325 553 3374 secluso

378 3389 518 3453 lapsu
530 3425 541 3438 .

635 3003 873 3085 sibili,
927 3000 1270 3079 ratione,
1336 2994 1524 3088 quia
1569 2992 1635 3063 si
1687 3009 1849 3063 non
1901 2987 2175 3080 posset

636 3127 934 3198 natura
989 3118 1168 3192 fieri
1221 3119 1444 3190 recta
1496 3107 1981 3185 rectitudine
2047 3124 2180 3176 na-

634 3239 913 3320 turali,
968 3243 1047 3312 et
1098 3236 1270 3308 sine
1311 3232 1607 3326 gratia,
1666 3234 1855 3301 tunc
1909 3222 2182 3315 gratia

634 3359 848 3430 esset
907 3350 1338 3430 naturalis,
1402 3347 1591 3419 licet
1653 3362 1812 3415 non
1863 3345 2180 3412 naturae

634 3475 910 3565 lapsae,
984 3474 1257 3543 tamen
1315 3466 1632 3536 naturae
1703 3459 1783 3530 in
1850 3453 2184 3529 rectitu-

634 3590 813 3665 dine
854 3586 1191 3682 propria
1245 3581 1687 3659 institutam
1735 3575 1928 3647 illud
1967 3572 2181 3645 enim

636 3698 789 3782 est
859 3702 1262 3784 naturale,
1364 3697 1569 3791 quod
1656 3690 2188 3784 consequitur

642 3831 1024 3901 naturam
1096 3819 1526 3894 secundum
1601 3835 1736 3895 se;
1791 3829 1990 3902 ergo
2069 3828 2188 3880 se-

639 3943 944 4038 quitur,
1002 3938 1203 4032 quod
1255 3954 1398 4029 per
1449 3933 1706 4005 solam
1743 3924 2186 4001 'rectitudi-

639 4078 823 4133 nem
919 4051 1406 4130 naturalem,
1486 4050 1564 4118 et
1646 4045 1816 4116 sine
1910 4039 2187 4134 gratia

640 4179 913 4272 potest
955 4172 1192 4263 culpa
1249 4164 1570 4259 expelli.

734 4295 818 4368 Si
865 4290 1186 4363 dicatur
1263 4283 1461 4376 quod
1502 4277 1899 4352 rectitudo
1955 4273 2190 4345 abso-

638 4412 807 4484 lute
875 4403 1141 4500 potuit
1190 4421 1368 4474 esse
1409 4399 1488 4469 in
1531 4400 1829 4468 natura
1891 4391 2190 4481 absque

642 4524 941 4619 gratia,
1004 4525 1276 4593 tamen
1363 4517 1547 4607 post
1616 4508 1935 4600 culpam
2030 4524 2191 4575 non

644 4641 915 4733 potest
950 4630 1303 4713 restitui,
1340 4628 1499 4700 nisi
1541 4623 1849 4699 collata
1888 4619 2186 4712 gratia.

2269 801 2368 853 ex
2401 781 2554 854 hoc
2599 780 2805 872 quod
2857 779 3036 873 ejus
3088 774 3556 870 oppositum
3627 787 3829 863 prae-

2274 897 2524 972 cessit
2575 897 2654 970 in
2697 919 2817 979 eo,
2864 900 2953 970 ut
3011 898 3235 988 patet
3277 893 3368 964 de
3401 889 3716 979 frigore
3747 886 3826 957 et

2278 1015 2551 1088 calore
2610 1014 2833 1086 circa
2891 1030 3230 1105 aquam;
3292 1027 3489 1101 ergo
3559 1003 3828 1076 forma

2273 1152 2434 1203 non
2510 1130 2752 1202 habet
2822 1129 3067 1200 aliam
3164 1118 3826 1215 inseparabilita-

2274 1252 2438 1321 tem
2480 1268 2528 1319 a
2598 1265 3128 1338 quocumque,
3197 1260 3340 1333 per
3406 1238 3557 1309 hoc
3619 1233 3826 1327 quod

2275 1363 2451 1457 ejus
2516 1362 2983 1457 oppositum
3028 1355 3453 1453 praecessit
3517 1353 3599 1426 in
3651 1350 3825 1423 sub-

2271 1480 2534 1574 jecto;
2593 1479 2726 1552 sed
2785 1475 3184 1550 rectitudo
3254 1468 3688 1549 naturalis,
3761 1466 3829 1537 si

2279 1617 2440 1668 non
2543 1595 3104 1689 praecessisset
3190 1610 3426 1663 suum
3506 1582 3828 1678 opposi-

2280 1718 2482 1797 tum,
2526 1717 2802 1808 posset
2844 1707 3216 1804 separari
3251 1728 3297 1780 a
3339 1705 3636 1797 gratia,
3682 1721 3827 1793 per

2285 1835 2364 1904 te
2400 1855 2416 1913 ;
2454 1850 2679 1921 ergo.

2377 1949 2608 2033 Item,
2668 1945 3334 2038 qualemcumque
3394 1936 3825 2010 secundum
3988 1963 4042 2012 5,

2281 2063 2635 2137 formam
2699 2061 3158 2135 absolutam
3245 2059 3514 2151 potest
3612 2055 3825 2126 Deus
3857 2022 4191 2150 ροῖθξῗιῧᾞω

2287 2178 2697 2253 hominem
2800 2198 3110 2258 creare,
3169 2175 3417 2248 talem
3479 2175 3560 2245 et
3628 2189 3828 2262 prae·
3886 2147 4153 2267 h‘cffissfff'

2285 2296 2450 2371 cise
2553 2300 2821 2387 potest
2932 2312 3319 2386 reparare
3403 2293 3581 2381 post
3673 2285 3832 2359 cul·
3942 2273 4115 2401 9²⁸3,ng

2290 2431 2501 2505 pam,
2590 2410 3019 2482 secundum
3135 2406 3490 2480 formam
3601 2402 3835 2473 abso·
3891 2411 4166 2463 reparare·

2288 2528 2593 2608 lutam;
2693 2527 2828 2599 sed
2909 2525 2987 2597 in
3076 2543 3279 2618 pura
3355 2516 3837 2593 rectitudine

2287 2643 2650 2717 naturali
2701 2645 2970 2737 potest
3012 2640 3424 2713 hominem
3493 2655 3832 2715 creare;

2289 2782 2513 2855 ergo,
2587 2766 2740 2835 etc.
2823 2760 3096 2851 Major
3158 2757 3581 2851 probatur,
3655 2751 3842 2845 quia

2292 2877 2531 2970 culpa
2631 2896 2790 2948 non
2888 2873 3088 2947 facit
3176 2877 3560 2944 naturam
3659 2887 3838 2940 esse

2294 2994 2541 3066 aliam
2633 2993 2713 3064 in
2784 3012 2913 3071 se;
2993 3008 3190 3080 ergo
3251 3008 3395 3060 nec
3467 2984 3662 3077 quin
3739 2982 3846 3056 sit

2296 3130 2554 3203 capax
2609 3100 2993 3200 ejnsdem,
3074 3105 3307 3198 cujus
3382 3101 3535 3175 fuit
3620 3099 3842 3194 prius

2296 3247 2579 3320 capax.
2626 3227 2892 3317 Agens
2962 3227 3235 3295 autem
3301 3219 3659 3292 divinum
3709 3237 3845 3309 po-

2298 3346 2459 3418 test
2528 3340 2645 3413 illi
2714 3338 3190 3432 imprimere
3259 3334 3836 3427 quodcumque,

2297 3459 2527 3552 cujus
2596 3460 2721 3530 est
2761 3474 3042 3548 capax,
3117 3457 3198 3525 et
3237 3451 3389 3524 hoc
3442 3449 3612 3521 sine
3655 3467 3843 3539 quo-

2298 3597 2662 3669 cumque,
2744 3575 2946 3668 quod
3011 3592 3174 3646 non
3251 3568 3692 3643 includitur
3758 3565 3841 3637 in

2302 3693 2621 3766 ratione
2699 3691 2919 3763 illius
3020 3686 3424 3781 impressi,
3524 3688 3603 3757 et
3673 3701 3839 3755 ma-

2298 3811 2517 3886 xime
2596 3808 2662 3881 si
2716 3807 2788 3880 id
2847 3806 3007 3878 non
3066 3804 3470 3876 inclusum
3534 3799 3639 3872 sit
3708 3819 3842 3891 po·

2304 3926 2606 4005 sterius
2638 3922 2817 4016 ipsa
2869 3921 3135 3992 forma
3178 3917 3618 4010 impressa:
3663 3935 3847 4007 gra·

2303 4044 2420 4118 tia
2512 4046 2636 4115 est
2713 4034 3178 4130 hujusmodi
3271 4037 3639 4126 respectu
3726 4032 3846 4123 ju-

2304 4160 2577 4242 stitiae,
2638 4156 2768 4229 vel
2837 4151 3345 4227 rectitudinis
3411 4148 3844 4231 naturaliS,

2304 4295 2530 4367 ergo.

2395 4391 2475 4465 Si
2519 4390 2875 4462 instetur
2915 4385 3204 4460 contra
3264 4380 3689 4473 majorem.
3738 4399 3853 4451 se·
3911 4410 3997 4461 A„
4037 4411 4187 4460 Deus

2305 4507 2650 4581 cundum
2703 4503 3319 4591 Hieronymum,
3375 4498 3581 4589 quod
3639 4499 3853 4570 Deus
3921 4474 4178 4599 ,Σξᾶῗζξθ

2306 4644 2465 4696 non
2517 4621 2786 4713 potest
2835 4618 2925 4689 de
2982 4633 3143 4686 non
3201 4612 3525 4703 virgine
3583 4610 3852 4684 facere
3911 4601 4194 4663 ‘'1‘8100111·

646 4762 954 4834 Contra
1013 4751 1250 4829 istud,
1313 4749 1393 4819 et
1452 4741 1694 4816 simul
1738 4743 1831 4812 ad
1874 4737 2197 4812 conclu·
2309 4737 2737 4827 virginem,
2827 4736 2907 4804 et
2993 4732 3265 4802 tamen
3333 4745 3380 4797 a
3446 4724 3850 4820 principio

648 4875 957 4947 sionem
1034 4861 1594 4961 principalem,
1679 4874 1939 4946 arguo
2015 4852 2192 4925 sic:

645 4993 948 5064 Forma
1017 5003 1179 5057 non
1238 4979 1536 5051 habens
1609 4994 1784 5048 esse
1850 4971 2196 5044 alterius
2312 4970 2482 5050 deo,
2554 4987 2646 5039 ac
2698 4964 2808 5057 ipi
2879 4963 2955 5034 in

2312 4855 2580 4946 potest
2640 4867 2924 4925 creare
3002 4845 3464 4935 virginem;
3513 4862 3850 4936 respon-

3076 4962 3390 5053 majore
3504 4961 3854 5052 qualem-

650 5104 999 5181 rationis
1096 5099 1178 5171 in
1266 5094 1653 5186 subjecto,
1723 5109 1883 5161 non
1959 5085 2198 5158 habet
2316 5104 2657 5175 cumque
2717 5080 3153 5153 secundum
3230 5075 3582 5149 formam
3635 5077 3859 5148 abso-

642 5215 1428 5313 inseparabilitatem
1459 5209 1706 5282 aliam
1748 5225 1795 5277 a
1828 5222 2204 5296 quocum-

651 5359 825 5431 que,
916 5333 1104 5426 quia
1164 5328 1378 5400 enim
1446 5327 1569 5398 est
1638 5320 1829 5396 talis
1896 5316 2194 5398 forma,

2312 5202 2597 5281 lutam,
2659 5202 2741 5272 et
2811 5196 2926 5269 sic
2992 5214 3158 5267 non
3235 5197 3361 5266 est
3437 5192 3856 5274 instantia,

2320 5318 2506 5411 quia
2573 5311 3037 5407 accipiendo
3108 5310 3660 5401 quodcumque
3727 5308 3860 5380 ab-

648 5458 728 5528 et
830 5448 992 5523 tale
1095 5464 1274 5517 esse
1377 5440 1717 5521 habens,
1805 5434 1979 5507 ideo
2078 5435 2204 5504 est
2319 5434 2676 5507 solutum
2727 5429 3267 5522 importatum
3319 5445 3464 5517 per
3529 5422 3884 5514 virgini>

653 5562 1138 5666 separabilis
1234 5558 1365 5631 vel
1461 5550 2031 5647 inseparabilis
2153 5566 2201 5619 a
2319 5554 2599 5631 tatem,
2647 5546 2815 5620 sive
2864 5545 2972 5619 sit
3014 5539 3406 5637 perfectio
3450 5541 3530 5612 in
3565 5544 3854 5623 mente,
