4287 6313
538 389 657 451 584
1710 391 1871 470 1213.ss
1906 391 2006 455 IV.
2051 388 2656 453 SENTENTIARUM

521 552 693 619 batio
762 575 889 621 non
951 556 1238 641 procedit
1306 578 1386 622 ex
1458 555 1846 635 notioribus,
1915 556 2067 642 quia
2187 552 2435 644 prior,
2505 552 2662 623 nisi
2712 553 3092 625 voluntas
3161 553 3336 643 ejus
3374 577 3388 632 ;
3457 555 3732 624 tamen

522 671 730 756 magis
765 684 985 738 notum
1019 684 1118 739 est
1169 675 1663 739 Sacramentum
1711 695 1840 739 non
1882 693 2075 758 posse
2188 668 2346 740 ista
2379 666 2789 739 institutio
2836 670 2958 739 est
2988 667 3529 748 rationabilis,
3561 671 3736 740 tum

520 784 761 866 iterari,
809 808 1002 874 quam
1046 790 1216 877 quod
1252 790 1584 876 imprimat
1630 791 2075 856 characterem
2187 805 2287 856 ex
2317 783 2612 858 .m01¹bo
2656 788 2946 855 contra
2988 803 3224 875 quem
3261 783 3740 876 principali-

525 901 959 985 indelebilem,
1040 908 1230 994 cujus
1265 908 1714 994 probationem
1775 909 1881 973 hic
1923 907 2078 971 insi·
2196 905 2320 973 ter
2413 900 2879 973 instituitur·
2966 900 3208 989 (istud
3295 901 3743 973 remedium

528 1033 707 1101 nuat,
754 1042 900 1108 quae
959 1022 1026 1086 in
1058 1022 1225 1089 dicta
1267 1025 1627 1111 quaestione
1697 1026 1910 1091 fusius
1959 1025 2082 1090 erit
2193 1019 2404 1090 enim
2444 1017 3012 1110 principaliter
3054 1017 3524 1091 instituitur·
3566 1037 3744 1089 oon-

239 1192 445 1244 Veritas
532 1137 903 1217 tractanda3
943 1139 1184 1206 veritas
1218 1160 1451 1226 nempe
1482 1140 1564 1206 de
1592 1142 1921 1226 Baptismo
1957 1160 2083 1204 non
2195 1138 2328 1207 tra
2373 1134 2772 1224 originale
2809 1138 3137 1226 peccatu
3157 1154 3258 1214 m,
3324 1133 3528 1226 quod
3590 1151 3750 1204 non

226 1257 460 1368 iiieeraffino
536 1252 827 1320 iterando
860 1254 981 1320 fuit
1028 1256 1414 1343 aprincipio
1457 1278 1596 1323 suae
1657 1256 2085 1323 institutionis
2198 1255 2322 1324 est
2365 1251 2518 1322 nisi
2593 1251 2944 1333 unicum,
3019 1270 3163 1322 neo
3241 1249 3533 1322 iterari
3610 1269 3751 1341 po-

3867 591 3967 626 non

3787 645 4016 704 §teratur
4030 683 4046 696 .

188 1384 713 1492 ὃαοὲἳίιὲῗυῑοιιοιει,
795 1394 988 1460 quam
1047 1373 1365 1460 colligunt
1444 1378 1664 1441 Patres
1725 1374 1966 1441 exiliis
2009 1375 2086 1441 ad
2202 1370 2430 1457 test);
2506 1373 2677 1440 tum
2731 1387 2829 1438 ex
2899 1368 3054 1438 fine
3126 1366 3589 1459 principali,
3659 1366 3753 1437 ad

192 1461 515 1623 ςέἒῇδοεέιὶ
540 1491 858 1577 Ephesios
889 1495 953 1557 4.
1005 1491 1185 1556 Unus
1218 1494 1407 1570 Dem,
1448 1514 1576 1558 una
1621 1492 1840 1572 Fides,
1883 1514 2087 1558 urium
2202 1506 2438 1576 quem
2534 1491 2709 1565 est;
2803 1485 3043 1559 habet
3132 1485 3347 1557 enim
3427 1486 3749 1577 plenam

289 1644 419 1681 rom.
504 1608 905 1692 ,Baptisma,
991 1619 1061 1673 ut
1131 1606 1506 1688 AnselmuS,
1543 1611 1616 1673 D.
1655 1609 1940 1674 Thomas
1974 1609 2091 1674 ibi·
2208 1604 2777 1676 remissionem
2840 1625 3087 1696 poenae
3142 1610 3248 1677 et
3308 1603 3589 1696 culpae.
3673 1602 3753 1675 Si

534 1723 705 1800 dem,
747 1726 872 1788 Leo
908 1725 1075 1808 Papa
1108 1728 1223 1790 37.
1269 1723 1347 1789 ad
1409 1728 1686 1790 Leonem
1732 1727 1983 1791 Raven.
2030 1741 2095 1794 et
2209 1724 2477 1794 autem
2541 1725 2817 1812 posset
2905 1719 3148 1792 homo
3233 1720 3531 1792 habere
3597 1718 3758 1791 fre-

264 2761 456 2813 Canon.

270 2829 452 2891 Apost.

262 5416 558 5486 Congruen-

335 5483 439 5533 tias,

322 5552 483 5603 quare

274 5600 567 5665 Baptismus

535 1841 724 1925 episc.
764 1841 874 1905 79.
913 1838 988 1903 ad
1033 1842 1085 1904 N
1095 1839 1353 1905 icetam.
1391 1839 1774 1906 Ambrosius
1807 1825 1946 1906 loco
2007 1841 2094 1906 ci-

534 1967 666 2022 tato
721 1954 1037 2041 adjiciens
1108 1955 1267 2022 illud
1358 1957 1538 2023 Pauli
1616 1956 1693 2022 ad
1745 1958 2092 2023 Hebraeos:

532 2071 940 2155 Impossibile
978 2082 1071 2134 est
1108 2092 1233 2149 808,
1283 2074 1400 2158 qui
1447 2074 1645 2137 semel
1726 2073 2100 2139 illuminati

531 2199 708 2266 sunt,
764 2199 884 2252 etc.
933 2189 1008 2252 Et
1064 2186 1380 2274 quidquid
1423 2188 1509 2253 sit
1559 2188 1637 2254 de
1669 2210 1864 2254 sensu
1934 2190 2102 2257 litte-

536 2302 654 2369 ¹'ali
703 2301 1295 2384 horumlocorum,
1361 2304 1589 2370 saltem
1661 2306 1923 2371 traditio
1992 2309 2097 2376 illa

536 2419 853 2485 Ecclesiae
911 2440 1027 2505 per
1110 2440 1370 2486 omnem
1421 2433 1680 2488 aetatem
1727 2425 2102 2490 continuata

539 2534 755 2621 viguit
832 2535 1003 2600 circa
1061 2554 1191 2600 non
1239 2536 1607 2602 iterandum
1669 2539 2096 2624 Baptismum‚

546 2665 616 2720 ut
647 2664 821 2739 patet
885 2677 971 2719 επ·
1021 2676 1274 2720 canone
1305 2658 1684 2737 Apostolico
1734 2660 1838 2722 16.
1929 2659 2104 2723 alias

550 2776 655 2838 17.
694 2783 759 2837 et
824 2772 1267 2837 controversia
1311 2772 1617 2858 frequens
1670 2787 1890 2840 contra
1938 2776 2105 2840 anti-

548 2909 710 2975 quos
739 2886 1301 2971 Anabaptistas·id
1345 2891 1597 2975 probat,
1646 2911 1792 2976 qua}
1836 2891 2106 2975 perinde

547 3024 675 3069 non
752 3004 874 3069 fuit
930 3003 1009 3070 dc
1038 3005 1435 3085 charactere,
1481 3027 1638 3093 ergo
1691 3009 1831 3073 haec
1864 3008 2103 3073 veritas

542 3119 622 3186 de
698 3123 1111 3187 sacramento
1155 3139 1285 3186 non
1320 3121 1610 3188 iterando
1663 3122 1875 3209 magis
1957 3138 2105 3190 nota

540 3251 659 3316 est,
705 3259 900 3325 quam
943 3239 1337 3305 characteris
1392 3218 1667 3306 effectus
1703 3264 1717 3319 ;
1762 3242 1935 3329 quod
1985 3242 2105 3307 hu-

556 3354 796 3420 militer
843 3355 1070 3440 probat
1103 3358 1334 3420 Doctor
1373 3356 1757 3422 auctoritate
1812 3359 2103 3444 Magistri

548 3474 613 3539 in
662 3470 960 3536 Patribus
995 3471 1450 3550 versatissimi,
1518 3475 1626 3559 qui
1660 3487 1874 3539 tamen
1917 3495 2107 3560 parce

562 3589 640 3654 de
688 3588 1056 3653 charactere
1105 3587 1416 3674 loquitur,
1477 3611 1605 3655 non
1673 3590 1883 3676 rejicit
1948 3612 2106 3677 ergo

553 3704 870 3771 rationem
906 3703 1224 3782 absolute,
1270 3704 1382 3770 sed
1423 3705 1577 3772 dicit
1605 3706 1936 3772 conclusio
1958 3727 2107 3772 nem

556 3844 703 3889 esse
735 3822 1244 3889 manifestiorem
1280 3824 1626 3909 principie.

1142 4081 1540 4137 SCHOLIUM.

634 4302 879 4372 ReJecta
912 4300 1151 4356 ratione
1176 4301 1446 4367 AlensiS,
1478 4303 1538 4356 et
1570 4300 1638 4357 D.
1672 4301 1884 4356 Thom.
1939 4299 2114 4356 docet

564 4402 949 4473 Baptismum
984 4414 1119 4456 esse
1152 4399 1589 4467 initerabilem‚
1619 4400 1764 4473 quia
1819 4400 1903 4457 ita
1936 4401 2117 4457 Chri-

565 4480 695 4557 stus
727 4499 1019 4564 instituit,
1055 4500 1235 4570 cujus
1266 4500 1356 4554 rei
1393 4497 1641 4554 adducit
1673 4500 2114 4568 congruentias

564 4600 848 4671 optimaS.
882 4598 1133 4655 Probari
1166 4603 1361 4669 potest
1392 4614 1466 4652 ex
1498 4613 1627 4670 cap.
1672 4600 1725 4653 4.
1758 4598 1835 4654 ad
1886 4600 2105 4669 EpheS.

572 4701 753 4755 Unum
846 4701 1139 4766 Baptisma
1234 4695 1576 4753 secundum
1664 4697 2112 4767 expositionem

567 4801 750 4855 Leon.
783 4813 881 4868 ep.
915 4798 1005 4853 35.
1038 4795 1114 4852 ad
1148 4798 1517 4868 Episcopum
1559 4799 1793 4853 Raven.
1854 4813 1907 4851 c.
1951 4798 2001 4852 1.
2034 4812 2110 4850 ex

565 4898 781 4956 Ambr.
824 4896 932 4954 lib.
957 4901 1009 4953 2.
1044 4895 1120 4951 de
1150 4910 1313 4966 poen.
1338 4912 1388 4950 c.
1422 4898 1475 4950 2.
1510 4911 1583 4949 ex
1608 4893 1840 4951 Concil.
1903 4896 2117 4955 Nicen.

571 5013 644 5054 ex
676 4995 841 5054 Trid.
871 5011 950 5053 ss.
984 4998 1039 5052 7.
1074 4993 1287 5068 cangi).
1321 4993 1396 5049 de
1437 4996 1607 5050 Sacr.
1670 4997 1734 5051 in
1783 5009 1922 5064 gen.
1960 4996 2119 5051 Flor.

574 5096 706 5153 dec.
744 5100 898 5165 Eug.

669 5339 772 5426 (a)
816 5334 1010 5406 Dico
1036 5351 1264 5424 ergo,
1302 5332 1504 5423 quod
1544 5331 1758 5403 ratio
1796 5330 2121 5404 initera-

582 5450 927 5525 bilitatis
961 5448 1359 5541 Baptismi
1392 5452 1514 5519 est
1550 5447 1961 5520 institutio
2010 5446 2122 5517 di-

2212 1839 2554 1928 quenter
2646 1836 2895 1909 talem
2970 1835 3535 1908 remissionem
3601 1835 3755 1927 ple-

2210 1970 2399 2022 nam
2468 1949 2565 2021 ab
2657 1954 3028 2043 utroque,
3089 1955 3306 2024 esset
3377 1968 3757 2041 magnum

2213 2063 2710 2136 incentivum
2745 2064 3275 2156 delinquendi.
3316 2065 3517 2137 Illud
3545 2063 3758 2137 enim

2217 2182 2421 2273 quod
2453 2185 2577 2253 est
2654 2182 3122 2255 institutum
3197 2183 3276 2254 in
3322 2181 3760 2254 remedium

2221 2294 2780 2378 relabentium,
2866 2299 3147 2388 utpote
3253 2297 3758 2378 poenitentia,

2217 2433 2377 2483 non
2416 2416 2542 2486 est
2584 2413 2756 2484 sine
2826 2432 3117 2504 magna
3168 2433 3398 2506 poena
3461 2414 3765 2486 solven-

2218 2529 2314 2601 da
2349 2548 2496 2620 pro
2549 2533 2903 2621 peccato.
2949 2531 3147 2600 Tum
3215 2530 3492 2612 tertiO,
3576 2531 3761 2622 quia

2221 2666 2365 2738 per
2426 2646 2635 2717 istud
2706 2649 3346 2728 Sacramentum,
3412 2668 3596 2720 cum
3659 2648 3766 2721 sit

2224 2760 2709 2853 principium
2744 2764 2822 2834 et
2857 2761 3132 2853 janua,
3190 2784 3336 2855 per
3373 2785 3613 2856 quam
3649 2763 3765 2835 in-

2221 2881 2497 2951 tratur
2550 2879 2626 2949 in
2678 2879 2939 2969 legem
3011 2877 3591 2965 Christianam,
3646 2883 3770 2953 ad-

2223 2993 2613 3067 scribitur
2687 2994 2980 3086 aliquis
3034 2992 3364 3067 familiae
3429 2996 3761 3079 Christi,

2219 3115 2299 3187 et
2344 3111 2432 3185 fit
2485 3109 2937 3184 membrum
2996 3112 3171 3205 ejus
3232 3118 3312 3187 et
3382 3114 3765 3188 Ecclesiae

2221 3229 2677 3303 militantis.
2720 3229 2944 3304 Licet
2994 3235 3268 3304 autem
3303 3231 3597 3323 aliquis
3650 3231 3760 3303 in-

2219 3364 2552 3435 gressus
2597 3345 2678 3416 in
2746 3345 3204 3436 collegium,
3288 3346 3356 3417 si
3421 3346 3765 3419 offendat

2222 3465 2650 3552 postquam
2685 3459 3105 3550 ingressus
3177 3458 3450 3542 fuerit,
3507 3462 3768 3553 possit

2223 3575 2740 3648 reconciliari
2798 3580 2878 3649 et
2946 3575 3292 3667 collegio
3377 3583 3456 3651 et
3516 3579 3764 3672 capiti

2220 3693 2763 3784 collegii,non
2805 3697 3078 3766 tamen
3147 3692 3615 3787 frequenter
3687 3697 3768 3768 in

2222 3810 2655 3899 collegium
2700 3811 2985 3884 intrat.

2314 3927 2426 3999 Ad
2485 3931 3060 4016 argumentum
3110 3926 3311 4008 dico,
3368 3929 3574 4019 quod
3627 3928 3767 3999 illa
3796 3918 3876 3969 Ad
3905 3930 4124 3982 ”8⁰⁰¹-

2230 4043 2586 4135 prolatio
2628 4043 3091 4127 verborum,
3139 4043 3423 4134 quibus
3459 4044 3771 4116 Eucha-

2225 4157 2465 4232 ristia
2497 4163 3055 4244 consecratur,
3091 4179 3248 4230 non
3288 4163 3410 4231 est
3490 4164 3775 4233 Sacra·

2230 4280 2612 4357 mentum,
2645 4275 2774 4346 sed
2808 4279 2933 4347 est
2964 4276 3474 4349 consecratio
3502 4296 3775 4349 sacra-

2230 4392 2648 4473 mentalis;
2696 4397 2776 4466 et
2822 4392 3010 4463 illud
3047 4413 3206 4465 non
3243 4392 3428 4465 licet
3471 4393 3591 4465 bis
3627 4394 3770 4466 ite-

2231 4528 2416 4580 rare
2471 4530 2712 4600 super
2754 4509 3115 4580 eamdem
3188 4509 3647 4589 materiam,
3694 4513 3771 4582 et

2232 4626 2297 4696 si
2334 4625 2675 4697 secundo
2719 4624 3192 4706 iteraretur,
3237 4625 3439 4699 nihil
3515 4626 3772 4708 fieret,

2234 4743 2418 4835 quia
2489 4742 2658 4832 jam
2743 4742 2969 4834 prius
3044 4733 3336 4814 sactum
3402 4748 3571 4825 est;
3636 4745 3778 4816 illa

2231 4859 2480 4931 etiam
2521 4857 2933 4950 perceptio
2968 4879 3126 4929 non
3159 4864 3284 4932 est
3317 4863 3784 4934 Sacramen-

2234 4982 2431 5052 tum,
2480 4982 2565 5050 ut
2630 4976 2935 5068 patebit
2972 4975 3338 5048 inferius.
3389 4978 3614 5052 Licet
3663 4999 3781 5049 er-

2234 5112 2334 5184 go
2380 5093 2653 5165 eadem
2701 5112 3048 5184 persona
3093 5096 3364 5184 posset
3417 5091 3784 5185 frequen-

2233 5216 2362 5285 ter
2449 5208 3081 5294 communicare,
3159 5209 3327 5280 sive
3421 5209 3785 5303 recipere

2237 5324 2867 5406 Eucharistiam,
2960 5345 3118 5395 non
3190 5329 3461 5398 tamen
3541 5347 3787 5420 super

2234 5445 2594 5517 eamdem
2633 5444 3066 5515 materiam
3102 5442 3574 5534 frequenter
3611 5467 3768 5537 pos-

587 5572 798 5652 vina,
847 5568 1078 5658 quus
1147 5585 1306 5637 non
1354 5568 1476 5636 est
1547 5564 1819 5655 aliqua
1877 5583 2125 5635 causa
2239 5563 2425 5630 sunt
2469 5555 2824 5647 proferri
2859 5556 3107 5631 verba
3140 5559 3784 5631 consecrationis
