4287 6313
572 417 692 483 264
1745 426 1900 489 LlB.
1949 427 2050 489 lv,
2084 424 2707 489 SENTENTIARUM.

586 585 934 679 obligari
974 587 1071 661 ad
1107 584 1283 669 hoc,
1332 587 1536 679 quod
1576 588 1847 660 essent
1889 606 2130 659 mem·
2241 591 2842 678 argumentum,
2889 587 3095 679 quod
3147 583 3500 660 sumitur
3537 607 3622 651 em
3675 584 4121 722 Ac-1.MR0Jicit

581 704 732 777 bra
790 706 1198 790 Ecclesiae,
1249 712 1329 782 et
1379 708 1473 779 ad
1536 706 2129 799 suscipiendum
2244 710 2413 775 tibus
2489 709 2595 778 19.
2679 702 3105 777 concludit.
3193 706 3497 776 Verum
3572 702 3786 786 enim
3874 687 4061 784 ,unffi

586 823 906 914 signum
975 823 1169 897 illud
1254 845 1679 898 commune
1760 826 2130 898 omnibus
2244 827 2393 903 est,
2451 824 2654 916 quod
2701 842 2863 893 non
2929 821 3314 895 habentes
3381 821 3614 892 fidem
3673 818 3789 891 fu-

587 938 1221 1029 ingredientibus
1309 940 1854 1031 Ecclesiam);
1930 946 2128 1024 tum,
2245 941 2483 1012 erunt
2553 938 3008 1033 baptizandi
3076 938 3500 1031 Baptismo
3566 937 3791 1013 Chri-

590 1055 779 1149 quia
884 1057 1278 1131 medicina
1365 1060 1916 1152 praeparativa
2011 1082 2133 1132 su-

598 1175 901 1264 scepta,
995 1194 1448 1268 congruum
1542 1180 1664 1249 est
1774 1176 2137 1269 recipere

595 1287 1076 1362 medicinam
1153 1292 1654 1373 curativam;
1733 1291 2136 1386 dispositi·

596 1423 744 1476 one
801 1407 1052 1479 etiam
1111 1406 1457 1491 inducta,
1504 1429 1955 1501 congruum
2013 1414 2138 1483 est

597 1521 850 1595 adhuc
935 1522 1198 1598 induci
1289 1524 1644 1598 formam
1741 1525 2140 1619 principa-

2249 1056 2379 1139 sti,
2454 1057 2586 1129 sed
2662 1078 2823 1129 non
2892 1056 3285 1149 sequitur,
3372 1074 3570 1147 ergo
3662 1054 3795 1125 ha-

2248 1176 2526 1249 bentes
2622 1174 2853 1247 fidem
2948 1194 3108 1247 non
3204 1177 3440 1247 erant
3509 1175 3793 1267 postea

2248 1290 2731 1385 baptizandi.
2807 1293 2967 1364 Iste
3038 1290 3318 1363 modus
3405 1288 3798 1381 arguendi

2250 1430 2411 1481 non
2451 1411 2698 1492 tenet,
2745 1408 2904 1481 nisi
2957 1408 3036 1481 in
3085 1406 3355 1480 causis
3399 1407 3789 1501 praecisis,

2254 1524 2462 1618 quod
2544 1544 2704 1595 non
2780 1528 2904 1597 est
2974 1523 3053 1595 in
3132 1522 3583 1617 proposito.
3678 1524 3797 1594 In

247 1652 539 1725 Bartismus
597 1639 795 1724 lem;
865 1641 996 1714 sed
1066 1641 1204 1714 ille
1273 1644 1743 1737 Baptismus
1804 1646 2140 1717 ,Ioannis
2254 1641 2598 1715 fidelitas
2698 1641 2911 1713 enim
3008 1661 3170 1712 non
3273 1643 3455 1713 erat
3548 1659 3800 1712 causa

299 1715 512 1767 Joannis

285 1778 538 1829 medicina
595 1753 785 1830 erat
819 1757 1029 1832 sicut
1083 1739 1509 1851 dispositio
1556 1782 1775 1833 mere
1839 1782 2145 1854 praepa-

247 1839 542 1908 praeparati-

315 1919 504 2019 ngsti

278 2028 535 2081 curativa.

423 5527 480 5579 4.

601 1873 872 1947 rativa
940 1875 1035 1947 ad
1092 1875 1605 1969 Baptismum
1658 1878 1991 1961 Christi,
2059 1884 2146 1953 ut

603 2010 746 2083 per
849 1990 1076 2062 illam
1220 1992 1716 2066 ablutionem
1819 1993 2145 2071 facilius

606 2106 1200 2182 inclinarentur
1271 2110 1639 2185 homines
1727 2115 1823 2186 ad
1899 2115 2147 2189 susci-

603 2223 977 2315 piendum
1055 2226 1552 2302 ablutionem
1632 2230 1780 2302 sibi
1853 2232 2149 2304 saluta*

606 2362 804 2424 rem,
896 2364 1039 2417 nec
1125 2348 1339 2418 esset
1435 2349 1869 2422 molestum
1951 2351 2148 2442 ipsis

595 2459 770 2550 jam
814 2461 909 2533 ad
954 2460 1218 2533 simile
1250 2465 1759 2540 exercitatis.
1805 2470 1905 2540 Et
1946 2466 2149 2541 hanc

605 2575 1010 2650 rationem
1058 2578 1320 2652 innuit
1355 2582 1396 2652 J
1410 2601 1707 2654 oannes
1751 2585 2150 2677 Baptista,

609 2695 843 2766 Joan.
915 2699 978 2768 1.
1041 2700 1325 2786 Baplizo
1407 2723 1518 2767 vos
1572 2725 1769 2789 aqua,
1840 2702 2155 2795 (supple

610 2814 957 2902 tantum)
1009 2816 1265 2882 medius
1323 2829 1540 2883 autem
1605 2831 1887 2886 vestra-m
1949 2824 2148 2902 stetit,

610 2950 802 3020 quem
875 2953 988 2998 vos
1054 2934 1343 3015 nescitiS,
1419 2933 1550 3024 qui
1620 2936 1958 3028 (supple)
2026 2938 2157 3009 ba-

613 3050 870 3138 ptizat
937 3065 1082 3118 vos
1160 3067 1320 3119 non
1389 3048 1469 3122 in
1536 3071 1745 3142 aqua
1805 3056 2152 3137 tantum,

612 3165 747 3238 sed
781 3164 862 3235 in
903 3164 1210 3257 Spiritu
1256 3170 1336 3240 et
1376 3168 1752 3243 veritate.

704 3280 786 3354 Si
863 3279 1183 3354 dicatur
1249 3282 1369 3372 (c),
1463 3285 1668 3375 quod
1762 3287 2162 3378 Magister

610 3388 977 3481 loquitur
1051 3389 1142 3461 de
1217 3390 1666 3489 Baptizatis
1738 3414 1784 3466 a
1847 3396 2159 3471 ‚Ioanne

617 3504 883 3596 primo
946 3506 1207 3589 mod0,
1274 3509 1547 3582 utente
1618 3510 1926 3585 scilicet
2003 3513 2163 3584 for-

619 3639 749 3692 ma
836 3619 1146 3695 Christi
1223 3621 1305 3694 in
1381 3624 1900 3718 BaptizandO,
2009 3630 2160 3703 hoc

617 3757 776 3810 non
834 3743 1096 3831 potest
1168 3743 1415 3824 stare,
1489 3742 1673 3834 quia
1736 3744 2161 3820 infidelitas

620 3852 1137 3946 suscipientis
1204 3856 1739 3948 Baptismum,
1813 3881 1975 3933 non
2039 3867 2162 3936 est

617 3990 870 4043 causa
962 3969 1393 4055 sufficiens,
1496 3975 1698 4066 quod
1788 3982 2162 4069 oporteat

621 4109 805 4160 eum
867 4089 1071 4162 alias
1130 4091 1557 4185 baptizari,
1629 4094 1813 4166 dum
1889 4098 2163 4168 tamen

620 4202 826 4275 adsit
933 4204 1276 4277 intentio
1375 4206 1861 4300 suscipiendi
1943 4209 2162 4293 illud,

624 4323 831 4414 quod
880 4320 1199 4395 confert
1250 4324 1641 4396 Ecclesia.
1691 4328 1789 4398 Et
1849 4326 1916 4398 si
1966 4347 2165 4418 ergo

622 4458 668 4510 a
709 4440 754 4511 J
764 4458 1020 4510 oanne
1060 4439 1518 4532 baptizatus
1562 4460 1721 4513 non
1757 4443 2168 4519 habuisset

621 4556 855 4629 fidem
931 4555 1387 4640 Trinitatis,
1471 4559 1656 4629 dum
1716 4563 1986 4632 tamen
2058 4562 2171 4633 in-

628 4674 990 4746 tenderet
1085 4673 1452 4767 recipere
1540 4674 1769 4747 illum
1855 4677 2171 4768 Baptis-

631 4810 876 4875 mum,
949 4810 1183 4883 quem
1278 4792 1630 4863 Joannes
1712 4792 2173 4869 intendebat

628 4906 844 4989 dare,
914 4907 1075 5000 (qui
1155 4907 1269 4981 sic
1322 4908 1866 5001 intelligendO,
1959 4915 2176 5004 pote-

632 5029 767 5098 rat
814 5044 992 5097 esse
1030 5045 1274 5097 verus
1317 5026 1784 5118 Baptismus
1839 5030 2176 5120 Christi)

636 5163 798 5214 non
946 5145 1127 5215 erat
1252 5144 1404 5217 iste
1521 5149 1802 5237 postea
1924 5146 2178 5239 bapti-

633 5259 955 5340 zandus,
1072 5259 1303 5351 cujus
1421 5260 1883 5354 oppositum
1986 5265 2180 5340 dicit

639 5376 1040 5467 Magister
1118 5375 1209 5450 de
1287 5382 1570 5470 postea
1655 5379 2179 5471 baptizandis.

730 5496 843 5569 Ad
896 5493 1251 5588 primurn
1326 5504 1899 5587 argumentum
1977 5501 2179 5585 dico,

2258 1758 2603 1851 praecisa
2655 1757 3324 1850 rebaptizationis
3375 1757 3796 1849 Baptismo

2259 1874 2593 1954 Christi,
2668 1873 2830 1946 imo
2922 1874 3206 1966 magiS,
3298 1874 3488 1965 quia
3574 1874 3801 1965 prius

2257 2012 2416 2063 non
2463 1993 2936 2083 receperant
2979 1989 3335 2081 gratiam
3376 1989 3802 2083 Baptismi.

2351 2109 2462 2180 Ad
2506 2107 2936 2180 secundum
2989 2107 3561 2198 argumentum
3600 2106 3801 2188 dioc,
3892 2102 3976 2153 Ad
4022 2102 4080 2156 2·

2264 2225 2468 2318 quod
2524 2224 2791 2314 maj0r
2846 2227 2971 2297 est
3023 2243 3241 2311 vera,
3300 2223 3612 2315 quando
3665 2222 3803 2295 ali-

2265 2341 2447 2434 quid
2551 2340 3060 2415 Sacramenti
3143 2339 3545 2432 Baptismi
3622 2361 3808 2413 con-

2264 2457 2566 2540 fertur3
2631 2459 2711 2529 in
2770 2458 3191 2550 Baptismo
3252 2461 3526 2532 autem
3576 2459 3815 2530 Joan-

2265 2573 2391 2645 nis
2488 2573 2688 2645 nihil
2796 2575 3303 2649 sacramenti
3405 2575 3808 2667 Baptismi

2265 2689 2870 2775 conferebatur;
2940 2691 3247 2766 ablutio
3315 2692 3530 2765 enim
3605 2696 3819 2766 exte-

2272 2804 2470 2886 rior,
2539 2805 2708 2876 sinc
2768 2806 3332 2881 determinatis
3398 2809 3671 2882 verbis
3730 2814 3812 2884 et

2267 2923 2807 2998 determinata-
2902 2925 3347 2999 intentione
3435 2928 3807 3019 prolatis,

2271 3039 2597 3111 omnino
2650 3039 2851 3113 nihil
2907 3047 3030 3116 est
3098 3043 3606 3116 Sacramenti
3665 3044 3812 3116 Ba-

2271 3155 2575 3248 ptismi‚
2652 3158 2863 3232 sicut
2903 3179 3045 3231 nec
3090 3180 3609 3253 quaecumque
3650 3162 3812 3234 alia

2270 3270 2708 3344 balneatiO.

2364 3392 2463 3460 Et
2526 3389 2593 3461 si
2668 3390 3031 3483 objicias,
3096 3383 3225 3465 ubi
3310 3414 3510 3486 ergo
3578 3395 3814 3468 habet

2272 3506 2708 3580 veritatem
2772 3509 2912 3580 illa
2976 3510 3332 3583 maxima
3384 3537 3396 3579 :
3452 3516 3575 3582 Ubi
3620 3520 3819 3582 omis-

2271 3646 2415 3690 sum
2474 3636 2565 3689 est
2605 3626 2888 3712 aliquid,
2946 3641 3133 3693 caule
3188 3632 3629 3716 supplendum
3669 3634 3818 3699 esc?

2276 3736 2776 3828 Respondeo‚
2823 3738 2947 3809 vel
3007 3760 3166 3811 non
3210 3743 3478 3833 potest
3523 3741 3820 3820 habere

2274 3851 2543 3925 locum
2608 3853 2685 3925 in
2758 3857 3284 3930 Sacramento
3359 3880 3550 3933 vere
3627 3884 3811 3947 uno,

2277 3979 2463 4069 quia
2553 3979 2858 4052 duobus
2952 3987 3629 4059 concurrentibus
3724 3989 3816 4061 ad

2279 4104 2490 4176 istud
2535 4109 3179 4191 Sacramentum,
3242 4111 3593 4186 alterum
3650 4116 3820 4189 sine

2278 4229 2543 4302 altero
2612 4232 2812 4303 nihil
2863 4240 2987 4307 est
3041 4238 3572 4321 sacramenti,
3638 4241 3825 4331 quia

2280 4357 2635 4430 alterum
2697 4361 2870 4432 sine
2911 4360 3174 4434 altero
3232 4383 3376 4437 nec
3419 4364 3824 4456 significat

2281 4483 2665 4573 gratiam,
2712 4504 2854 4556 nec
2905 4485 3178 4567 efficit,
3214 4492 3295 4591 et
3336 4492 3527 4561 tunc
3587 4510 3824 4583 expo-

2282 4609 2536 4680 nenda
2584 4613 2708 4683 est
2753 4610 2891 4682 illa
2945 4612 3295 4685 maxime
3344 4613 3435 4686 de
3484 4616 3825 4691 diversis
3886 4636 3899 4651 ·

2287 4737 2841 4809 sacramentis
2904 4737 3322 4819 ordinatis,
3371 4740 3826 4832 cujhsmodi

2288 4866 2476 4935 sunt
2530 4862 2934 4936 ordinatio
2987 4864 3064 4933 in
3114 4864 3591 4950 Diaconum,
3641 4870 3828 4942 Sub-

2287 4989 2713 5061 diaconum
2770 4991 2878 5061 ,et
2976 4988 3475 5080 hujusmodi,
3566 4997 3647 5067 et
3739 4993 3829 5064 de

2288 5115 2589 5189 talibus
2637 5119 2761 5188 est
2812 5114 2916 5186 ibi
2971 5136 3265 5189 sermo.
3308 5118 3451 5190 Vel
3523 5119 3590 5190 si
3659 5140 3836 5212 pos-

2292 5231 2522 5304 sibile
2581 5235 2705 5305 est
2777 5229 2857 5302 in
2948 5233 3220 5325 aliquo
3300 5237 3830 5308 sacramento

2290 5367 2482 5431 vere
2542 5379 2726 5439 uno,
2783 5377 3025 5429 unam
3076 5362 3394 5451 partem
3445 5382 3622 5433 esse
3664 5361 3834 5433 sine

2296 5487 2481 5571 alia,
2530 5490 2719 5579 puta
2765 5486 2846 5557 in
2899 5487 3443 5571 Eucharistia,
3491 5490 3835 5581 (loquen-

287 5590 604 5657 Margum.
644 5614 850 5712 quod
919 5632 1081 5686 non
1155 5614 1481 5686 tenetur
1549 5615 1969 5707 Magister,
2041 5638 2185 5691 nec
2295 5617 2391 5689 do
2459 5616 2551 5687 de
2642 5613 3053 5707 speciebus
3136 5615 3368 5709 panis
3454 5621 3533 5691 et
3607 5616 3830 5710 vini,)
