4287 6313
603 409 717 472 110

601 578 1045 652 versaliter
1094 577 1177 651 in
1226 577 1824 653 definitionibus
1873 578 2160 653 relati—

606 711 847 764 onum
897 698 976 768 et
1020 695 1590 777 relativorum,
1639 695 1952 768 scilicet
1987 695 2164 769 sub-

595 809 912 903 jectum
953 813 1080 885 vel
1115 813 1751 893 fundamentum,
1808 814 2016 905 quod
2049 812 2163 885 in-

605 930 1004 1025 telligitur
1039 953 1184 1025 per
1233 935 1375 1006 hoc
1411 932 1617 1024 quod
1649 936 1775 1007 est
1805 934 2159 1013 sensibile,-

608 1047 963 1120 alterum
1020 1047 1296 1131 etiam,
1362 1046 1676 1122 scilicet
1737 1046 2161 1121 correlati-

602 1185 819 1246 vum,
862 1165 1064 1258 quod
1114 1167 1454 1240 notatur·
1513 1184 1659 1257 per
1709 1163 1889 1247 hoc,
1954 1162 2161 1255 quod

610 1284 732 1353 est
771 1286 1063 1372 qratiam
1093 1284 1196 1351 vel
1230 1287 1534 1371 effectum
1582 1286 1980 1372 yratteilum.

700 1402 818 1472 Ex
880 1398 1004 1472 his
1048 1403 1260 1489 patet
1321 1400 1623 1476 solutio
1677 1402 1774 1491 (e)
1843 1395 2162 1491 quaesti-

612 1518 816 1590 onis.
850 1518 1293 1591 Dicendum
1335 1521 1460 1592 est
1506 1517 1719 1590 enim
1783 1516 1989 1608 quod
2022 1514 2165 1586 illa

608 1633 847 1715 ratio,
909 1635 1002 1706 de
1064 1655 1218 1726 qua
1287 1632 1710 1726 quaeritur,
1759 1631 1876 1721 (si
1942 1636 2164 1705 recte

604 1749 1140 1841 intelligatur,
1187 1752 1265 1823 et
1303 1770 1446 1843 per
1477 1749 1643 1821 alia
1695 1768 1855 1820 non
1913 1746 2164 1839 expli-

606 1872 794 1942 cata
825 1867 1331 1960 suppleatur,
1363 1874 1384 1955 )
1422 1870 1546 1939 est
1571 1864 1912 1963 propria
1948 1864 2161 1937 ratio

606 1983 1014 2057 definitiva
1049 1981 1562 2057 sacramenti
1595 2001 1689 2053 eo
1736 1981 1967 2053 modo
2005 1999 2162 2071 quo

611 2103 1234 2176 Sacramentum
1311 2100 1434 2172 est
1510 2096 1933 2171 definibile.
2019 2097 2165 2168 Est

609 2218 825 2290 enim
893 2217 1035 2290 illa
1106 2216 1319 2288 ratio
1389 2216 1504 2287 sic
1585 2214 1996 2289 intellecta
2083 2217 2166 2286 et

614 2335 986 2428 suppleta
1017 2333 1294 2405 eadem
1354 2351 1538 2404 cum
1581 2331 1901 2404 ratione
1961 2349 2165 2422 prae-

611 2449 1081 2533 dicta.Quod
1115 2449 1328 2521 enim
1365 2448 1699 2541 ponitur
1739 2453 1987 2533 forma,
2035 2445 2164 2517 de-

612 2567 744 2641 bet
773 2565 1124 2657 intelligi
1168 2584 1317 2658 pro
1357 2564 1588 2655 signo
1635 2560 2023 2643 sensibili,
2068 2580 2164 2632 eo

613 2685 845 2757 modo
877 2705 1033 2775 quo
1105 2682 1374 2773 imago
1441 2679 1815 2753 Herculis
1867 2676 2166 2750 dicitur

609 2799 881 2874 forma
928 2797 1342 2874 Herculis.
1409 2797 1630 2880 Quod
1680 2795 1786 2868 ibi
1847 2793 2168 2866 additur

612 2920 892 3000 visibile,
931 2916 1159 2989 debet
1196 2913 1544 3006 intelligi
1635 2932 1782 3006 pro
1831 2908 2164 2983 sensibi-

611 3034 781 3107 liin
811 3032 1222 3108 communi
1261 3059 1275 3115 ;
1310 3035 1389 3105 et
1441 3051 1590 3123 pro
1634 3032 1864 3104 tanto
1932 3026 2161 3101 debet

610 3151 957 3245 intelligi
1017 3154 1280 3220 visibile
1340 3148 1530 3244 poni
1602 3168 1750 3245 pro
1801 3142 2166 3218 sensibili

612 3270 1043 3362 cujuslibet
1078 3289 1390 3356 sensuS‚
1424 3267 1611 3359 quia
1633 3265 1859 3336 visus
1885 3267 2007 3335 est
2040 3284 2168 3335 ex·

615 3387 1047 3460 cellentior
1092 3385 1311 3458 omni
1372 3405 1641 3464 sensu,
1677 3387 1756 3457 et
1803 3380 2162 3473 plurium

616 3503 1266 3576 differentiarum
1329 3497 1965 3590 cognoscitivus,
2040 3518 2169 3569 se-

614 3622 956 3697 cundum
992 3616 1574 3710 Philosophum
1623 3621 1680 3686 1.
1708 3619 1996 3704 Metapli.
2027 3615 2170 3687 Po-

614 3740 849 3813 nitur
890 3737 1140 3811 etiam
1185 3734 1289 3807 ibi
1324 3736 1586 3803 visibile
1639 3752 1786 3824 pro
1834 3728 2163 3803 sensibi-

619 3857 699 3938 li,
748 3855 916 3927 sive
960 3874 1144 3934 uno,
1193 3851 1362 3924 sive
1425 3849 1822 3941 pluribuS‚
1881 3850 1963 3920 et
2012 3845 2164 3918 hoc

611 3971 980 4066 pluribus
1014 3966 1609 4063 pertinentibus
1652 3964 1745 4036 ad
1798 3963 2164 4035 eumdem

611 4107 963 4169 sensum,
1009 4083 1137 4156 vel
1194 4082 1444 4154 alium
1478 4086 1558 4153 et
1611 4077 1886 4151 alium.
1930 4074 2166 4147 Poni-

608 4211 746 4279 tur
817 4208 1088 4277 autem
1149 4200 1254 4273 ibi
1318 4203 1550 4289 qratia
1590 4198 1952 4266 invisibilis
2013 4214 2163 4287 pro

603 4322 890 4396 effectu
941 4318 1088 4393 Dei
1130 4316 1496 4409 gratuito
1542 4311 1952 4392 interiori,
2028 4330 2165 4384 or-

602 4440 877 4513 dinato
911 4438 1005 4510 ad
1032 4435 1379 4508 salutem
1404 4428 1759 4503 hominis
1781 4426 2166 4501 viatoris.

602 4557 901 4630 Utrum
959 4558 1233 4627 autem
1295 4553 1522 4640 qratia
1584 4547 1689 4619 ibi
1781 4547 2162 4617 sumatur

608 4670 1192 4746 universaliter
1227 4688 1374 4761 pro
1417 4665 1690 4759 gratia
1722 4662 2169 4736 inhaerente

612 4788 904 4862 animae
956 4784 1424 4879 subjective,
1499 4800 1598 4851 an
1673 4777 2164 4870 generalius,

403 4951 462 5000 1„
617 4912 703 4981 ut
735 4902 1102 4998 expressi
1157 4919 1430 4993 supra,
1459 4897 1887 4970 utscilicet
1921 4893 2168 4986 signi-

265 5013 582 5143 (ἓξῗῗὲξξῗ
617 5031 799 5102 ficet
861 5024 1244 5099 effectum
1285 5020 1432 5093 Dei
1468 5021 1947 5112 gratuitum,
2012 5018 2165 5089 etc.

619 5152 695 5216 in
787 5146 1071 5212 materia
1157 5142 1238 5208 de
1313 5140 1748 5205 Eucharislia
1835 5131 2165 5226 patebit,

619 5263 808 5358 quia
875 5259 984 5333 ibi
1049 5278 1181 5329 res
1245 5251 1754 5329 sacramenti
1825 5271 1987 5323 non
2041 5251 2169 5322 est

614 5383 887 5475 aliqua
911 5374 1183 5470 gratia
1207 5371 1729 5447 accidentalis
1761 5369 2169 5443 inhaerens

615 5498 938 5573 animae.
977 5490 1358 5586 Suppleri
1399 5491 1671 5562 autem
1704 5487 1993 5561 debent
2033 5481 2174 5557 dif-

613 5615 982 5693 ferentiae
1025 5608 1584 5706 specificantes
1628 5605 1977 5697 signum,
2031 5623 2162 5694 pu-

375 1384 458 1439 10.

363 2420 501 2481 Quid

298 2483 547 2597 ‘'imit'‘

262 3591 321 3641 In
374 3604 578 3656 proaem.

1716 416 1861 479 ΗΒ.
1909 417 2011 481 lv.
2058 415 2651 485 SENTENTIARUM

2271 582 2358 653 ta
2389 605 2474 648 em
2507 583 2948 665 institutione,
2983 580 3274 653 contra
3351 576 3672 670 signum
3717 572 3815 645 si-

2272 697 2664 789 gnificans
2705 695 3252 777 natur-alitem
3298 698 3380 768 et
3419 695 3808 780 efficaciter,

2274 818 2565 889 contra
2605 814 2929 906 signum
2992 812 3527 905 aequivocum,
3564 811 3646 883 et
3713 806 3820 879 si-

2274 951 2519 1024 gnum
2591 953 2930 1026 sequens
3001 930 3500 1005 naturaliter
3577 925 3818 1016 signi-

2273 1051 2628 1126 ficatum.

2361 1169 2474 1242 Ad
2525 1168 2879 1262 primum
2928 1168 3011 1259 (f)
3079 1160 3823 1259 argumentum'di-
3973 1177 4057 1230 11.

2274 1303 2394 1365 co,
2434 1282 2864 1376 quodlicet
2917 1282 3525 1356 fundamentum
3574 1276 3816 1369 hujus
3856 1239 3940 1292 Ad
3974 1255 4088 1306 '²¹⁸3’
4122 1239 4170 1292 ¹·

2272 1401 2702 1474 relationis
2757 1402 2993 1494 plura
3043 1401 3425 1481 includat,
3481 1419 3581 1471 ex
3654 1395 3817 1489 qui-

2274 1519 2420 1590 bus
2462 1538 2621 1590 non
2667 1517 2754 1591 fit
2792 1538 2938 1611 per
2970 1539 3054 1591 se
3096 1537 3369 1599 unum,
3407 1518 3497 1590 ut
3536 1512 3822 1608 proba-

2271 1636 2411 1707 tur
2466 1636 2558 1707 de
2618 1634 3080 1707 successivo
3132 1635 3211 1706 et
3265 1635 3819 1725 permanente,

2272 1754 2545 1824 tamen
2602 1771 2764 1823 non
2825 1751 3192 1844 sequitur
3269 1749 3455 1842 quin
3534 1751 3818 1821 Sacra-

2277 1872 3076 1962 mentum‚quantum
3120 1867 3215 1939 ad
3249 1885 3479 1939 suam
3522 1864 3825 1937 forma-

2274 1985 2433 2058 lem
2486 1984 2893 2058 rationem
2947 1984 3053 2058 sit
3097 2003 3241 2075 per
3283 2003 3367 2055 se
3401 2001 3673 2052 unum.
3726 1983 3825 2054 Et

2273 2098 2750 2190 siarguitur
2781 2101 3073 2172 contra
3120 2094 3495 2187 hoc,quia
3533 2092 3823 2165 relatio

2275 2235 2436 2286 non
2466 2219 2589 2289 est
2624 2234 2769 2308 per
2796 2235 2879 2287 se
2915 2234 3097 2295 una,
3132 2210 3290 2284 nisi
3332 2209 3623 2283 habeat
3655 2208 3824 2280 fun·

2277 2330 2875 2407 fundamentum
2952 2349 3226 2414 unum,
3356 2327 3818 2417 respondeo,

2279 2452 2486 2543 quod
2533 2451 2600 2523 si
2658 2451 2872 2525 forte
2917 2449 3067 2523 hoc
3119 2452 3335 2523 esset
3375 2467 3660 2521 verum
3730 2446 3823 2517 de

2277 2566 2814 2640 relationibus
2888 2564 3271 2647 realibus,
3353 2564 3444 2635 de
3539 2562 3823 2656 quibus

2272 2689 2398 2758 est
2441 2683 2796 2767 dubium,
2836 2683 3026 2776 quia
3095 2684 3311 2757 forte
3389 2686 3469 2754 in
3542 2680 3822 2755 multis

2280 2800 2791 2876 trahentibus
2825 2820 3069 2874 unam
3104 2819 3394 2872 navem
3464 2802 3592 2873 est
3659 2818 3817 2870 una

2284 2920 2576 2995 relatio
2626 2920 3125 2993 trahentium
3177 2918 3271 2989 ad
3342 2937 3587 2991 unum
3649 2919 3823 2988 tra—

2275 3041 2521 3121 ctum,
2578 3042 2850 3111 tamen
2891 3035 2974 3108 in
3019 3033 3561 3108 relationibus
3629 3034 3821 3107 rati-

2280 3152 2481 3236 onis,
2531 3151 2989 3247 propositio
3032 3156 3157 3225 est
3194 3150 3620 3226 manifeste
3678 3148 3823 3224 fal·

2280 3291 2393 3353 sa,
2451 3271 2637 3363 quia
2692 3277 3433 3365 quantumcumque
3491 3270 3814 3342 diversa

2282 3391 2622 3480 possunt
2659 3407 3156 3461 concurrere
3192 3385 3272 3458 in
3300 3385 3820 3458 fundamento

2278 3504 2517 3576 unius
2636 3503 3068 3579 relationis
3176 3501 3551 3589 rationiS,
3657 3520 3819 3573 non

2280 3621 2494 3694 enim
2541 3625 2868 3715 oportet
2910 3621 3071 3693 nisi
3128 3620 3334 3714 quod
3405 3619 3664 3692 multa
3715 3618 3823 3690 ihi

2281 3737 2854 3830 concipiantur
2897 3736 3129 3829 quasi
3171 3756 3445 3816 unum,
3493 3736 3575 3807 in
3614 3734 3825 3809 ordi-

2282 3874 2380 3926 ne
2413 3854 2509 3926 ad
2540 3854 2865 3946 aliquod
2916 3854 3538 3946 signatum.Hoc
3577 3854 3825 3944 patet,

2285 3970 2474 4062 quia
2526 3969 2767 4062 hujus
2813 3970 3241 4044 relationis
3311 3969 3577 4051 unius,
3654 3988 3826 4059 quae

2281 4089 2405 4160 est
2444 4091 2714 4176 si9nare
2761 4101 3046 4156 mustum
3112 4090 3370 4169 bonum,
3418 4085 3616 4157 bene
3698 4104 3828 4176 po·

2281 4216 2441 4287 test
2534 4234 2712 4285 esse
2835 4210 3449 4286 fundamentum
3555 4214 3822 4286 totum

2278 4336 2518 4420 istud,
2558 4337 2871 4410 scilicet
2897 4341 3188 4407 circulus
3227 4350 3569 4427 coopertus
3634 4339 3827 4423 foliis

2279 4467 2540 4533 hederoe
2569 4469 2640 4534 in
2689 4489 2881 4533 cruce
2909 4470 3186 4555 positus,
3260 4463 3540 4537 eteita
3572 4464 3822 4537 etiam

2284 4590 2559 4663 multae
2641 4590 3059 4663 orationes
3172 4591 3604 4670 contextae,
3694 4588 3827 4660 vel

2282 4733 2439 4785 una
2483 4715 2694 4788 ratio
2737 4736 2837 4787 ex
2898 4713 3177 4787 multis
3222 4713 3584 4804 syllabiS,
3642 4733 3816 4805 quae

2280 4838 2484 4911 nihil
2544 4860 2792 4912 unum
2866 4860 3012 4932 per
3071 4861 3155 4912 se
3221 4839 3556 4923 faciunt,
3639 4843 3828 4911 sunt

2281 4966 2892 5040 fundamentum
2941 4967 3177 5039 unius
3218 4965 3643 5039 relationis
3685 4964 3828 5038 hu-

2276 5091 2438 5184 jus,
2485 5111 2660 5183 quae
2702 5097 2825 5165 est
2865 5097 3138 5182 siqnare
3166 5095 3302 5159 Deo
3342 5095 3554 5161 inesse
3598 5095 3833 5183 aliqua

2282 5241 2426 5306 quoe
2461 5220 2590 5285 sibi
2627 5221 2991 5286 intrinsece
3032 5222 3281 5301 insunt,
3321 5237 3509 5291 cum
3554 5224 3829 5294 tamen

2287 5341 2480 5414 illud
2524 5342 2939 5434 signatum
2972 5342 3079 5415 sit
3131 5363 3380 5415 unum
3452 5351 3532 5419 et
3617 5346 3824 5420 idem

2285 5467 3019 5561 simplicissimum.

2284 5594 2396 5668 Ad
2438 5597 3015 5688 argumentum
3052 5596 3486 5669 secundum
3521 5601 3600 5670 et
3664 5603 3827 5675 ter·
3864 5580 3947 5633 Ad
3967 5579 4100 5634 ²·⁶²
4148 5588 4212 5638 3·
