4287 6313
220 4382 300 4434 41.

1567 444 1762 507 msr.
1813 446 1908 507 vr
1958 443 2319 521 Qua-:sno
2363 447 2440 509 x.
3399 524 3407 530 ·
3540 440 3660 503 647

470 606 624 668 licet
661 606 793 669 haec
840 609 982 686 ipsa
1024 607 1090 669 in
1133 608 1383 670 bonum
1428 607 1884 669 determinatio
1931 607 2015 668 sit

468 741 500 785 a
535 724 744 803 gratia
776 726 1010 787 actuali
1052 727 1230 803 prins
1270 726 1619 802 excitante,
1670 742 1798 805 qua
1845 731 2006 802 prze-

461 843 724 906 venitur
776 843 1100 905 voluntas.

544 961 678 1021 Hoc
736 975 895 1043 ergo
956 959 1317 1037 supposito,
1364 955 1552 1019 facile
1610 963 1712 1019 est
1767 955 2003 1017 intelli-

461 1087 623 1151 gere
687 1072 1018 1151 quomodo
1094 1071 1434 1133 character
1509 1070 1592 1130 sit
1650 1069 2006 1148 disponens

458 1187 542 1249 ad
601 1188 811 1250 bonos
857 1193 1039 1250 actus
1097 1193 1411 1266 tanquam
1466 1191 1791 1247 remotum
1835 1185 2003 1264 prin·

456 1306 722 1383 cipium,
768 1320 902 1366 non
950 1320 1072 1383 per
1114 1304 1432 1365 influxum
1487 1304 1552 1363 in
1595 1304 1773 1379 ipsos
1821 1302 2003 1365 actus

454 1422 1016 1500 supernaturales,
1062 1421 1182 1484 sed
1243 1423 1634 1500 inquantum
1719 1423 2003 1501 disponit

458 1532 543 1594 ad
573 1534 857 1608 habituS,
911 1539 1022 1613 qui
1072 1536 1369 1613 proxime
1415 1538 1745 1616 attingunt
1791 1544 1997 1610 actm,

458 1657 530 1712 ut
572 1656 725 1712 sunt
766 1653 975 1731 gratia
1008 1659 1072 1713 et
1109 1652 1371 1713 habitus
1418 1651 1637 1714 infusi.

536 1769 859 1830 Instantiae
889 1772 1111 1829 autem
1139 1766 1440 1830 adductae
1466 1776 1618 1830 sunt
1649 1768 1731 1831 de
1775 1768 2002 1830 habitu

452 1888 607 1951 fidei
667 1894 734 1951 et
781 1887 1108 1951 charitatis
1164 1885 1248 1948 ad
1320 1892 1445 1952 hoc
1501 1892 1719 1967 ipsum
1778 1887 1992 1948 decla·

454 2005 773 2083 randum3
832 2007 1065 2069 asserit
1122 2024 1280 2086 ergo
1343 2006 1544 2068 fidem
1600 2010 1667 2068 et
1723 2004 1993 2066 charita-

457 2130 589 2185 tem
638 2124 1041 2187 habitualem
1097 2125 1411 2186 inclinare
1461 2114 1544 2183 a⁴d
1587 2130 1772 2183 actus
1814 2137 1994 2194 suOS,

451 2242 606 2302 licet
648 2245 880 2302 neutra
910 2240 994 2301 sit
1022 2240 1413 2317 principium
1463 2245 1836 2319 proximum
1867 2238 1997 2302 suf-

449 2356 676 2419 ficiens
734 2356 1051 2421 credendi
1112 2365 1222 2420 aut
1267 2358 1585 2440 diligendi
1627 2380 1641 2421 :
1683 2360 2000 2421 Inclinant

450 2480 681 2548 tamen,
741 2478 978 2554 inquit,
1019 2481 1088 2537 ut
1130 2477 1655 2538 concurrentibus
1697 2477 1848 2539 aliis
1893 2495 1996 2538 ne·

452 2591 746 2652 cessar-iis
810 2596 989 2652 actus
1063 2591 1263 2652 bonus
1319 2591 1646 2666 eliciatur,
1705 2595 1831 2654 etc.
1897 2592 1997 2654 Ad

450 2708 586 2770 haec
647 2710 820 2770 enim
879 2708 1254 2770 necessaria
1317 2715 1471 2771 sunt
1532 2712 1872 2773 instructio
1933 2717 2000 2772 et

452 2824 789 2898 revelatio,
882 2841 1241 2887 concursus
1333 2828 1449 2889 Dei
1533 2844 1655 2905 per
1721 2829 1998 2906 gratiam

450 2941 875 3022 adjuvantem
928 2949 992 3005 et
1036 2922 1453 3016 excitantem,
1507 2961 1651 3024 quae
1697 2946 1761 3007 in
1804 2946 2000 3025 justis

449 3057 645 3119 etiam
702 3057 1077 3119 necessaria
1138 3063 1261 3132 est,
1321 3068 1387 3121 et
1422 3061 1694 3122 attentio
1755 3065 1990 3139 poten-

448 3175 567 3237 tiae.
616 3177 767 3237 Sine
797 3176 897 3238 his
939 3180 1161 3253 potest
1192 3191 1338 3237 esse
1382 3179 1665 3255 uterque
1706 3178 1994 3252 habitus,

446 3291 518 3347 ut
572 3286 635 3348 in
680 3301 890 3363 puero
949 3286 1383 3362 perveniente
1454 3287 1539 3348 ad
1605 3303 1795 3348 usum
1837 3289 1987 3351 rati-

446 3390 607 3476 oniS,
639 3405 781 3464 sine
811 3408 966 3463 actu
994 3399 1146 3464 fidei
1191 3408 1302 3463 aut
1350 3403 1702 3478 charitatiS,
1757 3420 1985 3483 quam-

446 3520 540 3579 vis
600 3520 666 3579 in
727 3537 804 3581 eo
873 3520 953 3580 sit
1016 3519 1344 3580 inclinatio
1410 3521 1778 3599 habitualis,
1840 3539 1989 3600 quae

444 3653 575 3698 non
608 3636 843 3698 sufficit
894 3636 980 3697 ad
1029 3643 1272 3710 actum,
1327 3642 1449 3702 nisi
1502 3642 1826 3718 praemissa
1880 3661 1989 3719 po-

445 3763 731 3828 nantur;
782 3756 875 3816 sic
950 3755 1116 3833 lapis
1186 3758 1381 3818 etiam
1433 3763 1505 3818 ut
1560 3775 1818 3821 sursum
1865 3768 1987 3836 est,

442 3876 793 3937 inclinatur
862 3876 929 3938 in
1012 3889 1207 3937 suum
1294 3882 1616 3951 centrum,
1692 3880 1989 3956 quamvis

443 3996 662 4052 actum
736 3996 1301 4069 proportionatum
1382 3993 1787 4058 inclinationi
1857 4012 1991 4058 non

444 4110 707 4184 habeat,
802 4108 1016 4170 donec
1114 4111 1375 4173 tollatur
1446 4112 1990 4190 impedimentum

447 4232 661 4291 motus
716 4226 803 4288 ad
845 4232 1168 4288 centrum.

525 4340 1018 4406 Advertendum
1073 4342 1366 4405 breviter
1418 4342 1522 4403 hic
1576 4346 1986 4411 Dominicum

146 4444 375 4558 Olgoctio
452 4463 602 4524 Soto
650 4465 880 4520 notare
911 4458 1359 4521 inconstantiae
1399 4464 1695 4520 nostrum
1742 4465 1985 4528 Docto-

132 4571 364 4622 solvitur.
443 4594 606 4651 rem,
655 4576 842 4656 quasi
879 4574 941 4634 in
977 4573 1394 4637 distinctione
1437 4577 1644 4654 prima
1689 4594 1984 4660 negave-

443 4694 523 4757 rit
606 4695 1053 4755 characterem
1125 4709 1274 4754 esse
1335 4692 1833 4771 dispositionem
1901 4700 1984 4760 ad

440 4813 740 4893 gratiam,
788 4809 966 4888 quod
1012 4810 1114 4871 hic
1164 4809 1432 4871 tandem
1466 4813 1815 4887 concedit;
1862 4817 1983 4878 sed

439 4927 643 4990 facilis
689 4932 790 4988 est
832 4924 1297 5000 reconciliatio,
1355 4929 1506 5004 quia
1558 4927 1644 4989 ibi
1690 4934 1977 5007 negavit,

438 5048 504 5105 et
535 5045 730 5117 bene,
769 5059 915 5105 esse
949 5041 1440 5120 dispositionem
1465 5045 1976 5106 necessitantem

432 5162 695 5240 physice
755 5159 840 5220 ad
882 5161 1187 5238 gratiam,
1250 5165 1445 5236 prout
1502 5159 1606 5222 alii
1670 5162 1790 5237 p'er
1854 5162 1976 5224 hoc

433 5275 684 5339 salvant
735 5276 1180 5338 causalitatem
1226 5276 1564 5355 physicam
1611 5282 1679 5336 et
1733 5282 1976 5339 certam

434 5393 1034 5465 sacramentorum3
1070 5390 1176 5458 hic
1207 5395 1430 5453 autem
1477 5393 1781 5454 concedit
1825 5410 1972 5456 esse

440 5509 936 5585 dispositionem
970 5523 1051 5569 ex
1092 5508 1430 5568 voluntate
1478 5513 1542 5569 et
1571 5508 1975 5572 institutione

430 5628 639 5690 divina
685 5628 962 5699 tantum,
996 5624 1175 5705 quod
1207 5632 1272 5688 et
1310 5626 1662 5703 probatum
1721 5631 1817 5688 est
1848 5629 1975 5689 suf-

2122 604 2438 682 ficienter,
2510 607 2768 670 sublato
2861 612 3081 668 tamen
3161 602 3661 684 impedimento,

2175 716 2532 799 Responsio
2564 720 2647 784 ad
2679 726 3095 801 argumenta,
3121 726 3252 783 tam
3281 716 3666 796 principalia

2122 854 2320 917 quam
2378 838 2500 900 alia
2545 856 2661 917 pro
2695 837 3030 916 opinione,
3081 842 3266 915 patet
3309 854 3392 898 ex
3447 835 3658 911 dictis,

2121 959 2296 1033 etex
2318 957 2461 1032 ipsa
2490 956 2744 1031 littera3
2779 959 2963 1034 patet
2993 955 3188 1016 etiam
3209 952 3551 1030 responsio
3582 952 3668 1014 ad

2118 1071 2250 1143 illa,
2304 1087 2446 1149 quae
2501 1070 2843 1133 adducunt
2899 1068 3194 1132 moderni
3253 1074 3479 1131 contra
3527 1069 3665 1147 pri-

2116 1201 2292 1247 mam
2362 1191 2644 1264 partem,
2714 1204 2843 1266 qua
2902 1189 3264 1248 sustinetur
3321 1185 3659 1246 character

2119 1318 2267 1364 esse
2297 1303 2552 1366 relati0.

2196 1416 2432 1480 Contra
2485 1422 2884 1482 sententiam
2914 1391 2920 1398 ⁸
2953 1422 3244 1483 Durandi
3333 1422 3665 1486 disserunt
3720 1430 3988 1489 Sententia

2113 1534 2439 1609 moderni,
2475 1552 2621 1597 eam
2684 1538 2964 1601 maxime
3024 1548 3266 1618 urgent
3309 1542 3454 1602 loca
3501 1541 3662 1603 Con·
3716 1494 3981 1671 ,1131ξέἶῖ

2113 1653 2435 1723 ciliorum,
2489 1668 2638 1730 quae
2688 1650 2915 1714 dicunt
2963 1655 3384 1741 Sacramenta
3434 1658 3660 1735 impri-

2110 1783 2296 1829 mere
2351 1768 2796 1832 characterem
2853 1772 2917 1831 in
2971 1771 3209 1846 anima,
3256 1780 3328 1834 ut
3398 1775 3663 1853 signum

2109 1886 2449 1963 spirituale
2495 1894 2561 1951 et
2602 1889 2921 1966 indebile,
2969 1904 3046 1951 ac
3078 1890 3358 1967 proinde
3389 1890 3660 1969 quidam

2112 2019 2260 2064 eam
2317 2006 2784 2080 condemnant,
2855 2010 2929 2067 ut
2990 2022 3336 2068 erroneam
3361 1993 3382 2074 ς’
3432 2007 3666 2068 asserit

2111 2124 2406 2201 vasquez
2471 2137 2605 2184 non
2653 2138 2801 2184 esse
2874 2122 3405 2195 condemnatam,
3485 2137 3663 2183 eam-

2110 2254 2242 2316 que
2316 2242 2586 2300 conatur
2648 2240 2921 2303 salvare.
2983 2240 3303 2302 Caeterum
3383 2252 3517 2300 non
3570 2243 3667 2299 est

2110 2355 2382 2419 dubium
2452 2357 2738 2421 Concilia
2803 2361 2987 2439 loqui
3042 2358 3412 2420 secundum
3483 2373 3656 2419 com-

2107 2490 2379 2537 munem
2431 2476 2887 2554 acceptionem
2945 2482 3012 2537 et
3070 2491 3341 2537 sensum
3423 2476 3659 2539 Docto-

2107 2610 2254 2653 rum
2299 2601 2365 2657 et
2413 2595 2713 2669 Patrum3
2790 2600 2852 2655 et
2909 2592 3198 2656 definitio
3244 2593 3500 2671 proprie
3555 2593 3657 2652 in-

2111 2712 2533 2790 terpretanda
2607 2717 2721 2788 est,
2770 2713 2963 2791 Juxta
3018 2713 3306 2791 rigorem
3373 2716 3440 2773 et
3483 2727 3651 2773 com-

2106 2844 2377 2890 munem
2407 2832 2862 2906 acceptionem
2908 2829 3231 2903 dictioniS,
3266 2845 3418 2890 nam
3459 2832 3649 2903 sicut,

2107 2955 2421 3025 tanquam
2465 2951 2833 3024 proximum
2886 2916 3074 3018 fidei‘s
3128 2948 3445 3008 asseritur
3499 2948 3650 3024 post

2102 3061 2551 3124 Tridentinum
2600 3049 2772 3123 sesss
2833 3062 2894 3124 6.
2958 3061 3269 3138 Justitiam
3357 3067 3647 3123 nostram

2106 3183 2489 3256 consistere,
2523 3199 2658 3244 non
2704 3182 2770 3242 in
2801 3187 2950 3242 actu
2993 3181 3341 3259 praeterit0‚
3389 3185 3501 3241 aut
3533 3179 3644 3241 ali-

2101 3315 2232 3376 quo
2308 3304 2562 3361 tantum
2635 3296 2863 3359 morali
2931 3299 3316 3374 inhaerente,
3382 3297 3504 3360 sed
3574 3297 3640 3358 in

2104 3416 2417 3493 qualitate
2467 3416 2685 3495 aliqua
2728 3417 2999 3496 phyisca
3043 3420 3504 3492 permanente,
3564 3431 3646 3476 ex

2104 3547 2183 3592 eo
2229 3533 2409 3612 quod
2470 3533 2723 3593 dicatur
2769 3532 2955 3594 nobis
3015 3533 3296 3608 infundi,
3388 3533 3645 3608 auperi,

2103 3669 2409 3728 crescere,
2439 3667 2752 3712 renovare
2780 3668 2916 3724 nos,
2952 3657 3076 3711 etc.
3126 3665 3275 3728 quae
3325 3648 3645 3711 denotant

2102 3773 2168 3831 in
2213 3771 2430 3849 rigore
2460 3767 2783 3829 sermonis
2824 3765 3069 3844 aliquid
3110 3766 3458 3846 physicum
3497 3782 3643 3844 per·

2100 3902 2402 3961 manenS,
2465 3885 2550 3946 ita
2597 3885 2793 3946 etiam
2862 3881 3139 3961 perinde
3188 3880 3458 3943 verbum
3516 3884 3644 3942 im-

2094 4004 2388 4079 primere
2432 4000 2703 4063 denotat
2755 3998 3103 4061 terminum
3154 3999 3426 4071 realem,
3478 3996 3649 4059 sicut

2102 4126 2160 4182 et
2188 4123 2446 4196 siynum
2487 4118 2856 4191 spirituale,
2893 4116 3074 4197 quod
3115 4134 3239 4195 per
3281 4116 3641 4196 oppositio-

2102 4242 2257 4287 nem
2291 4225 2525 4287 dicitur
2554 4224 2638 4285 ad
2696 4227 2957 4303 signum
3000 4222 3310 4284 sensibile
3345 4227 3412 4284 et
3441 4228 3650 4284 mate·

2102 4334 2285 4409 riale,
2333 4350 2476 4412 quae
2532 4338 2686 4393 sunt
2739 4331 3312 4393 denominationes
3376 4330 3642 4392 desum-

2101 4448 2227 4520 ptae
2270 4458 2305 4502 a
2350 4442 2590 4519 reipsa,
2653 4454 2803 4518 quae
2862 4436 3223 4516 significat;
3298 4441 3643 4500 materiale

2098 4555 2345 4625 autem,
2390 4555 2455 4612 et
2496 4549 2840 4627 spirituale
2880 4552 3033 4610 sunt
3092 4546 3471 4608 differentiae
3522 4563 3643 4608 en-

2096 4660 2176 4721 tis
2217 4660 2436 4732 realiS,
2482 4665 2546 4720 et
2587 4674 2720 4719 non
2750 4657 3040 4719 rationis,
3078 4656 3366 4717 Haeretici
3419 4656 3634 4730 etiam,

2095 4769 2206 4847 qui
2248 4772 2641 4847 impugnant
2682 4767 3065 4840 Ecclesiam,
3122 4767 3211 4828 ita
3261 4765 3643 4847 intelligunt

2097 4874 2235 4951 ejus
2295 4875 2716 4947 sententiam,
2750 4890 2974 4951 neque
3030 4874 3099 4934 in
3142 4874 3267 4935 hoc
3313 4871 3632 4935 condem-

2093 4986 2358 5053 nantur,
2400 4981 2520 5042 sed
2558 4981 2624 5042 id
2672 4997 2750 5042 eo
2798 4982 2976 5059 quod
3022 4983 3363 5042 veritatem
3411 4978 3636 5041 defini·

2096 5094 2226 5149 tam
2300 5094 2602 5166 negent;
2703 5088 2883 5149 unde
2972 5089 3298 5168 colligitur
3395 5085 3628 5149 defini-

2095 5198 2335 5257 tionem
2394 5195 2479 5257 ad
2535 5194 2712 5257 aliud
2766 5211 2980 5275 genus
3030 5193 3253 5256 formae
3293 5193 3546 5256 referri.

2170 5301 2528 5388 Difficulter
2568 5307 2762 5364 etiam
2813 5305 3101 5366 salvatur
3155 5318 3353 5380 posse
3399 5304 3625 5363 Sacra-

2087 5418 2384 5473 mentum
2469 5413 2846 5489 imprimere
2918 5413 3302 5474 relationem
3359 5411 3627 5472 rationis

2087 5520 2155 5580 in
2220 5521 2461 5593 anima,
2533 5524 2606 5580 ut
2666 5535 2786 5596 per
2848 5535 2921 5580 se
2972 5524 3178 5598 patet,
3243 5519 3394 5598 quia
3468 5517 3626 5580 nihil

2088 5628 2266 5689 aliud
2310 5632 2412 5690 est
2475 5645 2669 5707 quam
2729 5629 3245 5703 Sacramentum,
3294 5626 3472 5708 quod
3547 5644 3626 5690 ex
