4287 6313
1620 427 1823 490 DlS'r.
1869 427 1972 489 111.
2021 427 2385 502 QUAESTlo
2440 425 2581 490 1V.·

530 623 534 628 ·
629 590 1035 670 Quantum
1080 589 1173 661 ad
1217 588 1576 682 primum
1615 589 1817 668 dlco‚
1881 587 2091 680 quod

535 703 949 779 institutio
1023 707 1445 799 praecessit
1506 705 2092 799 promulgatio·

537 839 764 902 nem;
809 841 968 893 non
1018 822 1233 895 enim
1291 821 1865 915 promulgatur
1928 820 2086 900 lex,

533 934 693 1006 nisi
740 935 1003 1027 primo
1047 936 1152 1009 sit
1185 937 1728 1011 determinata
1770 956 1818 1008 a.
1858 936 2092 1028 legis-

537 1051 829 1134 latore,
884 1073 931 1123 a
999 1073 1155 1144 quo
1223 1052 1517 1127 habeat
1582 1053 2088 1136 firmitatem,

537 1170 645 1258 (et
715 1168 873 1241 ista
932 1168 1506 1244 determinatio
1578 1173 1851 1262 potest
1928 1167 2085 1243 dici

551 1283 1012 1375 institutio)
1063 1285 1220 1357 nisi
1281 1285 1531 1358 etiam
1586 1287 1684 1358 ab
1753 1288 1930 1378 ipso
1983 1288 2093 1360 sit

545 1398 908 1474 revelata
969 1399 1214 1473 alicui
1285 1405 1670 1493 tanquam
1735 1400 2092 1493 praeconi

542 1516 912 1597 solemni,
957 1520 1038 1591 et
1081 1516 1229 1589 hoc
1301 1517 1371 1589 si
1430 1536 1574 1608 per
1632 1535 2091 1606 praeconem

543 1632 768 1704 illam
808 1632 1165 1705 voluerit
1217 1631 1758 1725 promulgari.

630 1751 745 1822 De
807 1749 954 1846 hac
1024 1748 1577 1833 institutione,
1636 1748 1813 1821 dico
1883 1749 2087 1820 duo:

544 1867 847 1948 Primo,
896 1868 1101 1959 quod
1137 1871 1479 1959 propter
1508 1887 1687 1938 eam
1720 1887 1880 1937 non
1911 1869 2093 1939 erat

543 1983 1098 2062 necessarium
1143 1983 1631 2075 simpliciter
1659 1981 2088 2073 baptizari,

547 2097 754 2190 quod
794 2103 1017 2191 patet
1049 2100 1089 2169 J
1104 2118 1282 2169 oan.
1329 2100 1436 2171 15.
1481 2102 1560 2165 Si
1597 2121 1734 2164 non
1771 2101 2091 2165 venisse-m

545 2229 608 2285 et
655 2221 908 2286 locutus
938 2222 1034 2285 eis
1073 2241 1208 2285 non
1244 2220 1544 2306 fuissem,
1586 2229 1923 2304 peccatum
1957 2239 2094 2284 non

197 2329 327 2403 ἰρι
358 2325 512 2403 ante*
546 2337 885 2405 haberent.
987 2336 1103 2405 Ex
1215 2354 1371 2425 quo
1474 2332 1689 2406 dicto
1776 2332 2090 2424 accipio

216 2414 520 2550 piffissff'
550 2453 795 2527 istam
841 2450 1509 2543 propositionem,
1568 2449 1774 2541 quod
1823 2448 2094 2521 nullus

212 2554 315 2590 ”⁰¹¹
354 2542 493 2605 ¹¹3⁸*
547 2571 875 2641 tenetur
903 2567 999 2637 ad
1061 2565 1382 2656 aliquod
1434 2568 1931 2657 praeceptum
1988 2562 2094 2634 di·

540 2684 845 2764 vinum,
896 2683 1056 2756 nisi
1103 2702 1245 2775 per
1315 2682 1667 2774 aliquem
1718 2680 2092 2753 idoneum

545 2806 626 2874 et
666 2799 1224 2874 authenticum
1285 2797 1433 2870 sibi
1488 2795 2087 2890 promulgetur,

547 2917 674 2990 vel
744 2916 966 2989 fama
1032 2914 1389 2987 veridica
1446 2916 1525 2986 et
1616 2910 2090 2986 testimonio

546 3034 969 3112 bonorum,
1026 3030 1156 3105 cui
1197 3029 1426 3103 debet
1459 3027 1794 3121 quilibet
1845 3027 2093 3101 ratio-

546 3149 929 3225 nabiliter
958 3148 1328 3228 credere;
1393 3147 1470 3219 et
1514 3144 1665 3218 hoc
1720 3143 2090 3237 intelligo

541 3270 632 3341 de
672 3268 849 3360 lege
893 3264 1270 3359 positiva,
1316 3283 1490 3355 quae
1539 3281 1700 3333 non
1740 3268 1865 3336 est
1899 3268 2093 3337 nota

546 3381 890 3457 interius
960 3380 1041 3453 in
1106 3380 1372 3476 corde.
1445 3379 1626 3449 Non
1697 3397 1895 3468 ergo
1953 3398 2095 3469 per

545 3500 806 3574 solam
838 3500 1084 3572 istam
1136 3494 1742 3569 institutionem
1793 3514 2096 3587 praece-

541 3617 861 3690 dentem
895 3611 1643 3709 promulgationem
1681 3610 2096 3717 obligatur

544 3732 889 3826 populus
920 3730 1389 3805 necessario
1427 3729 1520 3800 ad
1553 3729 2091 3820 Baptismum,

544 3855 625 3923 et
687 3849 839 3922 hoc
889 3847 1241 3920 maxime
1281 3845 1374 3917 de
1423 3845 1582 3918 isto
1653 3849 2092 3937 praecepto,

550 3968 737 4062 quia
777 3973 957 4040 erat
990 3963 1551 4039 tantummodo
1603 3962 2091 4055 positivum;

548 4086 741 4158 illud
791 4086 1065 4156 autem
1116 4078 1560 4174 positivum
1631 4079 1837 4170 quod
1900 4099 2099 4170 prae-

549 4198 798 4276 cessit
828 4199 920 4271 de
945 4194 1611 4274 Circumcisione,
1640 4212 1799 4265 non
1830 4192 2099 4267 debuit

550 4317 831 4393 statim
871 4312 1200 4396 dimitti,
1236 4331 1336 4382 ex
1378 4331 1530 4404 quo
1565 4316 1881 4384 certum
1913 4308 2092 4391 fuit,

552 4433 756 4529 quod
804 4453 852 4505 a
879 4432 1048 4505 Deo
1091 4426 1359 4501 fuerat
1402 4426 1902 4509 institutum,
1941 4426 2098 4500 nisi

549 4547 799 4621 etiam
832 4544 1237 4619 certitudo
1280 4541 1513 4615 fieret
1574 4539 1768 4614 illud
1829 4562 2099 4615 secun-

550 4668 736 4739 dum
778 4663 1033 4736 fuisse
1082 4662 1359 4736 datum
1393 4679 1441 4730 a
1480 4660 1691 4740 Deo;
1747 4658 1918 4733 haec
1967 4680 2098 4732 au·

553 4789 715 4858 tem
764 4779 1160 4854 certitudo
1213 4777 1304 4850 de
1348 4775 1690 4849 secundo
1739 4796 1900 4848 non
1970 4797 2101 4869 po-

555 4902 768 4974 terat
829 4878 1113 4968 haberi
1197 4895 1367 4967 sine
1436 4892 2101 4986 promulgatione

556 5012 1054 5091 authentica.

336 5180 366 5228 5
641 5129 1001 5204 Secundo
1042 5126 1243 5207 dico,
1284 5125 1490 5217 quod
1540 5122 2132 5217 promulgatio-

221 5239 795 5351 P‘⁰{¹-‚¹<}¹¹0'⁸¹·huJus
892 5243 1400 5320 sacramenti
1478 5244 1803 5334 potera-t
1915 5240 2103 5331 poni

253 5362 506 5494 {ggfgfff‘i
557 5366 873 5458 duplex,
938 5381 1094 5434 una
1155 5380 1299 5453 per
1350 5359 1671 5431 modum
1730 5355 2096 5438 consilii;

225 5491 514 5545 consum-⁷⁸
560 5484 722 5557 alia
755 5500 902 5575 per
942 5478 1263 5552 modum
1306 5474 1719 5568 praecepti.
1768 5474 1938 5546 Hoc
1972 5493 2103 5543 au-

204 5566 536 5694 praeogp‘tiva.
564 5607 730 5677 tem
796 5598 950 5673 fuit
1020 5613 1500 5687 congruum,
1564 5590 1769 5683 quod
1837 5588 2105 5682 primo

3620 420 3736 484 343

2204 589 2877 681 promulgaretur
2916 608 3063 681 per
3112 586 3432 661 modum
3484 581 3751 659 consi-

2212 705 2322 787 lii,
2363 710 2704 797 propter
2733 705 2941 777 duo:
2998 704 3301 784 Primo,
3367 699 3553 793 quia
3622 699 3753 771 lex

2211 820 2725 911 Evangelica,
2756 840 2930 912 quae
2962 824 3087 893 est
3125 815 3747 910 perfectissima,

2208 956 2367 1008 non
2429 937 2699 1010 debuit
2742 936 3356 1028 praecipitanter
3413 932 3747 1025 imponi,

2208 1055 2340 1126 sed
2382 1054 2749 1126 homines
2798 1054 3059 1147 primo
3094 1053 3189 1123 ad
3227 1050 3453 1123 illam
3499 1048 3749 1132 allici,

2208 1172 2624 1245 cadentem
2699 1169 2953 1242 adhuc
3015 1170 3159 1241 sub
3225 1167 3597 1248 consili0‚
3666 1170 3754 1239 ut

2206 1293 2491 1383 postea
2530 1287 3012 1361 exercitatis
3046 1288 3322 1379 posset
3364 1284 3509 1355 sub
3552 1301 3757 1375 prae·

2204 1409 2439 1497 cepto
2492 1403 2826 1495 imponi.
2902 1401 3286 1482 Secundo,
3363 1399 3552 1492 quia
3623 1399 3752 1470 lex

2202 1526 2437 1594 vetus
2481 1540 2640 1592 non
2678 1523 2860 1592 erat
2895 1518 3133 1599 mala,
3181 1517 3388 1594 sicut
3429 1517 3551 1588 est
3593 1514 3751 1587 ido·

2207 1637 2567 1718 lolatria,
2621 1640 2701 1710 et
2752 1636 2926 1708 ideo
2967 1655 3127 1706 non
3167 1633 3437 1706 debuit
3483 1631 3748 1704 subito

2206 1754 2519 1848 repelli,
2569 1753 2646 1825 in
2679 1751 2830 1825 hoc
2863 1751 3072 1823 enim
3122 1747 3411 1821 fuisset
3480 1746 3748 1839 repul-

2204 1893 2294 1944 sa
2328 1871 2556 1965 quasi
2594 1870 2837 1942 mala.
2893 1869 3040 1943 Sed
3080 1867 3349 1939 debuit
3396 1869 3748 1957 Synago·
3801 1868 4071 1981 Sygggffia

2205 2009 2309 2082 ga
2348 2010 2531 2062 cum
2567 1988 2876 2059 honore
2917 1982 3271 2077 sepeliri,
3328 1988 3416 2056 ut
3489 1985 3748 2055 osten·
3826 1993 4045 2058 seponit-i

3885 2071 3999 2106 cum

3826 2118 4031 2168 honore.

2202 2105 2533 2175 deretur
2582 2098 2832 2174 fuisse
2902 2100 3110 2171 bona
3193 2117 3336 2190 pro
3380 2101 3751 2188 tempore

2208 2240 2382 2290 suo.
2458 2215 2883 2311 Impositio
2978 2217 3253 2287 autem
3349 2209 3752 2298 Baptismi

2210 2356 2354 2429 per·
2405 2334 2728 2406 modum
2815 2330 3255 2424 praecepti,
3326 2326 3752 2402 evacuatio

2204 2452 2358 2526 fuit
2399 2448 3092 2533 CircumcisioniS,
3154 2449 3445 2521 saltem
3507 2465 3753 2538 quan-

2205 2575 2378 2644 tum
2438 2569 2532 2640 ad
2593 2565 3193 2639 necessitatem.
3259 2561 3550 2636 Debuit
3619 2581 3748 2633 au-

2205 2688 2369 2757 tem
2403 2683 2831 2774 aliquando
2896 2680 3120 2773 sequi
3193 2677 3749 2772 promulgatio

2209 2820 2350 2893 per
2398 2801 2719 2871 modum
2787 2795 3200 2890 praecepti,
3257 2794 3445 2887 quia
3506 2792 3752 2865 aliter

2206 2937 2615 3011 nunquam
2658 2916 2992 2989 haberet
3034 2916 3161 2986 lex
3207 2913 3369 2986 ista
3407 2912 3756 2984 firmita-

2208 3045 2395 3119 tem,
2502 3036 2629 3108 vel
2742 3033 3342 3113 necessitatem,
3457 3030 3751 3104 saltem

2209 3160 2592 3249 quantum
2642 3152 2735 3224 ad
2769 3150 2960 3223 illud
3015 3151 3661 3252 Sacramentum.

2301 3277 2397 3346 Et
2449 3272 2889 3346 notandum
2960 3254 3481 3360 generaliter,
3543 3266 3749 3360 quod
3801 3277 4082 3331 consilium

2213 3389 2768 3488 promulgatio
2830 3386 3048 3459 facta
3103 3385 3193 3457 de
3236 3384 3578 3457 consilio
3646 3383 3754 3456 di-
3797 3347 4082 3472 ohnsssstad

3897 3486 3998 3520 non

2210 3511 2423 3592 vino,
2489 3505 2789 3596 obligat
2850 3504 3173 3575 ad·non
3242 3504 4103 3584 contemnen-contemnen-

2210 3628 2422 3699 dum.
2513 3622 2662 3706 Qui
2738 3619 2953 3693 enim
3045 3616 3475 3690 consilium
3572 3597 4091 3728 con-prsscffl’um

2211 3739 2555 3821 temnit,
2638 3734 3087 3809 contemnit
3165 3729 3748 3813 consulentem,
3813 3676 4078 3837 obsssffian-

2209 3859 2689 3950 inquantum
2748 3852 3331 3930 consulentem,
3413 3852 3495 3921 et
3581 3847 3753 3919 ideo
3872 3836 4007 3900 dum.

2208 3975 2492 4048 nolens
2536 3989 2871 4044 servare
2910 3966 3342 4042 consilium
3396 3964 3754 4038 divinum

2214 4088 2847 4181 Evangelicum,
2928 4083 3159 4177 quasi
3235 4087 3757 4157 contemnens

2213 4207 2405 4280 illud
2507 4208 2895 4295 tanquam
3020 4196 3589 4272 irrationabile
3680 4198 3761 4269 et

2214 4322 2836 4399 infructuosum,
2922 4310 3757 4410 peccat'lmortaliter.

2211 4439 2432 4510 Unde
2483 4438 2801 4510 videant
2891 4423 3350 4505 mordentes
3420 4448 3762 4523 pauper-

2217 4560 2472 4629 tatem
2514 4549 3233 4642 Evangelicam,ne
3276 4547 3486 4619 forte
3530 4549 3760 4633 (cum

2214 4672 2477 4745 nolint
2554 4688 2914 4749 servare,
2989 4665 3176 4763 quia
3243 4683 3402 4735 non
3443 4667 3571 4736 est
3628 4681 3755 4733 ne-

2216 4787 2712 4874 cessarium)
2743 4786 3290 4863 contemnant,
3330 4781 3518 4872 quia
3550 4778 3757 4852 tales

2215 4905 2820 4981 contemnentes
2862 4901 2988 4973 vel
3060 4899 3753 4993 parvipendentes,

2215 5025 2741 5097 contemnunt
2819 5018 3280 5092 Christum,
3354 5015 3487 5107 qui
3553 5014 3760 5087 hanc

2218 5140 2479 5213 suasit
2537 5135 2959 5210 observari
3002 5139 3388 5226 tanquam
3436 5132 3764 5205 merito-

2218 5255 2424 5328 riam
2461 5259 2542 5327 et
2574 5253 2856 5326 utilem
2893 5251 2983 5323 ad
3047 5251 3300 5322 vitam
3336 5254 3760 5326 aeternam,

2222 5378 2306 5445 nt
2367 5371 2713 5443 habetur
2771 5373 2843 5436 in
2899 5370 2965 5440 6.
3040 5370 3153 5435 lib.
3206 5369 3289 5434 de
3334 5367 3512 5434 verb.
3581 5367 3758 5451 siqu.

2222 5483 2784 5576 Promulgatio
2879 5486 3152 5555 autem
3224 5502 3365 5575 per
3440 5480 3759 5551 modum
3858 5484 3859 5487 ’

2222 5605 2606 5697 praecepti
2677 5600 2981 5693 obligat
3050 5619 3210 5671 non
3323 5596 3585 5669 solum
3663 5595 3758 5666 ad
