4287 6313
1606 432 1802 493 Dts'r.
1860 432 1961 491 vt.
2018 429 2379 506 QUAEsTlo
2412 433 2487 492 X.

87 602 238 654 Unde
256 603 409 654 babet
443 608 641 672 ctum,
676 604 817 665 sine
851 618 981 680 quo
1013 603 1244 680 nequit
1292 616 1439 662 esse
1472 615 1551 660 ex
1597 595 1982 675 dependen-

112 668 293 719 relatio
319 675 375 718 ut

111 732 179 781 sit
206 732 381 782 eadem

101 794 393 844 fundamen-

209 863 262 907 to
278 858 298 906 t

171 921 349 990 Status

109 979 164 1031 in
195 982 393 1032 relatio-

162 1045 330 1095 nibus·

445 722 528 780 tia
556 717 1036 781 fundamentali
1074 717 1160 780 ad
1207 717 1555 779 terminum
1606 729 1754 775 esse
1797 728 1980 774 eum·

444 832 597 896 dem
653 833 776 897 sibi
841 835 1128 908 realiter,
1197 837 1268 894 ut
1349 836 1451 893 est
1528 834 1845 892 creaturae
1899 826 1983 888 ad

441 951 675 1022 Deum,
711 950 907 1013 totius
939 967 1055 1030 per
1096 965 1169 1010 se
1220 949 1305 1009 ad
1355 951 1597 1025 partes.
1651 943 1985 1006 relationis

442 1065 527 1128 ad
609 1066 1020 1145 subjectum,
1109 1062 1554 1127 cot-relationis
1631 1060 1716 1122 ad
1796 1060 1983 1120 aliam

446 1181 947 1243 correlationem
1004 1183 1272 1258 propter
1336 1177 1761 1241 simultatem.
1837 1174 1987 1235 Pro-

443 1296 746 1360 cedendo
794 1313 956 1377 ergo
1013 1295 1382 1358 secundum
1448 1292 1754 1356 eumdem
1809 1289 1982 1353 ordi-

442 1429 596 1475 nem
654 1414 960 1493 ejusdem
1008 1411 1344 1473 relationis
1394 1411 1458 1472 in
1506 1410 1754 1487 specie,
1809 1405 1987 1469 verbi

447 1531 678 1611 gratia,
728 1529 1170 1594 similitudinis
1219 1527 1305 1589 ad
1348 1527 1796 1590 correlativam
1839 1524 1984 1597 sibi,

444 1665 573 1710 non
607 1647 1032 1727 distinguitur
1078 1648 1340 1709 realiter
1383 1647 1464 1707 ab
1510 1646 1685 1720 ipsa;
1733 1646 1786 1704 si
1829 1657 1989 1704 vero

445 1769 543 1825 est
600 1762 685 1824 ad
752 1763 941 1824 aliam
1002 1760 1519 1833 similitudinem,
1579 1776 1614 1820 a
1672 1775 1800 1837 qua
1861 1739 2005 1818 non

445 1878 785 1957 dependet
856 1876 1228 1939 secundum
1304 1877 1474 1938 hanc
1562 1875 1990 1944 simultatem,

444 1999 544 2058 est
575 1995 830 2056 diversa
860 1994 1144 2065 realiter,
1201 1998 1268 2055 et
1313 1997 1518 2054 status
1561 1997 1664 2054 est
1706 1992 1766 2054 in
1804 1991 1992 2052 tertia

444 2111 863 2173 similitudine
898 2126 978 2171 ex
1021 2112 1272 2171 ratione
1317 2108 1671 2187 praemissa.

525 2236 599 2298 Et
644 2236 697 2296 si
750 2234 1004 2296 dicatur
1048 2235 1250 2314 gratis
1314 2236 1439 2295 hoc
1508 2232 1659 2306 dici,
1715 2250 1989 2311 respon·

451 2350 685 2413 deatur
727 2367 809 2412 ex
854 2368 984 2430 quo
1030 2352 1244 2428 capite
1290 2351 1506 2430 colligi
1547 2354 1752 2430 possit
1800 2351 1989 2413 iden-

453 2463 598 2527 titas
639 2472 985 2544 respectus
1029 2466 1222 2529 realis
1264 2469 1349 2530 ad
1381 2484 1573 2529 suum
1610 2466 1995 2528 fundamen·

451 2586 614 2651 tum.
647 2582 771 2645 nisi
817 2598 900 2645 ex
937 2579 1049 2644 illo
1092 2582 1409 2660 principio
1447 2583 1591 2661 Jam
1635 2584 1994 2660 praemiss0,

447 2714 691 2776 nempe
729 2700 980 2760 ratione
1037 2698 1524 2777 dependentiae‚
1571 2716 1721 2761 nam
1765 2699 1818 2759 si
1860 2700 1997 2760 baec

450 2813 900 2892 dependentia
936 2832 1018 2877 ex
1069 2817 1395 2878 sententia
1443 2816 1715 2877 aliorum
1762 2817 2002 2893 probat

450 2931 864 2994 identitatem
916 2934 1362 3007 essentialem,
1398 2950 1435 2994 a
1464 2932 1713 2994 fortiori
1765 2934 1997 3011 probat

448 3047 860 3110 identitatem
922 3052 1193 3112 realem.
1256 3052 1437 3112 Ratio
1518 3055 1738 3110 autem
1802 3065 2001 3127 quam

445 3163 736 3241 assignat
802 3165 906 3226 hic
977 3166 1241 3240 Doctor,
1316 3172 1418 3229 est
1488 3166 1573 3227 ad
1643 3167 1993 3239 hominem,

449 3279 897 3356 retorquendo
984 3286 1453 3360 argumentum
1519 3299 1600 3344 ex
1673 3283 2006 3343 communi

453 3398 804 3470 sententia,
842 3403 907 3458 et
936 3398 1304 3460 secundum
1355 3400 1724 3478 paritatem,
1773 3403 1846 3460 ut
1895 3416 2001 3461 os-

460 3512 666 3575 tendit
742 3517 1282 3594 consequentiam
1358 3515 1532 3576 illam
1590 3531 1724 3577 non
1786 3517 2004 3577 exclu-

463 3628 661 3704 dere;
706 3632 1099 3710 principium
1130 3638 1354 3694 autem
1400 3649 1482 3694 ex
1527 3650 1658 3710 quo
1692 3633 2008 3709 sequitur,

468 3752 567 3809 est
612 3764 733 3825 per
772 3764 845 3809 se
890 3752 1138 3821 notum,
1190 3764 1433 3825 nempe
1480 3750 1545 3811 in
1572 3746 2015 3825 dependentia

469 3880 588 3941 per
629 3879 702 3925 se
758 3879 892 3925 non
942 3862 1076 3925 dari
1126 3880 1537 3942 processum.

249 4003 325 4054 to.
403 4065 412 4076 .
555 3978 647 4060 (b)
698 3982 911 4041 Tertia
967 3984 1163 4043 etiam
1232 3982 1402 4041 ratio
1446 3997 1569 4042 non
1624 3981 1815 4054 valet,
1888 3984 2017 4041 etc.

119 4068 448 4178 Imfflrgupguo
484 4097 623 4159 Haec
679 4097 843 4158 ratio
903 4101 1026 4169 est,
1075 4095 1256 4174 quod
1324 4098 1551 4159 relatio
1612 4113 1735 4159 non
1804 4102 2023 4174 potest

168 4191 403 4245 rationis.

483 4229 628 4275 esse
698 4216 989 4290 potestas
1059 4216 1268 4275 activa
1325 4213 1428 4274 vel
1486 4216 1764 4292 passiva,
1836 4214 2021 4293 quus

481 4330 881 4393 contrarium
967 4330 1282 4405 competit
1369 4330 1780 4402 characteri;
1863 4346 2020 4409 ergo

481 4464 611 4509 non
669 4451 771 4507 est
824 4445 1080 4519 relati0,
1150 4450 1277 4506 etc.
1344 4445 1727 4523 Respondet
1786 4447 2026 4508 Doctor

477 4562 646 4623 hanc
688 4563 1011 4624 rationem
1065 4564 1475 4641 aequivocare
1525 4562 1628 4622 vel
1686 4564 2024 4623 continere

481 4680 999 4757 propositionem
1077 4678 1375 4746 falsam:
1463 4679 1867 4757 aequivocat,
1972 4679 2030 4738 si

477 4803 695 4858 sumat
751 4800 1147 4873 potestatem
1222 4813 1398 4857 nunc
1478 4799 1541 4857 in
1617 4811 1815 4858 sensu
1881 4811 2028 4857 mo-

477 4916 623 4988 rali,
672 4931 847 4977 nunc
891 4916 954 4977 in
999 4930 1202 4977 sensu
1264 4913 1562 4994 physico,
1625 4916 1804 4977 verbi
1876 4931 2023 4994 gra-

484 5031 607 5106 tia,
694 5031 758 5092 in
862 5030 1114 5109 majore
1214 5028 1534 5091 sumendo
1632 5035 2034 5107 potestatem

484 5164 601 5226 pro
678 5148 996 5225 principio
1073 5146 1317 5226 agendi
1401 5147 1695 5226 pliysicO,
1772 5153 1846 5210 ut
1917 5165 2030 5226 ap·

487 5264 687 5341 pellat
737 5266 1164 5336 relationem;
1238 5264 1304 5324 in
1382 5264 1613 5324 minori
1689 5269 1761 5325 ut
1828 5263 2037 5326 deter-

491 5384 693 5444 minat
752 5382 1199 5444 characterem
1265 5383 1329 5441 in
1383 5396 1587 5441 sensu
1665 5380 1916 5442 morali.
1980 5383 2042 5444 Si
2153 5376 2612 5457 character,
2694 5398 2872 5449 cum
2955 5377 3060 5449 sit
3140 5376 3405 5451 forma
3477 5382 3708 5473 prior
3804 5429 3809 5432 -

3543 430 3661 491 625

2100 592 2439 665 moralem,
2503 587 2643 671 qusse
2699 593 3069 657 secundum
3119 598 3276 672 quid
3333 604 3432 657 cst
3478 595 3642 655 talia.

2098 711 2301 772 Minor
2331 718 2430 772 est
2485 710 2670 786 falsa,
2723 720 2796 775 ut
2826 711 3174 775 manifeste
3225 717 3404 791 patet
3451 713 3518 773 in
3549 713 3642 773 lit·
3696 720 3972 771 Chai-aeter

2100 836 2272 899 tera;
2326 827 2573 890 nullum
2627 831 2805 890 enim
2854 835 3072 892 actum
3120 834 3341 908 potest
3371 830 3641 909 physice
3725 789 3946 908 ἒᾶἓεῗῖξ

3721 910 3948 974 physica.

2097 956 2410 1003 exercere
2470 945 2699 1018 active,
2766 952 2876 1006 aut
2921 945 3177 1022 passive
3240 946 3394 1024 quin
3455 961 3640 1006 eum-

2098 1057 2250 1120 dem
2295 1063 2501 1136 possit
2547 1075 2675 1121 non
2723 1061 3086 1140 baptizatus
3119 1078 3432 1125 exercere
3477 1063 3642 1143 phy-

2095 1178 2256 1249 sice,
2305 1180 2376 1237 ut
2418 1182 2598 1253 patet
2655 1179 2995 1255 exemplis,
3054 1197 3198 1259 quae
3242 1179 3537 1242 adducit.
3587 1180 3646 1240 Si

2098 1293 2320 1351 autem
2364 1291 2671 1369 loquatur
2728 1293 2811 1355 de
2871 1299 3197 1372 potestate
3246 1296 3645 1358 ministeriali

2099 1411 2169 1467 et
2210 1388 2464 1481 morali,
2518 1411 2731 1489 major
2780 1417 2881 1473 est
2926 1411 3112 1485 falsa,
3161 1417 3233 1474 ut
3284 1414 3457 1476 clare
3505 1431 3652 1491 pro-

2098 1521 2293 1583 batur
2337 1539 2420 1584 ex
2467 1529 2666 1599 textu,
2716 1526 3022 1590 instando
3071 1529 3154 1590 ad
3201 1529 3537 1592 hominem
3597 1530 3661 1589 in

2101 1637 2331 1700 ordine
2369 1641 2821 1719 EpiscopatUS,
2868 1646 2979 1721 qui
3024 1660 3154 1706 non
3210 1652 3311 1707 est
3366 1646 3664 1708 diversus

2104 1771 2140 1815 a
2197 1754 2688 1835 presbyteratu,
2756 1774 2840 1821 ex
2883 1761 3194 1836 opinione
3266 1763 3342 1822 D.
3399 1763 3666 1824 Thomae

2101 1874 2172 1934 in
2212 1871 2272 1934 4.
2307 1875 2369 1934 d.
2405 1874 2503 1934 24.
2541 1892 2604 1934 α.
2639 1875 2695 1934 3.
2733 1892 2793 1950 q.
2829 1877 2926 1936 22.
2965 1879 3124 1937 ltem
3175 1876 3379 1938 instat
3436 1877 3519 1939 de
3552 1896 3666 1955 po·

2110 1993 2343 2051 testate
2380 1989 2647 2069 judiciS,
2699 1989 2833 2065 filii,
2871 1996 3159 2069 nepotis,
3196 1993 3261 2055 in
3304 1994 3536 2056 ordine
3580 1994 3665 2056 ad

2108 2112 2289 2168 actus
2349 2111 2830 2184 competenteS,
2900 2124 2975 2169 ac
3042 2109 3305 2171 tandem
3376 2109 3668 2173 declarat

2107 2224 2516 2303 propositum
2557 2227 2624 2286 in
2669 2225 3053 2287 charactere
3102 2227 3580 2289 sacramentali.

2686 2450 3089 2506 SCHOLIUM.

2182 2678 2412 2748 Rejicit
2463 2682 2750 2748 quartam
2802 2681 3103 2736 rationem
3159 2682 3223 2734 D.
3274 2679 3486 2735 Thom.
3523 2681 3676 2750 quia

2108 2775 2377 2832 destruit
2410 2778 2706 2846 primam,
2741 2782 2800 2833 et
2830 2779 3108 2845 resolvit,
3137 2794 3255 2834 non
3295 2779 3678 2835 obstantibus

2109 2873 2460 2930 rationibus
2493 2876 2722 2943 allatiS,
2756 2891 2936 2947 posse
2968 2876 3218 2932 defendi
3253 2877 3675 2934 characterem

2109 2991 2244 3032 esse
2318 2976 2691 3031 relationem
2767 2977 3158 3031 extrinsecus
3217 2975 3676 3032 advenientem.

2114 3076 2307 3128 Favet
2335 3071 2500 3127 Trid.
2540 3087 2617 3128 ss,
2653 3075 2712 3128 7.
2745 3089 2879 3137 can,
2911 3075 2961 3127 9.
2992 3073 3206 3130 dicens
3235 3081 3366 3130 esse
3400 3076 3672 3144 signum.

2114 3173 2194 3225 Dc
2250 3169 2617 3240 hujusmodi
2677 3172 3088 3229 relationibus
3146 3174 3275 3241 agit
3303 3174 3357 3229 3.
3418 3173 3560 3230 dist.
3621 3175 3671 3228 1.

2114 3273 2330 3340 quaest.
2360 3272 2410 3325 1.
2444 3274 2504 3326 et
2536 3270 2680 3326 intr.
2709 3269 2765 3327 d.
2813 3271 2896 3326 13.
2926 3275 3139 3342 quaest.
3181 3273 3230 3327 1.

2216 3508 2524 3587 Quarta
2598 3507 2697 3596 (c)
2774 3526 2972 3578 vero
3044 3506 3261 3579 ratio
3312 3506 3662 3580 destruit

2129 3621 2505 3712 primam.
2580 3622 2661 3696 Si
2709 3623 2922 3696 enim
2968 3623 3547 3696 universaliter
3587 3623 3667 3695 in

2130 3738 2316 3811 aliis
2388 3739 2940 3813 sacramentis
3008 3746 3492 3815 causaretur
3557 3762 3671 3814 re·

2130 3855 2330 3927 latio
2402 3877 2612 3929 nova
2653 3857 2746 3927 ad
2789 3858 3190 3929 actionem
3243 3858 3367 3929 vel
3423 3857 3673 3950 passi·

2133 3988 2366 4045 onem
2413 3974 2944 4056 sacramenti,
3010 3978 3090 4048 et
3159 3995 3317 4046 non
3387 3974 3675 4047 chara-

2114 4096 2331 4170 cter,
2415 4109 2614 4181 ergo
2691 4095 2816 4163 est
2896 4090 3001 4162 ibi
3082 4091 3376 4165 relatio
3465 4114 3675 4165 nova

2134 4207 2303 4279 sive
2372 4206 2777 4279 absolutio
2850 4206 3120 4297 aliquo
3210 4228 3447 4291 nom,
3522 4211 3680 4283 nisi

2133 4323 2393 4415 fingas
2492 4322 2568 4392 in
2647 4322 2999 4415 quolibet
3068 4323 3230 4396 alio
3282 4324 3470 4414 poni
3539 4326 3684 4397 ali-

2136 4442 2340 4534 quod

2135 4560 2627 4641 characteri,
2666 4561 2946 4651 utpote
3000 4565 3377 4633 ornatum
3416 4554 3687 4653 q‘uem-

2135 4677 2345 4750 dam.
2384 4676 2529 4749 Sed
2572 4675 2639 4746 si
2683 4676 2816 4748 ille
2868 4661 3209 4751 ornatus
3257 4684 3380 4752 est
3421 4677 3688 4752 forma

2140 4793 2821 4885 supernaturaliS,
2864 4795 3023 4868 erit
3087 4796 3552 4881 indelebiliS,
3598 4821 3692 4871 eo

2147 4911 2375 4981 modo
2451 4930 2605 5001 quo
2682 4909 3126 4985 character
3200 4916 3323 4988 est
3406 4914 3697 4988 indele-

2143 5026 2356 5110 bilis,
2404 5027 2593 5118 quia
2625 5047 2784 5099 non
2823 5026 3128 5119 poterit
3180 5028 3478 5104 habere
3521 5052 3700 5105 cau-

2149 5162 2326 5214 sam
2379 5141 3024 5218 demeritoriam.
3083 5148 3182 5218 Et
3235 5150 3426 5220 tunc
3496 5148 3703 5221 vide-

2151 5264 2289 5333 tur
2347 5259 2597 5342 fictio,
2673 5281 2925 5352 quare
2992 5280 3150 5333 non
3222 5265 3478 5355 possit
3549 5267 3702 5339 dici

492 5502 711 5560 autem
771 5499 1043 5578 physice
1106 5501 1330 5558 sumat
1405 5499 1833 5574 potestatem.
1905 5516 2047 5576 quae
2160 5494 2335 5586 ipso
2405 5492 2691 5564 effectu
2752 5490 3180 5586 principali
3235 5499 3717 5571 Sacramen-,

502 5614 737 5678 dicitur
792 5615 1177 5695 simpliciter
1219 5618 1515 5691 potestas
1562 5616 1932 5693 respective
1966 5617 2050 5679 ad
2161 5610 2248 5694 ti,

687 5731 832 5781 Tun.
863 5728 1002 5781 XVI.

2338 5614 2417 5684 et
2507 5610 2773 5682 forma
2873 5609 3359 5695 indelebilis,
3452 5635 3705 5705 quare

3516 5739 3580 5789 40

2463 4439 2924 4512 absolutum
3039 4444 3685 4535 correspondens
3715 4456 4034 4568 ffiffiffimgi

3832 4584 3931 4630 erit

3741 4645 4007 4693 character
4019 4682 4031 4694 .
