4287 6313
648 410 765 473 652

653 574 1107 664 congelata,
1147 578 1214 651 si
1251 585 1521 654 manet
1571 601 1804 674 aqua,
1857 584 1987 656 vel
2017 605 2203 675 qua-

649 687 1190 786 litercumque
1251 696 1507 771 mixta
1560 719 1703 791 per
1748 699 2204 792 juxtaposi-

646 804 959 880 tionem
1032 830 1479 905 corporum
1549 835 2060 907 grossorum,
2117 821 2203 889 ut

650 942 811 994 non
882 927 1141 1016 possit
1210 929 1562 1003 abluere.
1626 935 1831 1000 Facta
1888 936 1971 1001 ab
2036 937 2200 1014 alia,

648 1043 873 1131 patet
902 1045 1273 1115 (listina-tie.
1316 1048 1380 1119 6.
1423 1053 1695 1136 qucestio
1734 1052 1798 1121 4.
1840 1053 1940 1124 Et
1975 1050 2200 1121 Simi-

644 1155 839 1228 liter
930 1158 1075 1231 illa
1163 1182 1336 1253 quae
1436 1169 1911 1255 sequuntur,
1984 1170 2206 1235 Simul

647 1275 950 1341 abluente
1014 1290 1074 1344 et
1127 1283 1534 1366 proferente,
1601 1285 1752 1353 eto.
1827 1284 2042 1370 patet
2099 1287 2201 1351 cli·

646 1391 868 1456 stinct.
914 1390 980 1461 6.
1026 1407 1250 1479 qua’st.
1298 1396 1367 1464 3.
1406 1395 1624 1477 Quod
1668 1397 1956 1470 ultimo
1991 1397 2203 1470 addi-

652 1506 790 1574 tur
836 1530 848 1573 :
914 1510 1196 1576 Habente
1254 1512 1714 1593 intentionem,
1759 1516 1910 1586 etc.
1979 1517 2200 1605 patet

653 1624 1020 1691 distinctio.
1064 1624 1130 1695 6.
1177 1640 1401 1713 quaest,
1436 1630 1502 1700 5.
1541 1643 1600 1695 et
1630 1628 1695 1699 6.

427 1738 474 1787 ⁰·
742 1739 842 1810 Et
904 1739 1018 1812 sic
1074 1738 1461 1813 habemus
1522 1748 1689 1816 tam
1760 1745 2200 1838 suscipien-

649 1855 812 1925 tem
849 1874 1083 1946 quam
1138 1856 1637 1930 conditiones
1690 1862 2198 1935 necessarias

651 1970 730 2042 in
783 1971 1301 2063 suscipiente,
1343 1974 1527 2066 quia
1573 1976 1982 2051 hominem
2036 1980 2199 2052 via-

646 2090 910 2158 torem
981 2087 1450 2180 aliqualiter
1526 2094 2193 2169 consentientem.

648 2200 1054 2275 Habemus
1123 2206 1703 2290 conferentem,
1783 2214 1864 2284 et
1932 2213 2199 2285 condi-

644 2319 908 2392 tiones
972 2324 1483 2397 necessarias
1553 2347 1651 2398 cx
1713 2332 1949 2420 parte
1992 2329 2193 2420 ejuS‚

645 2436 958 2511 scilicet
1010 2442 1213 2531 quod
1258 2440 1364 2515 sit
1410 2443 1764 2523 abluens,
1822 2450 1902 2519 et
1952 2447 2200 2519 verba

643 2550 1095 2645 proferens,
1177 2562 1257 2630 et
1324 2557 1474 2631 hoc
1538 2558 1779 2631 simul
1857 2567 1937 2634 et
1987 2562 2198 2636 debi-

642 2674 723 2741 te
770 2670 1211 2745 intendens.
1259 2676 1666 2748 Habemus
1732 2679 2192 2760 materiam,

646 2787 834 2878 quia
866 2793 991 2863 est
1031 2789 1338 2864 ablutio
1383 2791 1463 2862 in
1512 2812 1720 2884 aqua
1764 2794 2196 2869 elementa-

646 2905 742 2977 ri.
792 2906 1200 2979 Habemus
1269 2905 1650 2992 formam,
1720 2911 1909 3002 quia
1949 2913 2198 2985 verba

644 3027 877 3097 certa
932 3024 1477 3116 exprimentia
1536 3030 1836 3110 actum,
1915 3034 1996 3103 et
2074 3050 2194 3101 su-

643 3141 1123 3235 scipientem
1193 3165 1377 3216 eum
1448 3144 1963 3219 invocatione
2027 3145 2194 3219 Tri·

639 3259 949 3332 nitatis.
1006 3261 1413 3332 Habemus
1467 3261 1540 3333 id
1592 3262 1797 3353 quod
1844 3265 2196 3354 pertinet

640 3377 737 3448 ad
800 3377 1196 3449 rationem
1270 3375 1703 3449 formalem
1760 3379 2188 3471 Baptismi‚

638 3492 975 3574 scilicet,
1015 3493 1201 3584 quia
1233 3514 1331 3564 ex
1366 3493 1881 3568 institutione
1927 3497 2196 3570 divina

633 3608 1082 3682 efficaciter
1143 3610 1501 3700 signans,
1552 3610 1945 3684 Habemus
2017 3634 2193 3686 cor-

641 3720 1102 3802 relativum,
1141 3722 1329 3814 quia
1370 3723 1864 3798 ablutionem
1900 3729 2191 3800 animae

636 3858 683 3907 a
721 3841 1077 3928 peccato.

730 3952 812 4028 Si
894 3957 1168 4027 autem
1241 3960 1598 4046 ponatur
1676 3957 2184 4041 relationem,

638 4090 879 4166 quam
968 4070 1367 4163 importat
1450 4072 1945 4166 BaptismuS,
2028 4096 2188 4148 non

634 4188 954 4262 fundari
1000 4186 1079 4259 in
1139 4188 1577 4272 ablutione,
1623 4194 1711 4264 ut
1772 4191 1851 4262 in
1914 4191 2190 4264 funda-

640 4309 911 4378 mento
952 4304 1217 4387 totali,
1284 4307 1414 4378 sed
1472 4307 1553 4378 in
1609 4306 2021 4381 ablutione
2106 4313 2189 4382 et

636 4421 903 4494 verbis
938 4426 1324 4513 tanquam
1364 4422 1442 4494 in
1476 4444 1633 4495 uno
1668 4423 2187 4498 fundamento

638 4539 1021 4612 instituto
1100 4539 1195 4612 ad
1275 4540 1750 4630 signandum
1812 4541 2187 4615 effectum

639 4679 911 4740 unum,
961 4663 1151 4732 tunc
1209 4661 1477 4750 potest
1536 4660 1719 4751 poni
1781 4662 1994 4734 ratio
2045 4664 2187 4734 Ba-

639 4775 916 4868 ptismi
980 4775 1171 4848 talis
1234 4776 1640 4868 completa
1721 4804 1734 4847 :
1810 4783 2189 4866 Baptismus

638 4908 731 4962 est
816 4898 1320 4962 Sacramentum
1404 4898 1766 4964 ablutionis
1838 4901 2082 4965 animce
2148 4923 2189 4966 a

629 5025 918 5099 peccate,
966 5014 1325 5079 consistens
1382 5016 1457 5079 in
1499 5015 1834 5081 ablutione
1898 5018 2189 5082 hominis

637 5132 919 5195 viatoris
951 5131 1346 5216 aliqualiter
1375 5134 1863 5212 consentientia,
1900 5133 2004 5199 vel
2038 5133 2188 5198 libe-

630 5266 707 5309 ro
746 5244 1032 5310 arbitrio
1088 5266 1427 5331 nunquam
1473 5249 1595 5325 usi,
1655 5249 1841 5331 saeta
1894 5251 1961 5313 in
2016 5270 2189 5335 aqua

633 5362 1027 5426 elementari
1065 5361 1308 5442 fluida,
1366 5383 1510 5428 cum
1540 5364 1925 5448 prolatione
1972 5366 2190 5430 verbo·

634 5498 811 5557 rum,
847 5487 1061 5542 actum
1099 5489 1159 5543 et
1187 5480 1678 5562 suscipientem,
1718 5491 1778 5545 et
1808 5482 2188 5546 ministrum

638 5614 786 5660 cum
824 5593 1245 5660 invocatione
1302 5593 1655 5660 Trinitatis
1693 5595 2189 5684 desiqnantium

334 4589 571 4642 Definitio

331 4655 551 4705 secunda

312 4719 383 4768 Ba
390 4717 554 4782 ptismi
565 4757 576 4770 .

1794 422 1939 483 Llss.
1970 421 2071 484 IV.
2119 422 2712 525 SENTENTIARUM

2317 588 2399 654 ab
2428 590 2566 655 alio
2595 591 2798 656 simul
2826 591 3153 674 abluente,
3199 607 3260 661 et
3299 595 3495 661 verba
3544 597 3674 660 ista
3708 614 3865 680 pro·

2314 708 2572 791 ferente
2628 721 2688 773 et
2755 711 3139 778 intendente
3173 715 3398 798 faeere
3456 712 3630 799 quod
3696 711 3866 795 facit

2317 823 2612 892 Ecclesia
2657 828 3068 896 Christiana.

2409 943 2508 1013 Et
2569 945 2759 1014 tunc
2799 942 3074 1015 eadem
3124 948 3248 1017 est
3312 943 3415 1015 ibi
3458 943 3863 1035 expositio

2320 1055 2916 1149 particularum
2977 1059 3214 1134 istius
3268 1060 3639 1143 rationiS,
3687 1082 3864 1153 quae

2316 1173 2471 1249 fuit
2556 1179 2636 1248 et
2698 1176 3028 1269 prioris,
3087 1178 3244 1250 nisi
3299 1179 3503 1271 quod
3567 1178 3648 1250 in
3704 1178 3865 1252 ista

2317 1292 2652 1384 ponitur
2686 1295 2951 1386 primo
2994 1294 3212 1377 illud,
3268 1297 3473 1387 quod
3509 1296 3862 1388 pertinet

2316 1409 2410 1479 ad
2466 1405 2899 1481 formalem
2962 1409 3364 1484 rationem
3433 1410 3858 1503 Baptismi‚

2316 1544 2496 1596 oum
2537 1523 2835 1598 dicitur
2892 1529 3415 1609 Sacramentum,
3470 1529 3547 1599 et
3591 1547 3862 1600 corre·

2315 1638 2657 1713 lativum
2697 1639 2896 1733 ejuS‚
2933 1662 3114 1714 cum
3146 1642 3446 1715 dicitur
3476 1646 3857 1725 ablutionis,

2314 1759 2393 1828 et
2464 1759 2746 1847 postea
2818 1756 2982 1839 illa,
3065 1778 3236 1849 quae
3289 1759 3699 1850 pertinent
3765 1761 3862 1833 ad

2314 1872 2947 1956 fundamentum,
3026 1894 3207 1947 cum
3283 1875 3583 1949 dicitur
3650 1882 3863 1945 consi-

2309 2004 2506 2064 stens,
2550 1994 2701 2064 etc.
2759 2010 2903 2062 nec
2969 1994 3092 2064 est
3152 1992 3632 2075 differentia,
3701 1995 3861 2068 nisi

2313 2105 2500 2197 quia
2541 2126 2700 2177 non
2745 2107 3077 2197 ponitur
3110 2110 3362 2182 totale
3402 2108 3861 2184 fundamen-

2312 2228 2485 2298 tum
2528 2223 2768 2295 istius
2824 2225 3249 2299 relationis
3293 2232 3640 2321 utroque
3691 2251 3861 2302 mo-

2309 2342 2405 2413 do
2448 2341 2677 2414 idern.

2399 2459 2763 2552 Utroque
2798 2466 3069 2534 tamen
3119 2464 3351 2534 modo
3401 2463 3605 2535 idem
3640 2463 3859 2555 prin-

2310 2575 2688 2669 cipaliter
2730 2577 3252 2670 importatur,
3292 2578 3478 2671 quia
3514 2579 3682 2651 sive
3716 2600 3861 2672 per

2312 2694 2572 2765 solam
2618 2693 3135 2777 ablutionem,
3193 2694 3361 2767 sive
3405 2716 3548 2788 per
3592 2695 3854 2775 ambo,

2312 2811 2623 2885 scilicet
2665 2811 3162 2886 ablutionem
3204 2817 3283 2885 et
3330 2812 3603 2894 verba,
3672 2818 3858 2885 sunt

2310 2931 2582 3001 tamen
2651 2928 2884 2999 ambo
2949 2950 3194 3001 unum
3274 2929 3596 3022 signum
3657 2929 3857 3004 inte-

2311 3065 2549 3137 grum
2585 3044 3049 3119 institutum
3098 3048 3411 3139 quidem
3458 3047 3859 3140 principa-

2313 3164 2503 3237 liter
2550 3166 2646 3236 ad
2689 3164 3165 3254 signandum
3236 3164 3690 3259 principale
3759 3164 3860 3238 si-

2310 3285 2647 3372 gnatum
2729 3280 2966 3353 istius
3045 3281 3280 3373 signi,
3364 3280 3674 3355 scilicet
3770 3287 3860 3355 ut

2310 3396 2690 3471 abluatur
2730 3397 3001 3469 anima
3054 3417 3101 3469 a
3143 3399 3500 3489 peccato,
3563 3401 3643 3469 et
3706 3395 3858 3469 hoc

2308 3533 2354 3585 a
2392 3515 2560 3587 Deo
2592 3513 2813 3585 trino
2847 3518 2928 3588 et
2962 3534 3144 3597 unc,
3200 3514 3278 3586 in
3328 3513 3558 3606 cujus
3607 3513 3862 3585 nomi-

2307 3652 2404 3702 ne
2464 3629 3001 3722 baptizamur,
3065 3629 3192 3702 cui
3260 3632 3382 3702 est
3442 3629 3709 3720 gloria
3777 3629 3859 3700 in

2309 3747 2607 3820 saecula
2649 3746 3161 3819 saeculorum.
3210 3750 3487 3818 Amen.

2751 4047 3390 4111 COMMENTARIUS.

2381 4305 2466 4386 (c)
2497 4307 2651 4368 Dico
2691 4320 2842 4381 erqo
2896 4305 2984 4365 ad
3026 4303 3454 4379 quaestionem‚
3506 4305 3633 4363 etc.
3680 4302 3858 4365 Con·
4015 4336 4065 4382 3,

2303 4425 2506 4486 clusio
2542 4432 2606 4486 et
2631 4423 2958 4484 sententia
3019 4421 3311 4483 Doctoris
3364 4423 3464 4482 est
3514 4420 3854 4482 characte-
3903 4394 4168 4508 Οὸἓξέζὲξ

3984 4536 4092 4571 08⁸0

2300 4561 2439 4606 rem
2476 4559 2623 4604 esse
2668 4545 2734 4605 in
2778 4540 3138 4614 voluntate,
3192 4540 3257 4601 in
3305 4554 3432 4617 qua
3475 4547 3573 4601 est
3613 4539 3846 4618 gratia,
3905 4583 4166 4634 characte-

2300 4668 2374 4723 ut
2398 4661 2545 4738 ipse
2580 4659 2776 4721 docet
2806 4661 2873 4719 in
2912 4660 2974 4720 2.
3010 4660 3154 4720 dist.
3186 4658 3286 4720 26.
3323 4658 3848 4721 Fundamentum
3899 4661 4169 4759 “52¹2ng-

2301 4785 2423 4854 est,
2473 4779 2623 4857 quia
2682 4782 2781 4838 est
2838 4775 3174 4853 dispositio
3227 4774 3310 4837 ad
3353 4777 3654 4856 gratiam,
3706 4795 3850 4857 quae

2302 4902 2404 4961 est
2442 4898 2508 4957 in
2551 4896 2926 4969 voluntale3
2985 4910 3167 4973 ergo,
3204 4900 3329 4955 etc.
3363 4896 3617 4974 Negant
3645 4896 3853 4975 aliqui

2301 5012 2756 5087 anteceden3,‘
2785 5010 2908 5072 sed
2956 5008 3848 5090 communiterf‘jconceditur,

2303 5138 2370 5195 et
2397 5136 2598 5210 patet,
2634 5130 2787 5207 quia
2838 5129 3175 5190 character
3218 5126 3557 5191 ordinatur
3584 5129 3668 5191 ad
3697 5147 3851 5210 gra·

2304 5253 2481 5319 tiam,
2530 5252 2662 5308 tam
2725 5245 2968 5323 proprii
3026 5246 3431 5308 Sacramenti
3478 5262 3669 5325 quam
3731 5249 3849 5308 ali-

2304 5381 2515 5437 orum,
2576 5360 2910 5441 loquendo
2987 5361 3069 5423 de
3140 5363 3538 5439 Baptismali,
3610 5380 3737 5442 quo
3784 5365 3855 5426 fit
3899 5364 4168 5415 character

4012 5434 4087 5475 est

2303 5486 2449 5564 quis
2513 5496 2720 5558 capax
2781 5480 3056 5541 aliorum
3126 5479 3735 5554 Sacramentorum3
3787 5488 3853 5542 et
3916 5487 4166 5554 dispositio

2300 5614 2431 5664 non
2478 5602 2579 5659 est
2624 5596 2811 5671 rati0,
2863 5611 2979 5659 cur
3027 5595 3365 5658 character
3394 5595 3848 5669 essetindele-
3921 5550 4158 5677 galgin,
