4287 6313
588 416 701 478 291

286 578 493 642 Triplex
580 578 716 639 sive
789 578 1153 654 baptizetur
1218 592 1439 638 servus
1514 573 1754 636 Christi
1827 572 2127 632 manibus

233 641 550 777 npssilrlxlitengxi-
582 698 760 770 meis,
810 701 939 757 ete.
995 697 1196 775 CuJus
1239 696 1562 756 rationem
1610 692 1835 754 subdit
1890 692 2058 753 hanc
2107 711 2120 750 ε

289 774 503 878 Ἠιῗῖιῗῖι
667 816 982 886 Quoniam
1020 833 1163 876 cum
1202 813 1588 890 principalis
1629 829 1849 887 causa,
1884 828 1967 872 ex
1997 826 2122 887 qua

233 890 555 1003 Rffits'iogssfi‘
587 937 951 1009 Baptismus
989 929 1286 995 uirtutem
1340 933 1548 1005 habet,
1598 932 1677 992 sit
1719 938 1939 993 sancta
1991 933 2125 991 Tri·

324 1017 464 1077 adei,
584 1045 768 1110 nitas,
837 1043 1340 1105 instrumentalis
1399 1053 1615 1105 autem
1671 1048 1749 1106 sit
1810 1047 2122 1119 minister,

585 1163 698 1237 qui
741 1161 939 1222 tradit
999 1163 1283 1223 exterius
1338 1165 1864 1237 Sacramentum,
1908 1166 1968 1225 si
2006 1180 2126 1223 ex-

577 1279 887 1353 primitur
929 1285 1132 1352 actus,
1192 1285 1307 1358 qui
1358 1298 1482 1359 per
1538 1288 1747 1360 ipsum
1791 1288 2130 1345 exercetur

587 1397 975 1470 ministrum,
1008 1415 1156 1460 cum
1199 1403 1454 1462 Sanetae
1502 1402 1832 1464 Trinitatis
1873 1402 2129 1462 invoca·

235 1521 534 1634 Ειριέξιοη.
583 1512 752 1572 tione
782 1513 1125 1590 perficitur
1173 1520 1695 1591 Sacramentum,
1730 1518 2128 1593 etc.*Quam-

283 1661 501 1720 persons
585 1628 680 1688 vis
751 1633 974 1690 autem
1043 1629 1403 1693 Concilium
1472 1632 1575 1694 hic
1644 1648 1775 1694 non
1836 1632 2126 1695 declaret

261 1711 521 1776 baptnzati.
583 1747 1055 1821 suscipientem
1127 1763 1273 1808 esse
1347 1748 1874 1826 exprimendum,
1965 1749 2127 1811 illud

586 1860 921 1936 supponit,
970 1862 1122 1937 quia
1184 1866 1315 1922 tam
1359 1858 1564 1922 forma
1640 1878 1836 1942 quam
1881 1863 2128 1927 ablutio

581 1989 704 2034 seu
731 1977 939 2045 actua,
973 1979 1046 2035 ut
1074 1977 1458 2052 importatur
1511 1993 1633 2054 per
1680 1974 1977 2051 formam,
2009 1995 2122 2039 ve-

582 2087 912 2151 rificantur
957 2092 1124 2152 circa
1187 2092 1561 2171 subjectum
1615 2094 1990 2155 ablutionis,
2050 2095 2126 2155 Et

584 2206 666 2268 de
710 2206 836 2267 hoc
891 2206 1063 2267 nulla
1123 2206 1243 2269 fuit
1307 2209 1775 2285 controversia,
1848 2216 1962 2272 aut
2026 2211 2121 2273 di-

581 2325 854 2385 versitas
912 2324 975 2385 in
1026 2324 1153 2385 ritu
1203 2325 1421 2404 quoad
1477 2328 1932 2405 substantiam,
1976 2331 2129 2394 licet

585 2439 807 2519 quoad
839 2440 1098 2502 modum
1148 2446 1707 2522 grammaticalem
1757 2447 2125 2523 exprimen-

584 2558 649 2621 di
715 2559 1185 2638 suscipientem
1260 2560 1454 2624 fuerit
1509 2565 1812 2660 varietaS,
1875 2567 1988 2645 qui
2060 2568 2126 2627 in

583 2673 789 2738 forma
850 2679 1217 2741 Latinorum
1276 2680 1343 2740 in
1398 2681 1752 2743 accusandi
1812 2698 1988 2754 casu,
2061 2681 2125 2742 in

579 2787 789 2854 forma
832 2792 1209 2856 Graecorum
1252 2796 1319 2857 in
1376 2797 1776 2859 nominativo
1823 2801 2125 2875 exprimi-

585 2911 729 2982 tur;
788 2910 1169 2985 exprimitur
1226 2916 1440 2973 tamen
1515 2926 1798 2989 persona
1848 2913 2128 2992 subjecti

580 3025 647 3087 in
675 3030 980 3105 utraque,
1015 3031 1080 3088 et
1137 3027 1520 3107 significatio
1579 3027 1799 3093 formae
1844 3032 2126 3109 practica

581 3141 666 3205 ad
694 3143 912 3221 ipsum
962 3143 1283 3224 dirigitur.

661 3254 1016 3319 Concilium
1089 3264 1312 3321 autem
1383 3260 1673 3324 declarat
1716 3266 2125 3339 varietatem,

583 3389 727 3452 quae
811 3377 1132 3455 contingit
1204 3377 1372 3438 circa
1456 3381 1950 3458 expressionem
2023 3384 2126 3446 vel

578 3492 1122 3571 suppressionem
1176 3510 1475 3572 personae
1519 3500 1822 3573 ministri,
1870 3500 1938 3561 in
1978 3505 2120 3581 qui·

580 3610 704 3671 bus
771 3608 892 3670 fuit
938 3608 1275 3672 diversitas
1332 3612 1494 3674 ritus
1549 3613 1720 3676 inter
1773 3621 2123 3697 utramque

487 3774 488 3777 η
579 3726 957 3788 Ecclesiam.
1005 3725 1350 3791 Conclusio
1384 3733 1581 3793 etiam
1619 3737 1801 3810 patet
1849 3736 2123 3798 Matthaei

580 3843 808 3905 ultimo
848 3862 861 3904 ε
894 3846 1300 3919 Baptizantes
1346 3863 1449 3907 eos
1490 3851 1561 3909 in
1612 3851 1865 3910 nomine
1908 3856 2124 3915 Patris

578 3969 636 4024 et
665 3962 840 4036 Filii,
875 3968 997 4024 etc.
1049 3964 1160 4025 ubi
1215 3963 1494 4027 traditur
1539 3964 1748 4031 forma
1792 3970 2126 4047 baptizan-

581 4075 667 4152 di,
701 4077 805 4138 vel
839 4079 974 4158 jam
1025 4076 1259 4139 tradita
1310 4081 1693 4156 exprimitur
1732 4084 1922 4162 juxta
1965 4101 2123 4148 sen-

579 4208 723 4254 sum
780 4184 1199 4255 communem
1244 4199 1309 4256 et
1351 4196 1964 4274 interpretationem
2005 4202 2125 4262 Ec-

583 4306 815 4370 clesiae.

662 4425 1003 4487 Dubitatur
1061 4431 1279 4488 autem
1339 4426 1510 4488 circa
1567 4427 1839 4489 modum
1906 4433 2122 4509 expri-

579 4543 805 4607 mendi
848 4549 1065 4606 actum
1124 4544 1525 4623 baptizandi,
1586 4563 1668 4607 an
1717 4545 1960 4610 debeat
2004 4567 2116 4611 ex-

578 4661 792 4739 primi,
866 4665 940 4722 ut
1010 4666 1194 4722 actus
1263 4661 1564 4735 ministri,
1637 4661 1726 4723 ita
1802 4667 1875 4723 ut
1924 4665 1980 4725 si
2033 4664 2123 4727 ita

580 4780 1032 4859 restringatur,
1110 4785 1180 4841 ut
1254 4784 1589 4856 supponat
1656 4780 1934 4842 verbum
2005 4800 2122 4860 pro

577 4898 836 4960 actione
889 4897 1009 4957 Dei
1057 4899 1329 4968 tantum,
1398 4901 1471 4956 ut
1526 4896 1592 4956 in
1649 4897 1771 4957 hac
1849 4898 2125 4976 baptizet

576 5024 636 5079 te
698 5021 888 5091 Deus,
972 5016 1054 5076 sit
1129 5012 1345 5075 valida
1414 5012 1673 5076 forma?
1740 5017 2129 5094 Respondet

576 5134 728 5195 Soto
800 5134 868 5193 in
921 5131 1053 5192 haec
1107 5131 1252 5192 dist.
1326 5135 1545 5206 quaest.
1620 5132 1812 5193 unica
1870 5138 1996 5194 art.
2059 5136 2121 5197 5.

576 5249 841 5329 requiri,
885 5253 959 5309 ut
998 5265 1129 5311 non
1176 5247 1588 5321 excludatur,
1652 5250 1947 5326 quamvis
1994 5268 2124 5312 non

578 5368 858 5447 exigitur
914 5367 1057 5446 ejus
1122 5366 1485 5445 expressio,
1545 5383 1621 5428 ac
1682 5367 1958 5445 proinde
2017 5368 2122 5430 illa

582 5487 787 5548 forma
846 5488 1021 5545 esset
1060 5481 1411 5546 sufficiens.
1462 5483 1870 5546 Contrarium
1931 5482 2126 5546 docet

580 5604 877 5682 vasquez
906 5604 1066 5680 disp.
1122 5602 1255 5664 142.
1303 5618 1446 5678 cap.
1477 5603 1539 5663 2.
1574 5606 1735 5676 tum,
1782 5601 1932 5680 quia
1961 5601 2122 5663 illud

264 4463 509 4514 Dubium.

1730 411 1875 472 [ΑΒ.
1927 410 2022 469 lV.
2072 406 2666 472 SENTENTIARUM

2236 570 2593 632 denotatur
2632 569 2834 631 verba
2900 569 3005 632 illa
3063 567 3361 641 Matthaei,
3417 583 3495 630 ex
3542 564 3781 643 quibus
3856 591 4094 653 vasquez

2237 688 2564 766 colligitur
2594 686 2932 764 expressio
2979 689 3189 757 actua,
3242 701 3383 763 quae
3441 682 3778 761 expressio
3810 656 4147 780 Regffissith.-

2238 820 2369 864 non
2427 804 2826 882 exigeretur,
2887 801 3013 863 nisi
3066 802 3527 878 importaretur
3569 803 3777 871 actuS,
3810 792 4129 902 Ρζζξζζῗῦξζῐ)

2237 926 2307 980 ut
2362 936 2398 980 a
2466 920 2756 980 ministro
2829 923 2950 989 est,
3026 917 3312 996 alioquin
3386 916 3785 978 tribueretur
3838 910 4094 1020 mffitngo·

2239 1040 2369 1097 tota
2413 1037 2576 1096 actio
2628 1036 2790 1107 Dec,
2843 1037 2906 1095 et
2947 1032 3376 1096 denotaretur
3414 1033 3782 1094 ministrum

2236 1154 2394 1215 nihil
2433 1171 2851 1226 concurrere,
2885 1170 3107 1233 neque
3140 1158 3627 1231 consequenter
3669 1154 3782 1215 Sa-

2240 1277 2571 1332 cramenta
2614 1288 2650 1332 a
2693 1288 2765 1332 se
2820 1271 2967 1333 data
3027 1286 3175 1333 esse
3226 1286 3489 1332 causam
3538 1270 3783 1350 gratiae,

2238 1388 2356 1451 sed
2402 1388 2612 1449 solum
2664 1388 2894 1450 Deum.

2321 1503 2817 1582 consequenter
2852 1502 3008 1563 dicit
3035 1503 3209 1563 illam
3250 1501 3552 1576 formam,
3587 1519 3785 1580 quam

2239 1620 2558 1697 approbat
2603 1619 2819 1691 SotuS,
2879 1634 3011 1681 non
3068 1634 3216 1679 esse
3259 1616 3568 1690 validam,
3632 1619 3779 1696 quia

2240 1742 2531 1798 reservat
2581 1736 2738 1798 nihil
2793 1735 3132 1808 ministro;
3193 1741 3331 1797 tum
3431 1735 3581 1814 quia
3651 1752 3783 1798 non

2242 1853 2553 1931 competit
2597 1854 2733 1912 Deo
2786 1849 3113 1929 baptizare
3158 1851 3223 1911 in
3271 1851 3538 1913 nomine
3581 1852 3781 1913 Patris

2242 1975 2308 2032 et
2339 1970 2473 2031 Filii
2518 1973 2583 2031 et
2612 1969 2887 2048 Spiritus
2916 1969 3152 2043 sancti,
3201 1970 3355 2046 quia
3393 1969 3497 2031 hic
3547 1968 3783 2031 modus
3811 1957 4139 2068 Fundamen-

2241 2088 2512 2150 denolat
2584 2087 3059 2159 auctoritatem,
3123 2101 3321 2163 quam
3391 2102 3523 2147 non
3583 2086 3784 2149 habet
3839 2082 4103 2147 νιψα-

2238 2208 2414 2268 Deus
2471 2208 2536 2266 in
2580 2220 2677 2278 se,
2724 2203 2846 2266 sed
2904 2203 2971 2264 in
3014 2201 3335 2276 ministro,
3385 2204 3572 2284 cujus
3630 2204 3781 2266 acti-

2243 2324 2351 2384 oni
2382 2328 2561 2384 recte
2592 2320 2856 2382 additur
2883 2320 2990 2382 illa
3026 2321 3342 2400 particula
3391 2322 3458 2382 in
3501 2324 3779 2388 nomine.

2239 2436 2542 2499 Secundo
2602 2438 2898 2516 sequitur
2959 2438 3013 2499 si
3083 2436 3296 2500 forma
3351 2453 3471 2516 per
3511 2436 3785 2500 modum

2235 2553 2605 2633 imperandi
2663 2551 3059 2632 proferatur,
3125 2555 3215 2615 ita
3265 2559 3340 2616 ut
3413 2559 3597 2616 actus
3674 2555 3782 2616 ille

2241 2672 2662 2751 exprimatur,
2721 2675 2794 2733 ut
2868 2669 3169 2745 ministri,
3254 2671 3538 2734 validam
3610 2689 3782 2748 esse,

2240 2792 2388 2868 quia
2417 2789 2508 2850 sic
2560 2792 2909 2851 auctoritas
2951 2805 3072 2866 per
3112 2787 3648 2868 Prosopopoeiam
3691 2791 3784 2853 di-

2236 2907 2471 2986 rigitur
2515 2904 2598 2967 ad
2632 2905 2967 2978 effectum,
3014 2908 3183 2967 sicut
3226 2905 3279 2966 si
3337 2906 3482 2984 quis
3529 2922 3612 2968 ex
3652 2906 3783 2969 fide

2237 3023 2517 3101 imperet
2560 3020 2775 3082 arbori
2830 3020 3334 3097 transplantare.
3395 3022 3613 3084 Tertio
3676 3038 3780 3084 se-

2240 3143 2480 3221 quitur,
2541 3141 2594 3202 si
2666 3137 3038 3218 proferatur
3108 3137 3557 3216 deprecative,
3624 3137 3785 3201 nihil

2234 3258 2397 3330 fieri,
2456 3257 2582 3319 nisi
2641 3255 2996 3318 denotetur
3052 3272 3173 3333 per
3226 3257 3426 3318 verba
3472 3253 3783 3335 adjuncta

2239 3378 2427 3448 acti0,
2480 3377 2552 3437 ut
2595 3374 2894 3452 procedit
2956 3391 2992 3435 a
3048 3375 3372 3447 ministro,
3463 3378 3614 3454 quia
3685 3374 3777 3436 sic

2237 3491 2529 3573 rejicitur
2585 3496 2716 3554 tota
2773 3492 2945 3552 actio
2994 3490 3059 3550 in
3125 3493 3354 3553 Deum.
3417 3492 3603 3554 Unde
3646 3492 3782 3555 haec

2234 3604 2515 3668 invalida
2547 3609 2727 3665 esset
2786 3623 2801 3665 ε
2854 3607 3231 3682 Baptizatur
3268 3623 3491 3669 servus
3543 3607 3785 3669 Christi

2237 3729 2304 3789 in
2331 3728 2587 3789 nomine
2617 3727 2822 3788 Patris
2863 3732 2920 3787 et
2951 3728 3104 3788 Filii
3140 3731 3197 3786 et
3228 3729 3516 3803 Spiritus
3554 3731 3782 3806 sancti,

2236 3845 2289 3906 si
2350 3841 2770 3920 deprecativa
2842 3846 2961 3902 est.
3039 3843 3179 3904 Haec
3237 3846 3460 3903 autem
3516 3844 3778 3908 valida:

2227 3977 2353 4038 per
2405 3963 2598 4022 istam
2661 3958 3052 4019 ablutionem
3107 3960 3393 4021 remittat
3435 3963 3556 4023 tibi
3606 3968 3776 4025 Deus

2229 4085 2499 4157 peccata
2554 4087 2692 4151 tua,
2751 4078 2919 4138 sicut
2971 4080 3037 4140 in
3094 4078 3514 4154 sacramento
3564 4083 3781 4144 Uncti-

2236 4197 2380 4260 onis
2416 4219 2429 4259 ε
2464 4202 2597 4273 Per=
2616 4200 2810 4258 istam
2836 4211 3099 4257 sacram
3151 4200 3512 4260 Unctionem
3567 4201 3780 4260 remit-

2236 4318 2328 4375 tat
2371 4314 2493 4375 tibi
2518 4316 2707 4384 Deus,
2756 4317 2885 4373 etc.

2316 4430 2778 4509 Respondetur
2819 4436 3040 4491 tamen
3097 4432 3161 4492 in
3218 4428 3422 4492 forma
3487 4447 3619 4493 non
3674 4450 3782 4496 ex·
3936 4432 4014 4483 ¹9·

2238 4549 2430 4628 primi
2471 4550 2845 4611 necessario
2910 4548 3260 4622 actionem,
3305 4553 3381 4609 ut
3424 4556 3525 4611 est
3579 4567 3617 4612 a
3665 4555 3783 4615 mi·
3869 4494 4080 4628 Οξῖἷιιξῗ

2234 4670 2481 4739 nistro;
2559 4669 2658 4725 est
2729 4663 3047 4736 Doctoris,
3120 4664 3195 4724 D.
3272 4667 3778 4741 Bonaventurae,
3813 4620 4133 4737 ‘1¹35‘ssssssssss

2236 4785 2340 4845 mc
2381 4786 2449 4843 m
2509 4785 2563 4843 1.
2618 4799 2685 4858 p.
2749 4781 2948 4843 asse...
2999 4786 3125 4843 arc.
3183 4783 3243 4843 2.
3295 4790 3514 4859 quam.
3573 4786 3626 4848 1.
3671 4788 3772 4849 ai·
3810 4755 4134 4871 {53:333

2240 4898 2461 4963 ohardi
2513 4897 2652 4958 loco
2715 4897 2927 4972 citam,
2990 4897 3278 4960 Durandi
3328 4907 3541 4975 quaest.
3581 4903 3632 4962 1.
3665 4903 3775 4964 Pa·
3811 4881 4134 4994 Ρᾊξξζῇῗὸ·

2237 5013 2462 5078 ludani
2503 5011 2764 5087 ibidem,
2825 5012 3144 5075 Gabrielis
3206 5021 3330 5076 art.
3397 5018 3452 5078 l.
3511 5016 3779 5079 Adriani
3813 5005 4105 5057 Adrianus.

2238 5136 2304 5194 in
2357 5135 2416 5194 4.
2479 5137 2695 5208 quaest.
2745 5132 2800 5193 l.
2848 5130 2887 5210 S
2975 5135 3070 5194 Ad
3109 5133 3483 5207 videndum,
3543 5138 3668 5196 etc.
3714 5140 3781 5198 et

2237 5248 2553 5322 omnium,
2614 5249 2724 5327 qui
2778 5246 3054 5309 formam
3117 5249 3485 5312 Graecorum
3537 5252 3775 5314 intelli-

2234 5371 2401 5448 gunt
2451 5365 2892 5443 deprecative,
2925 5367 2990 5428 in
3022 5383 3151 5447 qua
3194 5384 3327 5429 non
3375 5368 3781 5448 significatur

2236 5483 2399 5546 actio
2439 5486 2513 5544 ut
2553 5483 2843 5559 ministri,
2893 5485 2999 5547 vel
3040 5490 3113 5545 ut
3162 5489 3263 5546 est
3292 5500 3330 5546 a
3360 5485 3651 5550 ministro
3702 5502 3776 5547 ex

2234 5599 2296 5661 vi
2325 5598 2705 5663 verborum.
