4287 6313
1709 341 1904 404 msr.
1954 341 2056 404 lv,
2093 342 2462 419 QUAESTlo
2495 340 2538 403 1.
3600 332 3720 397 385

228 497 437 616 ’ἓξὲξ
530 504 709 579 dum,
786 509 861 567 et‘
923 504 1195 586 quidam
1294 505 1638 578 Henricus,
1710 521 1747 566 a
1837 504 2079 584 quibus
2191 506 2521 566 senserint
2563 505 2630 566 in
2674 500 3084 580 Baptismum
3153 502 3522 575 receptum,
3588 508 3738 556 esse

528 616 682 680 dicti
761 623 916 680 sunt
999 635 1230 681 eorum
1298 625 1666 682 sectatores
1739 619 2084 683 Petrobru-
2197 618 2625 681 dimittendos
2733 617 3000 679 liberos.
3103 612 3467 676 Ludovicus
3549 609 3744 672 Vives

529 731 694 795 siani
751 740 818 795 et
874 735 1272 810 Henriclani,
1348 751 1514 814 quos
1585 735 1876 800 confutat
1922 737 2079 798 Ber·
2197 740 2420 797 Annot.
2496 736 2585 796 ad
2646 751 2789 810 cap.
2836 735 2938 795 27.
3002 730 3348 810 Augustini
3392 727 3505 790 lib.
3561 730 3605 789 1.
3667 729 3745 789 de
3798 733 4041 852 ιιὺᾱίἵέὲοῑ

529 849 775 912 nardus
820 852 998 928 epist.
1030 853 1171 913 240.
1220 855 1288 913 et
1327 868 1518 913 serm.
1553 852 1656 915 66.
1689 855 1756 914 in
1790 854 2078 916 Cantica.
2198 852 2387 912 Civic.
2436 867 2580 922 cap.
2640 851 2741 911 27.
2794 847 2950 909 dicit
3005 847 3157 909 olim
3205 845 3540 907 neminem
3592 858 3744 903 con-

527 974 598 1035 Hi
655 976 995 1053 negabant
1046 973 1335 1038 infantes
1395 992 1677 1052 capaces
1737 993 1886 1039 esse
1951 978 2081 1038 Ba..
2191 965 2485 1027 suevisse
2539 964 2876 1042 baptizari,
2936 963 3058 1024 nisi
3101 964 3170 1023 in
3227 963 3427 1022 aetate
3480 956 3735 1027 adulta,

230 1158 475 1210 wimer..
529 1092 772 1168 ptismi.
836 1089 1181 1153 Witclefus
1222 1092 1397 1169 apud
1437 1091 1863 1156 Waldensem
1922 1098 2079 1154 com,

2202 1087 2271 1142 et
2315 1081 2427 1158 qui
2472 1097 2602 1157 per.
2636 1096 2710 1141 se
2753 1083 3017 1157 peteret
3058 1077 3491 1154 Baptismum,
3526 1080 3592 1136 et
3647 1075 3746 1134 in-

530 1208 592 1268 2.
669 1208 747 1267 de
826 1209 1293 1280 sacramentis,
1368 1224 1510 1284 cap,
1595 1207 1696 1270 96.
1786 1208 2081 1287 negabat
2197 1197 2528 1277 telligeret
2584 1196 2746 1276 quid
2790 1196 2875 1257 sit
2931 1195 3268 1273 baptizari.

534 1322 942 1398 Baptismum
999 1337 1183 1400 aquae
1249 1325 1703 1385 necessarium
1762 1337 1912 1384 esse
1982 1323 2082 1384 in-

533 1436 824 1501 fantibus
910 1443 978 1499 et
1073 1437 1316 1500 adultis
1400 1437 1485 1499 ad
1567 1439 1873 1511 salutem,
1963 1437 2086 1500 sed

537 1551 842 1615 sufficere
898 1552 1174 1616 flaminis
1230 1555 1636 1631 Baptismum
1706 1570 1830 1630 per
1883 1554 2089 1615 meri-

220 1667 496 1735 Anabapti-
548 1673 608 1730 ta
676 1668 925 1732 Christi.
1013 1669 1451 1749 Anabaptistae
1526 1673 1779 1747 negant
1850 1669 2091 1747 Baptis-

247 1741 462 1786 ⁸¹⁸mm
546 1804 722 1849 mum
765 1787 963 1848 licere
996 1771 1173 1859 dare,
1223 1788 1345 1850 nisi
1391 1789 1547 1851 solis
1579 1788 1842 1862 adultis,
1887 1787 2091 1866 idque

545 1904 714 1966 circa
762 1921 1008 1967 annum
1038 1905 1136 1966 30.
1190 1910 1263 1967 ut
1311 1905 1582 1985 quidam
1625 1922 1857 1968 eorum
1913 1904 2092 1982 apud

546 2021 881 2084 Calvinum
924 2021 1038 2084 lib.
1098 2024 1160 2092 4,
1214 2027 1487 2086 institut.
1534 2041 1679 2101 cap.
1736 2024 1827 2087 16.
1890 2024 2092 2104 liujus

547 2145 741 2201 sectae
775 2143 1013 2201 Auctor
1054 2138 1175 2202 fuit
1227 2140 1440 2221 (apud
1489 2141 1846 2203 Cochleum
1896 2144 1958 2201 in
1993 2158 2095 2202 ac-

550 2257 628 2317 tis
686 2257 946 2319 Lutberi
1003 2274 1173 2319 anno
1248 2257 1460 2338 1528.)
1520 2258 1861 2321 Balthazar
1912 2258 2091 2319 Paci-

549 2376 927 2447 montanuS,
1023 2377 1258 2451 postea
1360 2374 1635 2436 Viennae
1709 2379 2090 2437 crematus,

549 2489 854 2552 Calvinus
923 2492 991 2551 in
1045 2492 1339 2554 Antidoto
1398 2492 1773 2564 Tridentini,
1820 2509 1964 2567 cap.
2029 2492 2092 2551 5.

552 2622 697 2668 sess.
754 2608 801 2668 l.
862 2612 917 2667 et
976 2607 1115 2668 loco
1196 2608 1420 2682 citato,
1503 2606 1703 2669 docet
1777 2605 2097 2685 parvulos

555 2724 753 2785 etiam
811 2725 952 2786 sine
1024 2724 1351 2801 Baptismo
1429 2726 1788 2787 morientes
1860 2725 2102 2786 salvari

551 2845 619 2901 et
698 2839 838 2903 fieri
892 2844 1158 2902 sanctos
1230 2845 1296 2901 et
1383 2841 1678 2901 membra
1772 2839 2096 2910 Ecclesiae,

552 2957 791 3035 quibus
859 2956 1083 3035 plures
1153 2955 1354 3036 hujus
1428 2957 1746 3034 temporis
1819 2955 2103 3017 baeretici

559 3075 1001 3136 consentiunt.

641 3191 921 3268 Quidam
967 3192 1168 3253 etiam
1224 3195 1474 3270 negant
1530 3190 1836 3268 parvulos
1894 3188 2104 3267 bapti-

560 3306 804 3371 zandos
877 3324 1048 3379 esse,
1124 3307 1274 3386 quia
1361 3323 1511 3368 cum
1571 3287 1932 3368 efficaciam
1987 3306 2104 3366 Ba-

561 3425 781 3502 ptismi
846 3429 915 3485 et
976 3425 1555 3486 sacramentorum
1618 3421 1904 3484 doceant
1962 3437 2111 3483 cum

565 3540 846 3631 Luthero
928 3543 1288 3603 consistere
1361 3542 1424 3600 in
1501 3538 1894 3601 excitatione
1956 3536 2111 3601 fidei

567 3661 818 3719 tantum
862 3672 983 3735 per
1024 3659 1326 3729 verbum,
1374 3671 1519 3733 quae
1567 3644 1797 3735 nequit
1843 3670 1991 3717 esse
2044 3653 2112 3713 in

562 3773 875 3850 parvulis,
964 3772 1057 3833 sic
1147 3776 1400 3852 negant
1485 3787 1682 3849 posse
1769 3770 2110 3847 baptizari.

247 2031 463 2086 Calviui.

272 3549 490 3598 Errores

261 3610 498 3660 aliorum.

534 3898 680 3960 Alii
743 3903 967 3960 contra
1028 3897 1272 3960 docent
1315 3897 1516 3959 fidem
1574 3898 1906 3959 actualem
1965 3911 2113 3957 esse

567 4015 633 4073 in
677 4015 989 4092 parvuliS,
1052 4019 1117 4076 et
1159 4016 1252 4077 sic
1298 4013 1611 4090 baptizari
1669 4027 1865 4089 posse
1920 4011 2116 4072 ratio-

555 4103 649 4191 'ne
708 4131 877 4193 illius
944 4128 1125 4203 fidei,
1205 4146 1355 4192 cum
1425 4131 1555 4191 sint
1626 4144 1927 4206 capaces.
1996 4126 2115 4187 Alii

564 4246 812 4308 docent
871 4247 1133 4325 aliquos
1179 4250 1397 4307 motus
1442 4244 1811 4307 dilectionis
1843 4250 1909 4305 et
1962 4242 2121 4304 fidei

565 4364 632 4425 in
687 4363 871 4443 ipsis,
928 4363 1178 4424 similes
1248 4362 1348 4435 118,
1403 4344 1569 4439 quos
1631 4360 1866 4423 habuit
1917 4360 2114 4421 Joan·

572 4494 693 4540 nes
737 4479 1031 4555 Baptista
1076 4476 1139 4538 in
1197 4483 1391 4538 utero
1440 4478 1693 4547 matris,
1752 4490 1886 4537 non
1942 4471 2122 4551 quod

573 4597 951 4677 intelligant
1017 4598 1294 4675 parvuli,
1374 4594 1494 4657 sed
1582 4594 1761 4672 quod
1836 4594 2126 4655 habeant

577 4715 893 4795 quasdam
967 4714 1423 4777 inclinationes
1499 4713 1745 4774 similes
1839 4710 2126 4772 motibus

572 4831 727 4895 fidei
778 4837 843 4894 et
890 4831 1263 4894 dilectionis
1296 4849 1311 4903 ;
1347 4829 1436 4891 ita
1507 4827 2127 4890 Pseudoconcilium

288 4961 530 5035 wittenx·
581 4949 1181 5029 Wittembergense
1231 4945 1408 5025 apud
1481 4945 1835 5008 Cochleum
1895 4945 2004 5005 lib.
2064 4945 2124 5006 3.

230 5028 557 5091 bei-genuum
584 5068 1147 5132 Miscellaneorum
1191 5070 1381 5125 tract.
1429 5063 1489 5125 8.
1553 5080 1700 5140 cap.
1757 5064 1820 5125 2.

389 5204 440 5253 5.
670 5186 776 5246 His
833 5184 1101 5261 oblique
1179 5179 1438 5243 accedit
1505 5180 1813 5240 Erasmus
1888 5179 2131 5256 praefa·

291 5267 518 5319 Erasini.
590 5304 757 5363 tione
815 5299 1235 5374 paraphrasis
1292 5299 1353 5355 in
1426 5297 1816 5368 Matthaeum,
1863 5294 1975 5356 ubi
2021 5293 2132 5356 do·

597 5417 727 5479 cuit
781 5412 1290 5493 interrogandos
1349 5427 1498 5473 esse
1556 5415 1664 5490 qui
1722 5412 1788 5473 in
1864 5410 2135 5472 infantia

595 5538 771 5607 sunt,
847 5549 995 5594 cum
1052 5529 1483 5603 adoleverint,
1537 5534 1603 5589 et
1658 5529 1713 5590 si
1785 5544 1919 5589 non
1982 5545 2135 5589 con·

764 5637 914 5690 Tom.
949 5636 1092 5690 xv1.

2781 1405 3178 1462 SCHOLmM.

2277 1618 2571 1674 Parvulos
2640 1632 2776 1673 esse
2834 1615 3236 1688 baptizandos
3293 1622 3361 1674 ut
3408 1615 3784 1697 liberentur·

2205 1716 2281 1774 ad
2311 1716 2632 1787 originali,
2681 1721 2894 1772 contra
2942 1716 3291 1787 Pelagium,
3340 1714 3416 1771 de
3464 1730 3585 1786 quo
3613 1715 3756 1770 Dio-

2205 1817 2441 1888 nysius,
2470 1829 2521 1871 c.
2576 1815 2686 1869 ult.
2728 1814 2961 1871 Eccles.
3019 1811 3300 1869 Hieracb.
3342 1813 3640 1884 Cyprian.
3700 1813 3755 1867 3.

2206 1914 2384 1983 epist.
2412 1914 2465 1967 8.
2493 1914 2892 1968 Nazianzen.
2940 1916 3093 1968 orat.
3143 1913 3209 1967 in
3250 1916 3531 1968 sanctum
3582 1911 3760 1966 lava-

2206 2025 2403 2067 crum.
2436 2014 2701 2078 Auymt.
2739 2011 2821 2066 10.
2852 2009 2927 2065 de
2957 2011 3173 2067 Genes.
3207 2009 3296 2064 23.
3333 2013 3547 2078 Prosp.
3585 2009 3641 2063 2.
3683 2006 3759 2063 de

2207 2125 2339 2166 voc.
2401 2113 2565 2179 gent.
2619 2111 2670 2165 8.
2724 2109 3161 2164 Milevicanum
3219 2109 3448 2164 concil.
3502 2121 3639 2163 can.
3698 2108 3757 2162 2.

2205 2205 2352 2262 vide
2415 2209 2718 2263 Bellarm.
2761 2206 2869 2262 lib.
2903 2206 2946 2260 1.
2986 2204 3060 2260 de
3111 2209 3274 2276 Bapt.
3324 2222 3378 2262 c.
3427 2207 3482 2261 8.
3536 2206 3759 2261 Castro

2210 2319 2267 2359 v.
2301 2306 2673 2375 BaptismuS,
2707 2304 2855 2359 baer.
2884 2305 2936 2358 9.
2969 2306 3234 2358 Trident.
3264 2317 3411 2359 8888.
3439 2306 3494 2359 6.
3529 2318 3579 2358 c.
3606 2303 3658 2357 4.
3702 2305 3765 2357 et

2214 2416 2364 2458 sess,
2396 2405 2448 2458 7.
2480 2401 2555 2458 de
2594 2407 2769 2473 Bapt.
2819 2417 2952 2458 can.
3004 2403 3088 2458 12.
3140 2403 3221 2458 13.
3273 2404 3562 2458 coccium
3593 2416 3763 2472 supr.

2216 2498 2316 2555 ubi
2350 2502 2624 2559 citantur
2659 2503 2870 2558 Patres
2919 2502 3109 2557 Graeci
3141 2505 3202 2557 et
3233 2502 3457 2559 Latini.

2303 2723 2451 2795 Hic
2497 2722 2645 2795 fuit
2678 2742 2921 2794 error
2964 2721 3299 2813 Pelagii,
3338 2722 3544 2813 quod
3587 2740 3763 2814 par·
3936 2766 3987 2819 2·

2211 2837 2372 2912 vuli
2440 2858 2599 2910 non
2669 2836 2960 2909 habent
3035 2838 3448 2929 peccatum
3520 2836 3764 2928 origi·

2214 2957 2421 3030 nale.
2466 2958 2583 3029 De
2630 2954 2782 3027 hoc
2830 2957 2908 3027 et
2948 2954 3122 3046 ejus
3165 2953 3766 3047 improbatione

2217 3075 2528 3147 tactum
2561 3076 2684 3145 est
2731 3075 2844 3140 lib.
2877 3073 2945 3142 2.
2980 3072 3050 3140 d.
3085 3072 3195 3144 30.

2305 3193 2564 3265 Teneo
2608 3193 2703 3282 (c)
2754 3210 2954 3284 ergo
3020 3190 3514 3286 oppositum,
3584 3189 3769 3283 quia

2222 3330 2406 3383 cum
2467 3309 2898 3381 secundum
2971 3307 3487 3400 scripturam
3545 3310 3624 3379 et
3684 3306 3770 3378 fi·
3821 3260 4076 3394 138ἷέιὲοῗ

2220 3427 2420 3508 dem,
2521 3425 2844 3518 parvuli
2921 3423 3435 3501 contrahant·
3522 3423 3770 3515 origi·
3833 3386 4094 3500 Μῖἷέἷῗω

2223 3540 2405 3612 nale
2488 3544 2935 3632 peccatum,
3034 3541 3128 3612 ad
3220 3540 3396 3632 ejus
3495 3539 3771 3614 deleti-

2229 3677 2489 3741 onem,
2564 3678 2739 3749 quae
2797 3656 3267 3730 necessaria
3314 3662 3438 3731 est
3497 3657 3593 3729 ad
3653 3676 3773 3729 sa-

2224 3773 2504 3855 lutem,
2569 3775 2757 3846 sunt
2801 3772 3278 3866 baptizandi,
3347 3772 3533 3865 quia
3576 3777 3770 3846 tem·

2229 3910 2427 3983 pore
2477 3889 2679 3981 legis
2725 3888 3262 3981 Evangelicae‚
3307 3888 3776 3981 Baptismus

2233 4006 2660 4080 institutus
2704 4009 2829 4079 est
2870 4006 2947 4077 in
2995 4007 3435 4079 remedium
3488 4010 3780 4079 contra

2233 4123 2457 4196 illam
2510 4123 2858 4215 culpam.

2322 4240 2433 4311 Ad
2523 4239 2876 4332 primum
2963 4244 3565 4329 argumentum,
3635 4240 3780 4313 illa
3829 4289 4104 4339 Peccatum

2232 4356 2688 4429 auctoritas
2748 4354 3183 4445 Augustini
3223 4355 3446 4427 debet
3507 4357 3598 4428 de
3658 4363 4133 4431 ac-¹²⁰¹¹⁵‘⁹¹¹s¹1'‘’r

3856 4413 4097 4463 volunta-

2232 4469 2435 4544 tuali
2536 4472 2868 4561 peccato
2969 4468 3357 4560 intelligi,
3446 4476 3527 4544 et
3622 4471 4135 4604 istoffigfssgssifn

2239 4587 2469 4658 modo
2533 4589 2955 4677 peccatum
3025 4585 3422 4678 originale
3483 4585 3655 4662 fuit-
3703 4585 3784 4659 in
3816 4603 4037 4666 Argum.
4075 4597 4126 4648 1.
4232 4635 4242 4643 .

2238 4702 2503 4794 primo
2565 4706 2904 4794 parente
2974 4702 3558 4786 voluntarium,
3625 4724 3786 4776 non

2239 4824 2509 4893 tamen
2571 4822 2900 4910 oportet
2962 4819 3166 4909 quod
3237 4820 3788 4913 quodcumque

2242 4938 2662 5029 peccatum
2726 4935 2832 5008 sit
2881 4936 3441 5010 voluntarium
3511 4939 3792 5011 volun-

2241 5057 2410 5126 tate
2446 5051 2665 5123 illius
2704 5052 2782 5123 in
2821 5071 2976 5143 quo
3028 5057 3176 5126 est.

2337 5168 2447 5239 Ad
2516 5168 2728 5239 aliud
2804 5171 3051 5258 patet.
3119 5168 3323 5260 quod
3396 5169 3623 5245 debet
3678 5172 3795 5243 in-
3882 5196 4094 5251 alr-2.

2247 5284 2509 5374 telligi
2577 5284 2668 5356 de
2737 5283 3058 5365 adultis,
3107 5305 3249 5377 per
3320 5286 3513 5360 illud
3593 5288 3798 5378 quod

2248 5398 2628 5491 praecedit
2666 5422 2682 5466 t
2732 5403 2863 5477 Qui
2892 5403 3284 5484 crediderit,
3322 5414 3382 5469 et
3421 5405 3799 5491 baptizatus

2248 5521 2481 5605 fuerit.
2560 5514 2703 5586 Vel
2783 5520 3054 5608 potest
3128 5515 3309 5601 dici,
3383 5518 3590 5609 quod
3662 5517 3801 5609 qui

3562 5635 3624 5688 25
