4287 6313
1599 427 1802 491 DIST.
1837 427 1884 491 1.
1932 427 2293 505 QUAEs'rlo
2324 430 2400 491 V.

453 611 629 684 quae
724 592 910 662 sunt
1001 590 1095 661 ad
1163 589 1428 670 finem,
1516 592 1893 661 sumatur
1951 607 1997 659 a

444 708 601 780 fine
629 732 644 787 ;
672 711 753 779 et
786 705 1221 778 secundum
1264 724 1542 777 omnes
1575 704 1997 796 loquentes

444 826 536 899 de
613 824 1194 906 Sacramentis,
1256 824 1440 896 finis
1485 822 1994 897 Sacramenti

442 947 569 1015 est
670 941 967 1033 gratia,
1057 941 1186 1013 vel
1274 940 1570 1034 aliquis
1651 936 1995 1012 effectus

444 1058 590 1133 Dei
677 1058 1134 1143 invisibiliS,
1226 1059 1657 1152 disponens
1743 1057 1993 1130 homi-

442 1199 626 1251 nem
722 1179 816 1251 ad
899 1178 1293 1259 salutem;
1384 1180 1462 1250 et
1561 1176 1718 1250 iste
1809 1176 1992 1250 finis

443 1294 704 1389 possit
741 1294 1242 1368 sufficienter
1290 1293 1570 1366 haberi
1620 1315 1715 1366 eo
1759 1293 1992 1366 modo

441 1434 597 1505 quo
683 1411 1029 1485 habetur
1117 1432 1260 1501 per
1343 1412 1986 1489 Sacramentum,

438 1531 739 1622 absque
823 1529 974 1602 hoc
1059 1529 1265 1622 quod
1342 1529 1660 1602 dicatur
1719 1534 1989 1600 Sacra-

441 1650 803 1720 mentum
844 1645 1141 1719 habere
1182 1645 1540 1738 aliquam
1583 1646 1989 1719 actionem

439 1762 773 1855 proprie
814 1761 1139 1845 dictam,
1187 1761 1357 1835 sive
1401 1766 1775 1854 respectu
1811 1780 1989 1852 gra-

432 1880 598 1959 tiae,
673 1899 912 1972 quam
988 1899 1148 1950 non
1222 1883 1488 1972 potest
1547 1877 1981 1970 attingere,

431 2020 617 2072 cum
652 1998 794 2070 illa
845 1999 1199 2078 creetur,
1244 1995 1412 2068 sive
1468 2001 1837 2089 respectu
1872 1996 1988 2070 di-

428 2111 908 2206 spositionis
943 2110 1598 2203 supernaturalis
1632 2111 1980 2203 praeviae,

435 2230 624 2323 quia
693 2229 835 2301 illa
875 2230 1125 2303 etiam
1188 2232 1617 2301 crearetur
1656 2252 1670 2295 :
1718 2227 1985 2320 sequi-

428 2349 575 2419 tur
616 2345 821 2437 quod
906 2365 1066 2416 non
1148 2346 1252 2417 sit
1334 2343 1696 2438 ponenda
1789 2345 1981 2419 talis

431 2463 674 2545 actio,
723 2482 908 2535 cum
940 2480 1084 2533 nec
1121 2460 1281 2535 ista
1329 2460 1567 2554 plura
1620 2460 1783 2534 sint
1849 2481 1984 2532 ne-

432 2578 822 2659 cessaria,
859 2598 1004 2650 nec
1069 2576 1499 2651 manifeste
1562 2578 1978 2671 ponibilia.

522 2696 889 2778 Qualiter
930 2698 1204 2767 autem
1245 2694 1328 2784 (i)
1378 2716 1560 2768 cum
1617 2694 1768 2768 hoc
1830 2695 1980 2767 sal-

432 2817 694 2895 vetur,
742 2811 947 2904 quod
981 2812 1512 2885 Sacramenta
1554 2816 1741 2886 sunt
1799 2833 1977 2885 cau-

431 2950 523 3001 sa
572 2927 892 3021 gratiae,
953 2948 1114 3000 non
1177 2931 1499 3002 tantum
1564 2949 1709 3023 per
1778 2929 1978 3003 acci·

426 3049 646 3130 dens,
680 3051 761 3120 et
805 3047 1009 3139 quod
1053 3067 1199 3140 per
1259 3050 1793 3124 Sacramenta
1844 3048 1977 3121 ha-

424 3167 663 3241 betur
703 3166 999 3259 gratia,
1067 3167 1276 3241 sicut
1327 3168 1602 3242 Sancti
1641 3168 1974 3261 loquun-

424 3282 586 3351 tur.

512 3393 711 3468 Dico
786 3394 1154 3467 breviter
1216 3395 1346 3486 (k),
1416 3395 1622 3488 quod
1708 3398 1970 3468 omnis

423 3511 853 3605 dispositio
896 3512 1399 3585 necessitans
1461 3514 1554 3586 ad
1587 3514 1968 3597 formam,

424 3650 599 3723 quae
631 3650 789 3702 non
821 3635 945 3703 est
989 3631 1204 3705 ratio
1249 3632 1665 3726 receptivi,
1701 3635 1971 3725 potest

419 3745 575 3819 dici
665 3747 1249 3838 quodammodo
1337 3768 1584 3820 eausa
1670 3748 1963 3829 activa,

424 3861 592 3933 sive
625 3880 871 3935 causa
903 3863 1556 3936 instrumentalis
1592 3868 1963 3958 respectu

422 3980 753 4058 sormae;
818 3978 1083 4071 ipsum
1144 3985 1414 4053 autem
1489 3983 1965 4058 Sacramen-

421 4101 621 4178 tum,
689 4096 856 4169 sive
926 4097 1334 4190 susceptio
1423 4101 1960 4184 Sacramenti‚

415 4217 539 4286 est
588 4213 778 4288 talis
846 4214 1272 4306 dispositio
1321 4220 1401 4290 et
1470 4215 1958 4302 immediata,

415 4351 576 4403 non
629 4349 976 4403 causans
1036 4331 1282 4404 aliam
1343 4333 1686 4406 mediam
1750 4334 1964 4409 inter

417 4470 500 4519 se
585 4449 664 4520 et
716 4447 1362 4540 gratiam;ergo
1431 4450 1610 4542 ipsa
1694 4456 1964 4544 potest

415 4564 567 4636 dici
612 4564 1198 4656 quodammodo
1238 4585 1488 4638 causa
1537 4568 1803 4641 activa
1835 4568 1960 4639 vel

419 4681 1072 4755 instrumentalis
1117 4688 1487 4775 respectu
1532 4685 1849 4774 gratiae.

508 4798 781 4890 Major
815 4799 1213 4890 probatur
1274 4821 1417 4893 per
1463 4805 1834 4896 exempla
1881 4807 1958 4877 et

427 4933 566 5002 per
597 4914 1031 4988 rationem.
1070 4916 1433 4989 Primum
1498 4921 1958 5013 exemplum

421 5030 656 5104 istius
696 5035 847 5112 est,
914 5031 1099 5124 quia
1177 5033 1546 5108 absolute
1604 5039 1958 5110 concedi-

419 5152 575 5228 tur,
633 5148 838 5239 quod
928 5150 1224 5224 merita
1293 5154 1476 5223 sunt
1529 5172 1776 5225 causa
1848 5154 1958 5226 in-

412 5265 982 5337 strumentalis
1022 5272 1392 5359 respectu
1465 5271 1807 5361 praemii,
1877 5276 1957 5347 et

413 5383 618 5473 quod
681 5402 831 5473 per
891 5384 1185 5456 merita
1254 5387 1716 5479 acquiritur
1762 5410 1955 5482 prae-

415 5494 720 5577 mium;
811 5500 891 5571 et
972 5503 1243 5570 tamen
1336 5503 1721 5575 meritum
1797 5524 1955 5575 non

413 5618 694 5690 causat
743 5612 1008 5687 active
1058 5616 1484 5707 praemium
1546 5618 1625 5690 in
1670 5640 1779 5702 se,
1817 5640 1959 5693 nec

3541 426 3654 493 107

2111 588 2472 681 aliquam
2565 589 3185 683 dispositionem
3288 590 3655 675 mediam,

2113 707 2244 779 scd
2297 708 2799 782 solummodo
2872 710 3313 803 ipsummet
3371 712 3493 781 est
3555 708 3661 782 di·

2112 825 2453 918 spositio
2509 826 2813 918 praevia
2846 827 2940 899 ad
2984 825 3435 919 praemium,
3499 845 3662 898 non

2110 945 2385 1015 tamen
2446 943 2651 1015 sicut
2714 942 2924 1016 ratio
2960 941 3378 1036 receptivi.
3425 942 3660 1016 Aliud

2108 1058 2593 1147 exemplum,
2696 1063 2964 1132 motus
3052 1059 3325 1151 aliquo
3424 1059 3657 1131 modo

2110 1175 2444 1267 ponitur
2485 1196 2728 1248 causa
2762 1179 3136 1269 respectu
3160 1175 3518 1256 termini,
3576 1178 3654 1247 et

2104 1313 2300 1364 vere
2340 1297 2419 1366 et
2491 1293 2823 1385 proprie
2874 1292 3372 1376 conceditur,
3450 1293 3652 1385 quod

2107 1430 2252 1503 per
2305 1413 2613 1483 motum
2673 1410 3150 1503 acquiratur
3225 1410 3647 1491 terminus,

2104 1532 2185 1601 et
2261 1530 2537 1599 tamen
2616 1531 2886 1600 motus
2948 1547 3107 1598 non
3162 1525 3397 1598 habet
3454 1527 3649 1600 acti-

2106 1663 2341 1716 onem
2404 1643 2895 1744 aliquamad
2955 1643 3446 1714 causandum
3493 1648 3651 1717 ter-

2105 1761 2438 1841 minum,
2465 1780 2722 1851 neque
2753 1759 3003 1832 etiam
3031 1758 3647 1850 dispositionem

2102 1874 2690 1957 intermediam,
2737 1877 2868 1949 sed
2937 1877 3278 1969 ipsemet
3354 1879 3479 1949 est
3535 1873 3648 1947 di-

2102 1996 2449 2089 spos1tio
2518 1994 2893 2089 proxima
2989 1994 3085 2067 ad
3172 1992 3641 2075 terminum,

2097 2133 2258 2184 non
2306 2116 2574 2185 tamen
2612 2111 2826 2183 ratio
2866 2109 3281 2203 receptivi.
3452 2183 3459 2189 ,

2190 2232 2419 2312 Item,
2448 2228 2717 2319 major
2756 2227 3028 2300 eadem
3074 2227 3471 2320 probatur
3514 2246 3644 2298 ra-

2096 2347 2397 2422 tione:
2462 2346 2681 2428 Quod
2766 2349 2889 2419 est
2974 2364 3221 2417 causa
3310 2342 3639 2437 prioris,

2095 2482 2256 2534 non
2320 2467 2658 2555 propter
2692 2460 2849 2561 vhoc
2911 2463 3037 2535 est
3084 2480 3333 2533 causa
3383 2462 3645 2553 poste-

2098 2579 2374 2662 rioriS,
2409 2577 2566 2650 nisi
2600 2577 2794 2652 illud
2857 2578 3204 2650 medium
3248 2578 3354 2651 sit
3396 2597 3644 2650 causa

2095 2696 2351 2780 tertii,
2387 2699 2464 2768 et
2500 2695 2649 2768 hoc
2684 2694 2951 2787 aliquo
2988 2694 3220 2766 modo
3256 2692 3334 2765 in
3366 2694 3643 2765 eodem

2098 2813 2377 2886 ordine
2438 2833 2726 2885 causae.
2791 2813 3055 2903 Agens
3126 2828 3470 2882 causans
3539 2810 3643 2882 di-

2094 2931 2630 3025 spositionem
2729 2930 3191 3024 proximam
3300 2930 3398 3002 ad
3484 2929 3642 3002 for-

2092 3070 2307 3122 mam
2387 3049 2851 3139 (secundum
2919 3054 3086 3140 eos)
3168 3048 3639 3121 conceditur

2087 3191 2267 3243 esse
2307 3171 2577 3263 aliquo
2640 3169 2873 3241 modo
2946 3186 3192 3239 causa
3259 3171 3633 3260 respectu

2085 3290 2419 3372 formae3
2477 3290 2799 3382 oportet
2859 3306 3058 3378 ergo
3104 3287 3307 3379 quod
3374 3286 3635 3380 dispo-

2088 3407 2280 3481 sitio
2343 3405 2721 3499 proxima
2815 3403 2912 3476 ad
2975 3402 3324 3476 formam
3405 3403 3631 3475 redu-

2085 3529 2327 3598 catur
2385 3524 2479 3596 ad
2540 3542 2794 3614 genus
2863 3542 3127 3594 causae
3203 3518 3627 3594 efficientis

3791 2218 3864 2271 13.

3695 3597 3949 3657 Quomodo

2088 3645 2461 3734 respectu
2529 3637 2842 3710 formae.
2894 3640 3039 3711 Est
3088 3656 3286 3729 ergo
3343 3638 3625 3710 modus
3681 3660 3978 3710 sacramen.

2084 3758 2264 3839 iste,
2349 3757 2552 3850 quod
2638 3755 3045 3849 susceptio
3115 3756 3624 3830 Sacramenti

2081 3879 2205 3949 est
2252 3873 2679 3968 dispositio
2733 3874 3233 3945 necessitans
3294 3872 3388 3944 ad
3439 3872 3625 3944 effe-

3760 3725 3870 3771 tum

3726 3795 3903 3840 causat

3693 3847 3927 3912 gratiam.

2082 4001 2301 4068 ctum
2337 3994 2747 4084 signatum
2782 4010 2926 4083 per
2978 3992 3622 4072 Sacramentum,
3689 4008 3692 4012 ’

2080 4131 2242 4183 non
2287 4107 2597 4202 quidem
2661 4127 2806 4200 per
2855 4106 3207 4198 aliquam
3272 4105 3625 4178 formam

2078 4226 2636 4305 intrinsecam,
2676 4243 2821 4316 per
2863 4243 3102 4314 quam
3158 4224 3623 4295 necessario

2077 4347 2459 4417 causaret
2538 4341 3004 4421 terminum,
3050 4339 3176 4412 vel
3264 4338 3620 4431 aliquam

2075 4456 2693 4551 dispositionem
2765 4454 3179 4548 praeviam,
3254 4456 3384 4527 sed
3442 4460 3622 4528 «tan-
3690 4479 3695 4486 ·

2076 4577 2252 4648 tum
2296 4592 2439 4666 per
2486 4569 3043 4645 assistentiam
3094 4570 3240 4643 Dei
3280 4590 3621 4642 causan-

2078 4688 2183 4762 tis
2227 4688 2454 4760 illum
2496 4686 2903 4767 effectum,
2951 4705 3112 4757 non
3153 4684 3617 4759 necessario

2075 4805 2467 4887 absolute,
2577 4804 2708 4876 sed
2783 4802 3273 4875 necessitate
3365 4801 3619 4894 respi-

2073 4921 2335 4995 ciente
2427 4919 2870 5014 potentiam
2954 4918 3449 5012 ord-inataim
3513 4917 3619 4990 di-

2075 5038 2393 5130 sposuit
2448 5037 2662 5109 enim
2716 5034 3320 5116 universaliter,
3393 5038 3475 5107 et
3527 5034 3617 5106 de

2072 5152 2222 5227 hoc
2293 5154 2743 5227 Ecclesiam
2819 5152 3328 5235 certificavit,
3410 5151 3617 5245 quod

2072 5271 2547 5365 suscipienti
2575 5271 2739 5345 tale
2772 5273 3417 5351 Sacramentum,
3446 5270 3617 5362 ipse

2070 5387 2486 5464 conferret
2525 5389 2910 5464 effectum
2979 5388 3414 5479 signatum.
3451 5388 3615 5459 Nec

2073 5507 2361 5582 obstat.
2407 5509 2611 5600 quod
2646 5508 3055 5601 susceptio
3107 5505 3613 5581 Sacra-menti

2070 5627 2198 5699 est
2272 5624 2573 5717 aliquid
2667 5625 2890 5700 circa
2964 5644 3262 5719 corpus
3357 5620 3612 5718 ipsius
