4287 6313
576 404 688 473 122

1764 423 1904 489 [ΑΒ.
1951 427 2053 489 lV.
2076 428 2681 498 SENTENTIARUM

282 594 500 655 Quando
587 591 801 641 versae
831 587 984 644 sunt
1004 599 1223 648 causae
1264 582 1592 669 partiales,
1630 607 1906 674 quarum
1939 611 2124 676 quae-
2241 592 2447 647 Bonav.
2481 590 2577 647 hio
2605 610 2667 653 α.
2701 595 2754 653 1.
2785 613 2837 666 q.
2875 596 3194 655 1.Richard.
3231 606 3344 657 art.
3380 600 3433 659 1.
3466 617 3519 669 q.
3550 600 3603 658 2.
3628 603 3795 662 Gabr.

233 657 432 715 diversa
462 664 541 710 est

312 722 492 772 relatio

368 785 424 833 in

296 848 483 898 causis

215 952 220 959 .
266 911 530 963 artialibus
550 954 560 965 .

232 929 538 1039 &nandoque

358 1043 433 1086 est

296 1100 492 1153 eadem.

243 1701 360 1750 Una
405 1714 555 1751 cauta

301 1763 501 1827 perficit

323 1824 477 1875 aliam

293 1886 344 1936 in
391 1893 508 1938 actu

284 1951 506 2001 secundo
517 1990 529 2002 .

582 688 742 755 libet
770 711 851 757 ex
885 694 1135 762 ratione
1174 719 1293 765 sua
1329 702 1702 785 particulari
1734 704 2024 790 exigitur
2044 708 2125 774 ad

588 808 916 889 effectum,
943 809 1029 877 ita
1070 823 1142 878 ut
1181 817 1663 902 quantumlibet
1694 839 1820 886 una
1873 820 1938 886 in
1978 843 2125 909 pro-

590 924 729 1009 pria
770 927 987 1012 specie
1035 930 1432 1011 intendatur,
1475 954 1602 999 non
1628 937 1834 1021 possit
1864 938 2126 1026 supple·

588 1063 658 1107 re
723 1043 1015 1125 alteram,
1109 1061 1263 1114 tunc
1317 1070 1460 1116 esse
1512 1052 1804 1121 diversas
1833 1057 2128 1124 ‘rationes

584 1158 922 1241 fundandi,
996 1177 1060 1230 et
1108 1164 1369 1234 diversa
1413 1168 1859 1251 fundamenta,
1895 1193 2127 1240 conse-

585 1286 861 1360 quenter
899 1277 1182 1347 diversae
1214 1282 1560 1351 relationes
1606 1308 1621 1364 ;
1674 1287 1931 1373 quando
1973 1310 2128 1355 vero

589 1410 717 1456 non
764 1392 851 1458 ita
891 1415 961 1460 se
1016 1395 1281 1479 habent,
1371 1400 1483 1466 sed
1568 1423 1693 1469 una
1748 1405 1997 1471 accedit
2062 1405 2127 1472 in

584 1507 810 1574 eodem
856 1531 1099 1597 genere
1139 1525 1444 1601 tanquam
1498 1518 1807 1602 perfectio
1863 1520 2129 1586 intensi-

593 1648 672 1694 va
701 1629 992 1710 alterius,
1039 1633 1448 1701 constituunt
1481 1658 1680 1704 unum
1742 1639 2131 1726 principium

591 1756 654 1809 ct
694 1745 1222 1830 fundamentum,
1316 1764 1385 1817 ut
1440 1763 1616 1837 patet
1682 1753 1747 1818 in
1799 1756 2131 1840 proposito

591 1861 917 1947 exemplo,
953 1864 1107 1950 quia
1141 1864 1352 1932 virtus
1397 1867 1594 1934 unius
1632 1870 1950 1935 trahentis
1980 1892 2132 1937 con-

592 1976 804 2043 stituit
877 1999 1026 2046 cum
1072 1980 1274 2048 altera
1340 1983 1581 2071 aliquid
1670 1986 1991 2053 intensius
2065 1988 2131 2054 in

590 2091 817 2159 eodem
852 2115 1119 2181 genere,
1157 2098 1263 2164 cui
1328 2112 1397 2165 ut
1436 2121 1650 2167 causae
1709 2102 1886 2169 totali
1924 2125 2131 2171 corre-

590 2208 866 2293 spondet
895 2210 1186 2293 effeetus,
1226 2234 1352 2279 non
1385 2235 1576 2282 secus
1623 2237 1699 2283 ac
1744 2217 1799 2283 si
1856 2219 2134 2304 applica-

591 2335 770 2390 retur
808 2325 1053 2414 aliquid
1079 2329 1251 2416 quod
1287 2351 1402 2416 per
1441 2331 1706 2399 modum
1753 2334 1949 2401 unius
1979 2357 2132 2401 con-

590 2437 824 2504 tineret
855 2452 1198 2530 utramque
1230 2444 1536 2513 virtutem
1575 2470 1589 2527 ;
1629 2447 1735 2514 illa
1792 2470 1948 2536 ergo
1999 2462 2132 2517 tra-

587 2557 741 2637 ctio,
812 2558 1074 2645 quando
1141 2560 1292 2628 talis
1368 2573 1491 2644 est,
1556 2576 1624 2630 ut
1691 2587 1806 2651 per
1859 2566 2130 2635 alterum

590 2677 1064 2777 nequeat-fieri,
1122 2679 1347 2767 nequit
1381 2681 1606 2747 referri
1682 2684 1804 2750 sub
1864 2705 1991 2750 una
2032 2706 2132 2751 ra-

587 2794 763 2860 tione
811 2793 889 2860 ad
942 2817 1168 2875 unum,
1244 2816 1457 2884 neque
1510 2797 1588 2864 ad
1655 2799 1954 2880 alterum,
2019 2804 2130 2870 sed

589 2907 784 2975 simul
825 2909 903 2975 ad
940 2921 1292 2999 utrumque
1332 2937 1346 2992 ;
1391 2914 1556 2980 sicut
1590 2935 1749 3003 ergo
1789 2929 1861 2983 ut
1905 2920 2128 2984 termi-

591 3036 749 3090 nant
790 3026 1170 3093 relationem
1247 3028 1518 3095 effectus
1578 3043 1734 3098 sunt
1774 3052 2000 3114 unum,
2045 3034 2133 3100 ita

590 3141 783 3209 etiam
820 3155 889 3209 ut
924 3144 1198 3211 fundant
1227 3146 1609 3215 relationem
1690 3170 1929 3230 causae,
1975 3171 2131 3218 neu-

589 3271 688 3326 tra
735 3259 909 3327 enim
946 3262 1007 3327 in
1050 3283 1291 3349 genere
1324 3266 1626 3352 principii
1677 3281 1774 3334 est
1823 3269 2127 3354 perfecta,

592 3395 803 3463 neque
849 3376 1048 3443 altera
1085 3380 1423 3460 accedens,
1459 3381 1608 3449 licet
1644 3383 1729 3450 sit
1759 3384 1825 3449 in
1873 3384 2133 3451 diverso

590 3492 955 3576 supposito,
1004 3492 1182 3561 addit
1241 3495 1485 3584 aliquid
1535 3499 1872 3568 diversum
1915 3501 1979 3566 in
2020 3521 2132 3588 ge-

594 3625 748 3672 nere
779 3607 1082 3693 principii
1141 3610 1361 3691 activi,
1433 3613 1544 3680 sed
1589 3635 1668 3681 ex
1719 3629 1989 3703 utraque
2046 3617 2131 3683 si·

596 3721 728 3787 mul
767 3723 1072 3790 coalescit
1104 3726 1499 3814 principium
1571 3729 1897 3798 intensive
1954 3732 2133 3800 suffi-

592 3837 771 3905 ciens
802 3838 880 3905 ad
938 3840 1284 3924 actionem,
1353 3846 1526 3932 quod
1567 3859 1955 3934 argumento
2003 3862 2128 3933 est,

594 3954 745 4042 quia
835 3960 1376 4026 concurrentibus
1438 3962 1735 4047 pluribus
1793 3967 2132 4034 remissius

595 4071 867 4159 quilibet
905 4074 1062 4159 agit,
1100 4094 1292 4161 quarn
1349 4077 1404 4143 si
1457 4079 1637 4147 solus
1677 4093 1921 4167 ageret,
1986 4083 2135 4150 licet

594 4187 762 4253 actio
791 4189 878 4254 sit
907 4187 1157 4271 eadem,
1203 4211 1319 4258 seu
1368 4205 1587 4262 motus
1613 4247 1628 4274 ,
1657 4195 1767 4262 sed
1812 4197 1891 4264 de
1919 4219 2133 4265 exem·

590 4302 717 4388 plis
759 4323 887 4369 non
918 4315 1018 4371 est
1064 4305 1224 4373 adeo
1261 4309 1646 4377 curandum.
1684 4312 2006 4400 Quidquid
2039 4314 2133 4380 di-

589 4433 773 4487 catur
806 4442 935 4488 non
975 4434 1074 4488 est
1111 4436 1335 4492 contra
1376 4428 1739 4508 Doctorem‚
1800 4432 1912 4516 qui
1953 4452 2132 4497 occa-

588 4536 914 4604 sionative
944 4551 1007 4605 et
1038 4536 1394 4609 incidenter
1434 4540 1744 4630 loquitur,
1793 4545 2135 4614 insinuans

591 4651 1039 4720 difficultatem
1111 4666 1176 4722 et
1241 4655 1504 4725 solvens
1563 4673 2024 4746 argumentum
2068 4663 2133 4728 in

588 4782 862 4858 utraque
893 4785 1095 4860 parte.

1006 4967 1465 5050 QUAESTIO
1543 4973 1687 5044 III.

605 5140 839 5207 Utrum
910 5161 1034 5224 pro
1109 5151 1400 5229 tempore
1473 5151 1785 5235 cujusque
1871 5151 2033 5239 leyis
2097 5175 2138 5219 a

685 5258 820 5321 Deo
877 5257 1073 5336 datae,
1167 5259 1464 5329 debuerit
1521 5266 1787 5332 institui
1867 5270 2141 5356 aliquod

683 5377 1185 5442 Sacramentum
1221 5376 1256 5445 ?

600 5549 773 5608 Alens
800 5548 856 5605 4.
886 5565 941 5620 p.
975 5568 1023 5621 q.
1055 5553 1105 5608 1.
1139 5567 1214 5608 m.
1250 5552 1301 5609 1.
1336 5569 1390 5611 a.
1422 5555 1478 5610 2.
1514 5552 1657 5625 Hug.
1691 5552 1835 5610 Vict.
1872 5557 1934 5611 de
1965 5557 2133 5612 Sacr.

594 5645 657 5697 p.
690 5621 739 5679 9.
769 5636 817 5678 0.
853 5619 902 5680 1.
946 5622 1215 5684 D.Th0m.
1255 5624 1314 5685 3.
1359 5642 1425 5698 Ρ.
1455 5641 1509 5696 q.
1541 5626 1633 5683 61.
1668 5644 1722 5684 a.
1759 5627 1811 5684 1.
1858 5634 1916 5691 et
1952 5632 2009 5688 2.
2062 5631 2134 5688 D.

2238 677 2292 729 q.
2324 668 2380 718 2.
2415 666 2572 720 Sotus
2598 684 2651 734 q.
2689 668 2739 725 1.
2772 676 2884 726 art.
2921 671 2971 726 1.
3007 670 3198 743 Major.
3229 689 3282 739 q.
3315 672 3369 728 4.
3411 673 3599 731 Palud.
3661 690 3714 742 q.
3747 677 3799 733 4.

2239 735 2400 792 Suar.
2438 742 2564 792 tom.
2594 739 2730 808 3.p.
2761 742 2814 797 3.
2847 743 2905 798 d.
2947 740 3000 799 3.
3038 759 3082 799 s,
3114 742 3165 800 3.
3195 746 3249 800 et
3266 746 3322 800 d.
3352 746 3408 801 4.
3439 763 3487 803 ε.
3529 748 3585 803 4.
3618 746 3791 819 Vasq.

2239 805 2291 861 3.
2321 822 2375 875 p.
2406 808 2462 863 d.
2501 810 2625 867 130.

2328 984 2624 1058 Habito
2659 987 2751 1059 de
2788 991 3300 1066 Sacramenti
3332 994 3790 1085 quidditate‚

2244 1118 2521 1190 quaero
2563 1102 2656 1175 de
2704 1104 2870 1194 ejus
2905 1106 3454 1188 institutione.
3518 1118 3794 1186 utrum
3828 1156 3946 1222 Mag

2242 1238 2392 1309 PI'O
2451 1224 2820 1313 tempore
2878 1225 3454 1321 cujuscumque
3496 1230 3700 1323 legis
3752 1255 3797 1305 a
3828 1222 4051 1284 Argum.
4091 1223 4138 1272 ¹.

2241 1334 2407 1405 Deo
2447 1335 2677 1415 datae.
2706 1338 3069 1414 debuerit
3111 1342 3432 1417 institui
3475 1346 3797 1439 aliquod

2245 1453 2909 1528 Sacramentum?
2953 1459 3173 1541 Quod
3214 1463 3601 1554 non,qu*ia
3653 1485 3801 1537 non

2244 1570 2584 1658 legimus
2636 1571 2727 1643 de
2790 1573 3064 1667 aliquo
3119 1578 3643 1654 Sacramento
3693 1580 3805 1653 in·

2246 1687 2540 1761 stituto
2612 1708 2659 1760 a
2727 1690 2893 1763 Deo
2965 1712 3113 1783 pro
3164 1699 3536 1789 tempore
3598 1698 3801 1791 legis

2246 1809 2595 1889 naturam
2644 1810 3270 1886 Sacramentum
3323 1819 3600 1890 autem
3642 1837 3803 1890 non

2248 1928 2518 2015 potest
2562 1924 2882 1999 institui
2948 1929 3107 2002 nisi
3161 1949 3208 2001 a
3272 1933 3465 2015 Deo,
3530 1956 3801 2008 secun-

2244 2040 2430 2111 dum
2473 2040 2647 2134 ejus
2711 2044 3252 2120 definitionem
3290 2074 3305 2130 ;
3350 2070 3574 2143 ergo,
3635 2057 3797 2128 etc.

2337 2158 2893 2234 confirmatur
2927 2181 3071 2254 per
3101 2165 3608 2255 Gregorium,
3673 2175 3803 2241 Mo-

2242 2269 2373 2335 ral.
2447 2273 2512 2334 4.
2582 2271 2774 2344 libro,
2831 2276 2912 2343 et
3008 2273 3346 2363 ponitur
3385 2279 3468 2344 de
3529 2282 3795 2352 Consec.

2244 2375 2543 2442 distinct.
2616 2381 2682 2444 4.
2761 2378 2938 2465 quod
2983 2383 3168 2466 apud
3231 2405 3353 2449 nos
3408 2384 3581 2452 valet
3629 2410 3803 2475 aqua

2247 2484 2601 2569 Baplismi,
2640 2487 2761 2551 hoe
2791 2490 2925 2573 eqit
2965 2492 3151 2575 apud
3211 2504 3480 2565 veteres.
3523 2497 3628 2562 vel
3678 2519 3802 2582 pro

2239 2591 2546 2677 parvulis
2600 2592 2746 2659 sola
2804 2595 2997 2677 sides,
3077 2600 3178 2665 vel
3236 2622 3364 2687 pro
3438 2604 3804 2687 majoribus

2246 2709 2459 2773 virtus
2503 2710 2874 2793 sacrificii,·
2935 2731 3132 2803 ergo
3171 2735 3331 2787 non
3380 2713 3535 2791 suit
3593 2722 3801 2811 apud

2245 2842 2384 2894 eos
2411 2825 3056 2900 Sacramentum.
3125 2830 3269 2904 Sed
3305 2833 3573 2925 major
3594 2835 3801 2909 vide·

2248 2940 2387 3011 tur
2417 2959 2594 3010 esse
2634 2943 3083 3017 necessitas
3124 2966 3273 3038 pro
3308 2949 3583 3042 aliqua.
3621 2952 3800 3045 lege

2250 3055 2464 3129 ratio
2508 3060 3016 3134 Sacramenti
3052 3069 3341 3140 contra
3395 3069 3793 3155 morbum,

2249 3183 2488 3255 quam
2524 3166 2827 3258 aliquid
2865 3169 3104 3243 aliud.

2374 3284 2598 3366 Item,
2663 3287 2877 3358 Deus
2935 3308 3093 3360 non
3134 3292 3272 3363 est
3310 3313 3580 3376 causa,
3653 3317 3797 3371 nec

2200 3391 2379 3462 dat
2491 3392 2796 3467 directe
2874 3397 3384 3471 occasionem
3469 3406 3796 3478 errandi

2248 3506 2597 3591 homini;
2648 3512 2777 3584 sed
2814 3512 2891 3583 in
2920 3513 3435 3590 sensibilibus
3462 3539 3640 3594 esse
3681 3543 3799 3595 sa-

2250 3626 2502 3699 lutem
2540 3633 2664 3703 est
2705 3627 3012 3704 directe
3065 3635 3391 3708 occasio
3440 3641 3794 3725 errandi,

2249 3742 2436 3834 qnia
2486 3744 2801 3819 scilicet
2869 3749 3238 3824 credendi
3296 3754 3596 3846 aliquid
3657 3779 3801 3831 nu-

2248 3859 2701 3948 minisesse
2757 3864 2837 3936 in
2886 3866 3185 3940 talibus
3251 3872 3796 3960 sensibilibus,

2246 3982 2326 4050 et
2407 3998 2552 4070 per
2629 4001 3127 4074 consequens
3182 3984 3797 4076 idololatrandi;

2247 4110 2446 4182 ergo
2481 4095 2697 4166 Deus
2732 4115 2890 4167 non
2929 4097 3282 4173 instituit
3308 4103 3607 4196 aliquid
3637 4129 3802 4180 sen-

2250 4207 2502 4290 sibile,
2562 4216 2646 4285 ut
2698 4211 2774 4283 in
2818 4233 2913 4285 eo
2948 4215 3073 4286 vel
3120 4237 3264 4308 per
3326 4219 3517 4292 illud
3586 4227 3799 4298 esset

2250 4324 2474 4397 salus
2528 4328 2980 4417 quaerenda.

2339 4444 2567 4524 Item,
2625 4444 2836 4515 Deus
2906 4463 3067 4516 non
3124 4447 3608 4536 immediate,
3666 4456 3798 4529 sed
3831 4477 4062 4542 Argum.
4100 4485 4162 4536 3.

2253 4575 2395 4647 per
2447 4554 2915 4628 ministrum
2969 4559 3325 4652 aliquam
3372 4565 3628 4658 legem
3677 4571 3799 4643 de·

2248 4674 2394 4745 dit.
2450 4673 2682 4745 Patet
2722 4674 2810 4743 de
2851 4673 3027 4764 lege
3061 4677 3429 4754 Mosai‘ca
3492 4704 3635 4777 per
3684 4692 3801 4761 to-

2251 4794 2469 4871 tum;
2505 4810 2704 4882 ergo
2758 4790 3144 4867 similiter
3174 4797 3266 4871 de
3306 4800 3479 4897 lege
3554 4807 3805 4879 Evan-

2250 4907 2509 4998 gelica
2542 4908 2885 4992 videtur,
2938 4913 3142 5003 quod
3186 4915 3507 4992 institui
3544 4925 3806 5012 potuit

2253 5024 2377 5096 vel
2466 5023 2828 5098 ordinari
2917 5028 3109 5102 illud
3189 5035 3806 5113 Sacramentum

2256 5160 2400 5233 per
2440 5141 2687 5214 alium
2715 5143 3301 5231 ministrum,et
3342 5171 3503 5225 non
3534 5173 3807 5228 neces-

2255 5257 2478 5329 sario
2524 5258 2983 5335 immediate
3024 5284 3071 5336 a
3122 5258 3316 5338 Deo.

2364 5374 2593 5455 Item,
2649 5394 2827 5445 cum
2908 5376 3182 5468 plures
3227 5379 3443 5472 leges
3502 5383 3810 5462 fuerint

2256 5512 2350 5564 eo
2447 5493 2677 5575 datae,
2754 5491 2821 5565 si
2902 5495 3338 5587 cujuslibet
3436 5505 3805 5595 tempore

2256 5610 2505 5689 fuerit
2541 5614 3155 5690 Sacra-mentum
3191 5633 3238 5688 a
3285 5616 3452 5691 Deo
3486 5618 3807 5699 institu-

3952 1132 4146 1209 .('3.n.

3830 3368 4055 3433 Argum.
4095 3371 4155 3423 2.

3838 5470 4071 5534 Argum.
4112 5476 4140 5523 ⁴
4160 5514 4176 5528 .
