4287 6313
285 1784 552 1863 sentehtia

375 1876 488 1922 utra

285 1934 545 1991 Doctoris.

604 291 723 369 3²54

611 473 1037 539 concernebat
1067 472 1563 561 primogenitos
1609 491 1739 537 non
1788 470 1973 550 alios,
2037 489 2147 536 ne·

606 607 734 674 que
783 587 1108 668 foeminaS,
1169 589 1340 655 unde
1392 588 1708 654 minuitur
1790 587 1893 653 vis
1950 607 2149 673 argu-

602 703 1018 792 menti,quod
1051 715 1302 771 tantum
1329 703 1593 770 formari
1630 703 1833 790 possit
1862 723 2055 769 casus
2080 702 2147 767 in

603 820 1062 909 primogenitis
1094 822 1479 902 infantibus,
1517 834 1834 909 quantum
1865 819 1944 886 ad
1976 818 2147 885 obli-

599 936 930 1022 gationem
973 938 1305 1027 propriam
1344 938 1539 1026 legis,
1593 958 1742 1028 quae
1794 956 2147 1004 concerne-

602 1051 711 1118 bat
759 1052 1063 1136 infanteS,
1127 1067 1238 1121 aut
1282 1066 1585 1142 parentes
1625 1054 1874 1120 ratione
1924 1052 2145 1118 infan-

601 1177 766 1237 tum.
820 1173 916 1236 Ex
966 1171 1206 1257 quibus
1265 1183 1443 1260 patet
1501 1171 1580 1237 ad
1638 1170 1855 1236 omnia
1910 1167 2146 1235 funda-

601 1298 821 1353 menta
854 1286 1160 1370 aliorum,
1215 1289 1499 1356 tenendo
1566 1287 1957 1354 sententiam
2018 1291 2147 1353 Do-

598 1401 797 1469 ctoris
820 1405 1007 1491 juxta
1042 1405 1640 1492 interpretationem
1701 1423 2141 1482 communem,

602 1538 795 1605 quam
866 1523 1170 1588 Doctores
1233 1520 1408 1588 citati
1510 1533 1573 1588 et
1637 1522 1781 1608 eJus
1839 1516 2143 1604 discipuli

605 1632 938 1703 adhibent.

694 1753 1018 1818 Caeterum
1060 1751 1281 1819 nescio
1301 1771 1417 1818 cur
1449 1751 1532 1817 ita
1574 1754 1913 1816 Doctorem
1947 1748 2147 1815 inter-

605 1867 845 1950 pretari
883 1887 1218 1953 cogamur,
1283 1887 1431 1935 cum
1483 1887 1668 1934 mens
1699 1868 1842 1951 ejus
1899 1886 1980 1932 ex
2018 1864 2150 1930 dis-

602 2004 799 2050 cursu
829 1983 1047 2072 colligi
1090 1984 1341 2064 debeat,
1388 1984 1499 2071 qui
1531 1984 1668 2071 agit
1725 1982 1806 2049 de
1855 1982 2145 2048 Circum-

600 2099 871 2180 cisione,
911 2111 981 2166 ut
1011 2112 1150 2166 erat
1181 2099 1546 2167 necessaria
1595 2099 1983 2165 necessitate
2017 2117 2143 2163 me·

601 2214 717 2295 dii,
752 2215 831 2282 ad
883 2215 1242 2283 tollendum
1288 2226 1622 2301 peccatum
1671 2213 2015 2301 originale,
2080 2224 2145 2278 et

599 2331 679 2399 ad
738 2352 1068 2400 summum
1136 2332 1218 2399 de
1248 2343 1573 2420 praecepto
1610 2351 1891 2410 annexo,
1930 2342 1999 2397 ut
2030 2331 2141 2396 ha-

603 2447 742 2515 buit
770 2449 940 2516 hanc
968 2449 1447 2527 necessitatem,
1486 2447 1657 2535 quod
1684 2446 1809 2514 fuit
1839 2446 2139 2513 divinum

601 2566 897 2633 naturale
935 2587 1015 2633 ex
1046 2565 1500 2653 suppositione
1529 2563 1965 2631 institutionis
1995 2565 2140 2651 ejus

598 2692 668 2747 ut
721 2680 915 2748 medii
976 2680 1326 2748 necessarii
1397 2679 1473 2746 ad
1543 2680 1720 2746 hunc
1803 2678 2133 2757 effectum,

598 2816 726 2861 non
769 2795 1028 2864 videtur
1058 2809 1274 2864 autem
1306 2816 1502 2882 agere
1543 2794 1623 2860 de
1663 2804 1988 2881 praecepto
2050 2790 2143 2856 le-

596 2911 726 2997 gali
767 2921 832 2977 et
871 2912 1176 2998 positiVO.
1212 2910 1461 2997 Duplex
1509 2910 1684 2976 enim
1733 2901 2137 2997 'praeceptum

597 3025 718 3092 fuit
747 3026 1298 3106 circumcisionis,
1354 3024 1529 3092 aliud
1572 3025 1790 3091 datum
1826 3024 2130 3102 Abrahae,

595 3163 675 3208 ex
714 3163 842 3230 quo
893 3141 1597 3229 induit-‘necessitatem
1656 3139 1889 3220 medii;
1958 3137 2134 3207 aliud

589 3278 747 3325 vero
812 3258 1043 3346 legale,
1105 3279 1233 3345 quo
1290 3258 1534 3325 credita
1574 3269 1727 3324 sunt
1784 3257 1841 3323 ei
1874 3256 2132 3344 eloquia

589 3373 725 3453 Dei,
770 3384 841 3440 ut
878 3373 1036 3440 dicit
1066 3372 1326 3450 Paulus,
1363 3383 1429 3438 et
1458 3383 1528 3438 ut
1567 3371 1656 3437 ait
1687 3375 1943 3451 Doctor,
1979 3390 2133 3437 con-

589 3488 844 3557 firmata
882 3501 980 3557 est
1019 3510 1133 3576 per
1209 3490 1420 3575 legem
1485 3489 1769 3554 Leuitici
1831 3491 1934 3554 12.
1998 3491 2131 3554 Hoc

589 3620 986 3694 praeceptum
1037 3607 1244 3694 legale
1293 3606 1552 3685 mansit,
1611 3605 1918 3691 quamdiu
1989 3604 2129 3691 ipsa

588 3721 692 3790 lex
731 3721 1065 3809 obligavit,
1100 3722 1385 3808 primum
1418 3741 1574 3786 vero
1605 3719 1988 3805 specificans
2021 3741 2130 3786 ne·

584 3838 955 3905 cessitatem
1005 3838 1226 3916 medii,
1272 3837 1572 3903 instituto
1603 3837 1958 3922 Baptism0,
1994 3857 2130 3903 ces·
2180 3923 2193 3934 ,

585 3954 855 4035 savit,et
883 3954 962 4020 de
987 3955 1112 4021 hoc
1131 3953 1344 4021 solum
1373 3952 1511 4039 agit
1540 3955 1795 4019 Doctor,
1833 3952 2015 4017 Unde
2057 3952 2122 4018 in

578 4065 1073 4137 confirmatione
1119 4067 1410 4154 subjecta
1461 4066 1640 4148 dicit,
1694 4066 1749 4131 si
1813 4066 2126 4153 parvulus

578 4185 939 4272 baptizatus
989 4194 1351 4250 moreretur
1404 4182 1650 4269 absque
1696 4181 2123 4253 Circumcisi-

577 4322 728 4381 one,
750 4299 923 4388 quod
954 4296 1523 4375 salvaretur,unde
1562 4296 1812 4382 colligit
1833 4296 2122 4363 circum-

575 4417 827 4484 sionem
866 4416 925 4483 ei
968 4436 1095 4481 non
1136 4413 1340 4482 fuisse
1379 4413 1840 4480 necessariam.
1904 4416 1980 4479 Et
2020 4434 2119 4478 re-

573 4529 956 4617 spondendo
987 4528 1065 4594 ad
1098 4526 1431 4615 replicam‚
1466 4525 1623 4592 dicit
1674 4525 1847 4611 quod
1882 4546 2119 4612 paren-

577 4658 675 4714 tes
725 4645 994 4714 infantis
1055 4655 1305 4711 tantum
1349 4641 1738 4709 tenebantur
1791 4642 1850 4708 ei
1892 4642 2116 4727 provi-

573 4765 726 4832 dere
755 4764 836 4832 de
900 4761 1187 4829 remedio
1264 4759 1657 4825 necessari0.
1732 4760 1890 4824 [tem
1949 4757 2115 4824 infra

570 4892 795 4949 contra
823 4878 1175 4947 secundam
1224 4877 1649 4943 assertionem
1722 4887 2111 4961 argumento

568 4999 783 5077 tertio,
819 4995 1018 5063 sumit
1053 5004 1515 5081 argumentum
1556 5012 1638 5058 ex
1679 4990 2102 5076 obligatione,

566 5134 761 5201 quam
786 5111 1112 5179 habebant
1141 5109 1345 5176 Judaei
1370 5098 1876 5174 circumcidendi
1902 5127 2110 5195 usque

562 5230 643 5298 ad
710 5241 968 5316 tempus
1071 5224 1619 5315 promulgationis
1733 5223 2101 5310 Evangelii,

564 5349 718 5438 quia
769 5367 897 5414 non
964 5344 1304 5413 constabat
1388 5341 1469 5408 de
1507 5340 1920 5409 revocatione
1969 5340 2104 5406 Cir-

571 5463 1018 5553 cumcisionis,
1065 5473 1188 5529 etc.
1222 5463 1300 5528 Et
1331 5462 1366 5544 g
1394 5459 1692 5557 sequenti
1748 5477 1951 5545 agens
2015 5458 2097 5525 de

1749 297 1903 372 Lm.
1948 301 2049 372 1V.
2094 303 2689 371 SENTENTIARUM

2263 469 2549 544 secundo
2580 479 2874 556 tempore
2912 468 3469 548 circumcisionis,
3515 468 3674 536 dicit
3705 467 3801 555 ip·

2261 607 2401 653 sam
2441 588 2646 654 fuisse
2675 587 2899 655 utilem
2949 598 3253 654 currente
3298 586 3626 672 Baptismo
3665 596 3804 651 tan-

2260 713 2396 771 tum
2423 705 2545 771 sub
2577 705 2875 783 consiliO,
2940 725 3069 771 non
3144 725 3302 771 vero
3365 701 3802 770 necessariam

2258 819 2711 904 determinate,
2748 821 2861 888 sed
2904 821 3338 888 necessariam
3390 822 3513 889 sub
3552 820 3797 909 disjun-

2255 932 2489 1017 ctione,
2533 936 2638 1003 vel
2679 935 2913 1023 ipsam,
2953 938 3057 1003 vel
3099 937 3528 1023 Baptismum.

2346 1052 2661 1138 Loquitur
2716 1056 2948 1121 Doctor
3003 1054 3083 1121 de
3135 1066 3461 1141 praecepto
3510 1052 3800 1120 circum-

2256 1164 2525 1232 cisionis
2601 1167 2668 1233 in
2728 1168 2980 1235 ratione
3040 1167 3261 1248 medii,
3325 1167 3498 1256 quod
3557 1167 3798 1234 desinit

2255 1279 2548 1367 obligare
2584 1281 3010 1350 determinate
3040 1287 3210 1350 sicut
3231 1284 3436 1370 prius,
3472 1283 3622 1372 quia
3654 1304 3798 1369 pro·

2256 1396 2472 1465 visum
2516 1412 2612 1465 est
2649 1400 2729 1466 de
2767 1401 2893 1466 alio
2934 1400 3146 1467 medio
3205 1400 3452 1469 efficaci
3502 1414 3801 1488 respectu

2257 1509 2556 1603 ejusdem
2624 1515 2915 1594 effectus,
2980 1516 3220 1584 mansit
3260 1529 3480 1584 tamen
3519 1517 3641 1584 sub
3678 1517 3805 1584 dis-

2249 1629 2591 1716 junctione
2650 1643 2713 1699 et
2743 1631 3246 1701 indeterminate
3305 1633 3652 1721 obligans;
3697 1643 3809 1700 est

2257 1746 2431 1812 enim
2473 1747 2551 1812 de
2583 1761 2810 1815 natura
2860 1750 3168 1836 praecepti
3209 1750 3560 1838 generalis,
3619 1748 3807 1817 utsic

2261 1862 2365 1927 vel
2424 1862 2520 1930 sic
2584 1863 2832 1951 obliget
2905 1876 3148 1932 mutata
3220 1876 3452 1933 natura
3522 1877 3587 1931 et
3631 1876 3798 1932 statu

2259 1976 2620 2046 mediorum
2671 1980 2748 2046 ad
2803 1979 3045 2060 finem;
3117 1994 3515 2068 praeceptum
3577 2002 3805 2069 procu-

2257 2094 2478 2161 randae
2507 2094 2734 2163 salutis
2773 2096 3017 2185 obligat
3057 2098 3135 2164 ad
3189 2099 3476 2165 medium
3533 2098 3796 2165 unicum

2255 2220 2507 2275 tantum
2586 2222 2649 2277 et
2704 2210 3155 2291 determinate,
3227 2212 3281 2279 si
3348 2212 3521 2279 aliud
3564 2210 3793 2280 efficax

2260 2343 2388 2389 non
2446 2337 2769 2411 suppetat,
2823 2328 2877 2394 si
2936 2338 3153 2395 tamen
3229 2327 3349 2395 alia
3413 2338 3787 2415 suppetant,

2253 2440 2500 2529 obligat
2529 2443 2650 2508 sub
2680 2441 3141 2530 disjunctione.
3224 2444 3375 2512 Tale
3405 2457 3503 2512 est
3544 2466 3789 2533 praece-

2253 2567 2435 2643 ptum
2467 2557 2765 2627 divinum
2801 2561 3093 2626 naturale
3133 2560 3564 2647 procurandae
3622 2562 3823 2629 salu--

2248 2671 2363 2749 tia,
2409 2672 2582 2761 quod
2622 2687 2771 2741 ante
2822 2674 3302 2742 institutionem
3362 2677 3676 2763 Baptismi
3710 2677 3790 2743 li-

2252 2788 2601 2855 mitabatur
2630 2792 2706 2857 ad
2737 2790 3314 2859 Circumcisionem
3378 2793 3676 2873 masculi,
3721 2793 3790 2860 in

2252 2903 2361 2970 illo
2396 2906 2656 2993 populo,
2718 2907 2823 2974 die
2869 2920 3098 2975 octavo
3164 2908 3593 2976 determinate
3636 2932 3653 2988 ;
3694 2909 3792 2975 in-

2248 3021 2475 3089 stituto
2516 3044 2671 3090 vero
2711 3025 3042 3110 Baptismo
3075 3026 3197 3092 sub
3255 3025 3694 3114 disjunctione
3723 3037 3791 3092 et

2247 3137 2747 3206 indeterminate
2866 3140 3221 3229 obligabat,
3317 3142 3627 3230 quamdiu
3670 3147 3784 3211 Ba·

2244 3254 2525 3342 ptismus
2561 3256 2800 3323 mansit
2831 3258 2954 3324 sub
2984 3258 3261 3324 consilio
3296 3282 3311 3338 ;
3358 3275 3671 3328 evacuata
3700 3283 3783 3329 ex

2242 3381 2376 3436 toto
2416 3372 2927 3439 Circumcisione
2980 3375 3059 3440 ad
3110 3374 3324 3442 solum
3369 3376 3776 3462 Baptismum

2240 3485 2580 3564 limitatur,
2617 3486 2828 3575 quoad
2900 3489 3233 3555 materiam
3286 3492 3528 3577 peccati
3579 3492 3781 3580 origi-

2243 3604 2431 3685 naliS,
2479 3615 2543 3669 et
2594 3603 3052 3689 incorporandi
3092 3625 3163 3671 se
3210 3606 3489 3686 cbristO,
3557 3620 3620 3674 et
3650 3608 3780 3696 legi

2239 3740 2451 3798 novae,
2534 3720 2597 3784 in
2639 3739 2766 3807 qua
2825 3719 2961 3786 sola
3003 3719 3191 3787 datur
3220 3722 3417 3798 salus,
3453 3724 3530 3790 ad
3573 3726 3783 3811 Bapti-

2238 3858 2480 3916 smum,
2520 3836 2811 3925 inquam,
2857 3836 2960 3904 vel
2994 3837 3059 3903 in
3101 3859 3194 3917 re,
3238 3838 3337 3905 vel
3382 3839 3446 3905 in
3488 3853 3640 3907 voto
3698 3842 3779 3908 de

2236 3952 2383 4038 lege
2420 3951 2770 4019 ordinaria.
2829 3954 2971 4018 Non
3021 3953 3159 4040 agit
3199 3973 3359 4042 ergo
3434 3958 3665 4022 Doctor
3692 3956 3775 4024 de

2238 4080 2562 4154 praecepto
2633 4069 2914 4155 positivo
3000 4069 3563 4152 circumcisionis,
3601 4075 3771 4159 quod

2235 4182 2606 4250 confirmari
2668 4196 2880 4270 potest
2937 4206 3012 4251 ex
3072 4184 3195 4251 bac
3238 4186 3657 4254 distinctione
3695 4191 3771 4254 in

2232 4300 2610 4386 Reportacis
2638 4311 2863 4386 quaest.
2910 4305 2974 4367 5.
3026 4301 3136 4367 ubi
3200 4303 3367 4370 hanc
3427 4304 3763 4371 materiam

2236 4424 2465 4480 tractat
2505 4417 2537 4499 ξ
2599 4417 2797 4480 Circa
2848 4416 3292 4501 quaestionem,
3355 4429 3477 4485 etc.
3522 4420 3765 4503 Dupli-

2229 4531 2414 4608 citer,
2507 4530 2742 4619 inquit,
2805 4533 2943 4616 fuit
3028 4534 3478 4620 promulqatio
3579 4536 3767 4619 facea

2228 4647 2582 4731 Baptismi.
2630 4646 2770 4712 Uno
2799 4647 2993 4714 modo
3041 4670 3167 4734 per
3232 4648 3492 4736 modum
3553 4651 3769 4716 consi-

2229 4759 2332 4841 lii,
2374 4762 2642 4827 Christo
2714 4764 3020 4829 veniente
3048 4765 3143 4831 -in
3172 4786 3391 4844 carne,
3476 4765 3592 4831 sed
3634 4786 3770 4833 non

2220 4897 2345 4962 per
2383 4877 2651 4942 modum
2691 4880 3034 4964 praecepti.
3089 4881 3323 4945 Primo
3380 4880 3577 4945 modo
3634 4901 3771 4946 non

2220 4992 2356 5075 fuit
2421 4994 2864 5059 necessarium
2932 4995 3227 5080 recipere
3320 4997 3761 5081 Baptismum,

2220 5107 2381 5191 quia
2411 5116 2567 5172 tunc
2600 5108 3073 5194 imponebatur
3111 5111 3482 5175 necessario
3511 5109 3766 5175 Judoeis

2223 5224 2660 5291 Circumcisio
2690 5247 2892 5314 usque
2923 5228 3013 5293 ad
3041 5228 3416 5314 passionem
3472 5227 3755 5309 Christi,

2214 5352 2275 5406 et
2317 5343 2485 5428 leqes
2519 5341 2843 5423 Mosaicae,
2880 5355 3005 5411 etc.
3057 5344 3229 5409 Infra
3261 5356 3478 5410 autem
3549 5345 3761 5432 impu-

2213 5467 2374 5542 gnat
2420 5456 2708 5524 dicentes
2742 5458 3173 5525 necessariam
3223 5459 3492 5527 omnino
3550 5460 3756 5529 fuisse
