4287 6313
190 1903 335 1955 Ratio

1561 432 1762 495 Dls’r.
1798 433 1844 493 l.
1878 425 2235 506 QUAESTlo
2259 426 2360 490 111.

457 600 659 682 tum,
707 614 904 687 ergo
955 596 1195 678 aliud,
1264 598 1344 669 et
1397 591 1652 667 aliud;
1705 586 1893 681 quia
1943 584 2012 658 si

453 716 1074 787 Sacramentum
1122 712 1327 803 legis
1364 709 1667 804 prioris
1704 725 2015 779 reman-

450 823 696 894 sisset
773 824 1146 913 tempore
1211 819 1411 911 legis
1496 814 2011 909 posterioris,

447 957 611 1011 non
643 936 933 1010 fuisset
967 936 1182 1009 aliud
1231 935 1700 1008 institutum
1737 952 1885 1026 pro
1912 931 2015 1002 le-

446 1074 546 1145 ge
608 1051 1085 1146 posteriori;
1155 1051 1286 1124 sed
1332 1069 1832 1141 consequens
1893 1050 2017 1121 est

449 1168 1048 1250 inconveniens,
1082 1168 1270 1261 quia
1291 1188 1451 1239 vox
1485 1163 1732 1238 semel
1764 1164 2016 1255 impo·

452 1287 615 1361 sita
655 1286 751 1359 ad
811 1284 1456 1376 significandum,
1497 1300 1817 1374 semper
1849 1298 2016 1351 ma-

451 1407 588 1475 net
686 1402 1237 1493 significativa
1317 1401 1727 1493 ejusdem;
1815 1414 2014 1487 ergo

462 1518 719 1593 multo
771 1519 1031 1610 magis
1081 1518 1404 1610 signum
1449 1515 1696 1588 semel
1747 1534 1794 1586 a
1849 1514 2016 1586 Deo

461 1635 937 1728 impositum
1005 1654 1330 1728 semper
1382 1636 1653 1706 manet
1720 1627 2016 1721 signifi-

462 1757 739 1827 catum
783 1752 1168 1843 ejusdem.

555 1873 883 1952 Contra,
928 1865 1433 1960 Augustinus
1490 1868 1782 1939 contra
1818 1864 2015 1934 Fau-

129 1971 179 2019 ¹²¹
199 1968 424 2034 ⁰⁹⁰⁰⁵³‘·
464 1990 682 2060 stum
708 1988 816 2059 19.
849 1989 922 2054 Ιη
947 1988 1208 2053 nullum
1228 2008 1467 2052 nomen
1497 1984 1848 2071 reliyionis
1871 2004 2010 2048 coa·

255 3309 300 3357 2.

471 2107 704 2193 qulari
764 2116 1042 2192 possunt
1072 2105 1392 2182 homines,
1457 2103 1595 2168 nisi
1638 2101 2018 2186 aliquorum

457 2224 803 2309 siqnorum
825 2221 997 2286 velut
1031 2221 1620 2286 Sacramentorum
1650 2216 2018 2283 visibilium

472 2339 808 2403 consortio
837 2338 1263 2424 colliyemur.

1037 2533 1443 2591 SCHOLIUM.

528 2713 886 2771 Necessitas
919 2711 1309 2770 sacramenti
1341 2709 1595 2782 probari
1631 2725 1752 2766 non
1788 2714 2013 2782 potest;

456 2805 822 2874 congruitas
854 2808 918 2860 et
952 2803 1190 2861 utilitas
1223 2803 1358 2873 ejus
1387 2816 1500 2873 per
1532 2802 1839 2858 rationem
1872 2816 2017 2858 con-

459 2899 611 2963 stat3
647 2892 811 2949 illud
845 2894 1207 2948 institutum
1238 2905 1391 2957 esse,
1424 2904 1538 2961 per
1577 2891 2015 2946 auctoritatem

462 2989 708 3045 tantum
731 2982 1020 3040 habetur.

562 3160 715 3231 Hic
805 3160 1161 3250 quatuor
1239 3154 1338 3244 (a)
1401 3159 1588 3227 sunt
1654 3153 2014 3226 videnda.

469 3276 779 3352 Primo,
812 3272 1021 3365 quod
1045 3273 1663 3346 Sacramentum
1699 3271 1910 3364 aliqu
1934 3271 2020 3344 od

465 3390 624 3463 fuit
660 3387 1273 3473 instituendum.
1313 3385 1701 3468 SecundO,
1747 3406 1795 3457 a
1833 3406 1923 3477 qu
1949 3407 2015 3469 o,

466 3507 662 3599 quia
696 3505 1158 3578 immediate
1201 3523 1246 3575 a
1299 3505 1500 3576 Deo.
1556 3502 1861 3585 Tertio,
1916 3523 2020 3575 an

469 3643 624 3715 pro
694 3626 1065 3713 tempore
1117 3620 1698 3711 cujuscumque
1751 3622 2019 3692 status

464 3739 623 3811 viae
663 3743 842 3830 post
875 3737 1225 3828 lapsum.
1276 3739 1612 3817 Quarto,
1667 3754 1770 3805 an
1802 3734 2022 3807 aiiud

467 3859 554 3929 et
587 3853 801 3926 aliud
851 3873 996 3946 pro
1052 3854 1274 3925 statu
1309 3850 1653 3924 alterius
1703 3861 1782 3922 et
1824 3851 2022 3924 alte-

474 3974 654 4045 rius
687 3971 947 4062 legis?

558 4091 675 4162 De
711 4088 978 4181 primo
1043 4085 1247 4167 dico,
1288 4085 1496 4178 quod
1550 4087 2023 4158 Sacramen-

467 4213 647 4281 tum
680 4206 966 4280 debere
991 4203 1508 4285 institui‚non
1543 4205 1811 4295 potest
1847 4223 2025 4293 pro-

468 4323 650 4395 bari
671 4322 1160 4402 necessario,
1189 4342 1444 4414 neque
1467 4340 1515 4392 a
1538 4320 2027 4413 p1·iori‚quia

468 4441 685 4512 Deus
708 4442 946 4512 extra
982 4459 1066 4508 se
1091 4436 1290 4509 nihil
1324 4436 1496 4526 agit
1529 4437 2021 4515 necessario,

466 4574 736 4646 neque
764 4574 810 4626 a
848 4552 1293 4646 posteriori
1321 4553 1529 4625 sicut
1565 4552 1810 4635 afine,
1841 4553 2029 4643 quia

468 4671 844 4744 absolute
912 4667 1299 4763 possibile
1366 4672 1582 4741 esset
1648 4667 2025 4741 effectum

469 4786 968 4861 invisibilem
1019 4784 1300 4857 haberi
1353 4783 1523 4856 sine
1565 4784 1712 4858 tali
1763 4784 2022 4877 signo.

470 4906 618 4980 Sed
662 4903 872 4997 quod
905 4921 1362 4993 congruum
1421 4901 1673 4974 fuerit
1736 4904 2027 4976 Sacra-

471 5025 841 5094 mentum
875 5017 1224 5101 institui,
1273 5018 1673 5109 probatur
1709 5017 2029 5091 ratione

472 5137 728 5212 Simili
754 5136 1090 5229 illi,quae
1116 5135 1381 5227 posita
1413 5141 1539 5208 est
1562 5140 1634 5204 in
1650 5138 2030 5224 praeceden-

468 5271 530 5325 te
559 5257 954 5345 quoeseione,
993 5256 1067 5320 in
1105 5256 1324 5339 primo
1346 5255 1653 5332 amicale,
1686 5251 2030 5342 proban-

467 5378 545 5447 te
593 5368 1228 5465 possibilitatem
1267 5368 1798 5441 sacramenti.
1836 5371 2031 5442 Con-

465 5507 776 5584 gruum
828 5486 1052 5560 enim
1094 5488 1219 5558 est
1259 5484 1634 5558 effectum
1669 5483 2031 5557 invisibi-

459 5609 623 5681 lem
659 5601 1168 5692 causandum
1201 5621 1247 5674 a
1286 5604 1478 5686 Deo,
1518 5600 2027 5674 ordinantem

3542 422 3651 485 123

2122 585 2534 660 hominem
2595 587 2691 660 ad
2756 586 3130 667 salutem,
3210 582 3660 675 significari

2120 722 2267 796 per
2324 704 2645 795 aliquod
2702 702 3023 795 signum
3091 699 3495 781 sensibile,
3571 701 3654 771 ut

2116 821 2395 894 viator
2452 820 2866 914 inquirens
2936 817 3485 911 cognitionem
3560 836 3659 888 ex

2119 936 2659 1020 sensibilibuS‚
2732 936 3109 1009 effectum
3175 934 3403 1006 illum
3464 932 3659 1005 invi-

2118 1054 2433 1127 sibilem
2466 1054 2775 1128 certius
2818 1055 3288 1145 cognoscat.
3325 1052 3489 1124 Nec
3537 1070 3663 1122 so-

2118 1172 2288 1245 lum
2358 1171 2736 1263 congruit
2785 1192 2962 1244 esse
3038 1170 3361 1260 signum
3420 1167 3661 1259 hujus

2117 1290 2455 1365 effectus
2514 1290 2745 1382 quasi
2818 1288 3440 1382 speculativum,
3517 1305 3662 1378 per

3733 1224 3982 1289 Congruit

3749 1287 3948 1361 institui

3745 1364 3944 1415 Signum

2120 1408 2324 1500 quod
2385 1406 2697 1480 scilicet
2746 1406 3004 1499 possit
3055 1404 3336 1477 haberi
3384 1422 3660 1476 conce·
3706 1415 3989 1482 prm-ticum

2120 1529 2306 1617 ptus
2342 1524 2419 1597 in
2455 1524 2868 1598 intellectu
2910 1523 3002 1595 de
3034 1522 3173 1595 illo
3216 1521 3663 1613 signat0,ut

2117 1646 2310 1710 homo
2389 1640 2661 1731 signat
2731 1644 3114 1714 naturam
3194 1636 3656 1718 humanam,

2121 1756 2254 1828 sed
2301 1755 2621 1847 signum
2684 1756 2913 1848 quasi
2966 1753 3447 1847 practicum,
3512 1752 3664 1825 sci-

2122 1872 2311 1946 licet
2397 1873 2603 1963 quod
2664 1871 2934 1963 signat
3002 1870 3416 1961 signatum
3483 1887 3666 1940 esse

2116 1988 2244 2061 vel
2294 1988 2495 2060 fieri.
2568 1989 2733 2061 Nec
2791 1986 3046 2059 adhuc
3107 1986 3429 2077 signum
3481 2003 3659 2078 pra·

2117 2106 2423 2180 cticum
2501 2104 2831 2178 dubium
2911 2124 3047 2176 seu
3128 2102 3661 2195 aequivocum,

2116 2223 2245 2296 vel
2318 2224 2744 2305 incertum,
2819 2221 3007 2314 quia
3078 2221 3235 2295 etsi
3313 2240 3456 2312 per
3507 2220 3691 2293 tale,

2120 2343 2442 2437 signum
2474 2341 2909 2413 duceretur
2939 2338 3180 2410 homo
3217 2335 3296 2408 in
3336 2334 3675 2427 cogniti-

2120 2479 2354 2534 onem
2406 2456 2585 2531 fieri
2634 2455 2877 2548 hujus
2919 2455 3285 2539 effectuS,
3345 2473 3506 2526 non
3546 2457 3671 2526 ta-

2123 2596 2305 2659 men
2367 2576 2792 2667 appeteret
2864 2572 3057 2645 illud
3125 2570 3444 2663 signum
3517 2569 3672 2643 sibi

2120 2688 2486 2764 adhiberi
2565 2690 2909 2781 propter
3004 2684 3664 2759 incertitudinem

2121 2806 2335 2899 signi
2407 2808 2783 2898 respectu
2850 2808 3008 2891 fieri
3072 2801 3409 2894 signati;
3465 2820 3665 2892 ergo

2119 2925 2370 2999 talem
2402 2922 2778 2996 effectum
2816 2920 3128 3013 signari
3167 2939 3309 3012 per
3342 2918 3667 3009 signum

2120 3041 2582 3135 practicum
2643 3042 2958 3113 certum
3020 3043 3102 3112 et
3146 3036 3460 3118 efficax,
3515 3035 3673 3110 fuit

2121 3177 2605 3250 congruum,
2669 3161 2757 3231 ut
2806 3161 2887 3231 ct
2940 3155 3181 3228 homo
3233 3176 3333 3228 ex
3374 3154 3522 3227 tali
3576 3154 3674 3227 si-

2124 3296 2283 3367 gno
2320 3275 2694 3348 effectum
2736 3278 3208 3366 cognoscat,
3255 3280 3336 3347 et
3394 3273 3473 3344 in
3524 3273 3672 3346 tali

2121 3392 2355 3482 signo
2397 3391 2771 3464 effectum
2818 3391 3199 3464 ardenter
3234 3393 3575 3481 quaerat.

2213 3511 2377 3581 Nec
2428 3512 2700 3581 tamen
2758 3506 3141 3598 congruit
3212 3506 3533 3596 signum
3587 3505 3677 3577 il-

2125 3625 2255 3696 lud
2326 3644 2504 3695 esse
2591 3627 2908 3696 certum
2972 3622 3458 3696 certitudine
3542 3621 3672 3693 de-

2125 3739 2697 3820 monstrativa,
2741 3739 2872 3812 sed
2908 3737 3139 3830 quasi
3174 3743 3253 3808 ut
3287 3738 3367 3809 in
3419 3736 3673 3829 pluri-

2124 3857 2297 3929 bus,
2356 3856 2582 3930 Sicut
2631 3857 2846 3928 enim
2898 3855 2978 3929 in
3042 3853 3671 3948 speculabilibus

2126 3974 2449 4065 aliquod
2501 3975 2822 4065 signum
2880 3976 3003 4045 est
3038 3976 3381 4055 certum,
3436 3976 3517 4045 et
3549 3992 3673 4044 ne-

2125 4090 2577 4164 cessarium
2608 4090 2955 4181 aliquod,
3005 4093 3092 4163 ut
3144 4089 3223 4162 in
3275 4088 3666 4182 pluribus,

2121 4211 2345 4294 primo
2439 4210 2913 4287 Posteriorum,
3001 4205 3116 4278 Sic
3223 4209 3498 4297 posset
3576 4204 3671 4276 Si-

2129 4341 2373 4412 gnum
2427 4321 2878 4415 practicum
2910 4320 3206 4394 habere
3256 4319 3671 4394 certitudi-

2128 4458 2310 4510 nem
2346 4439 2576 4530 quasi
2638 4440 3215 4519 neccssariam,
3270 4437 3339 4509 si
3404 4437 3671 4529 ipsum

2130 4553 2716 4626 universaliter
2776 4558 2855 4627 et
2928 4551 3159 4644 quasi
3206 4552 3674 4624 necessario

2128 4669 2832 4743 concomitaretur
2898 4672 3059 4755 fieri
3118 4667 3484 4749 effectus,
3544 4666 3673 4740 vel

2129 4785 2729 4866 certitudinem,
2771 4788 2854 4857 ut
2891 4785 2969 4857 in
3004 4783 3398 4875 pluribuS‚
3455 4782 3522 4856 si
3566 4781 3678 4874 ip-

2130 4923 2309 4974 sum
2345 4902 3050 4976 concomitaretur
3091 4900 3456 4983 efl'ectuS,
3486 4900 3675 4973 utin

2134 5020 2527 5105 pluribus.
2637 5021 2819 5093 Non
2902 5018 3058 5092 fuit
3143 5023 3416 5092 autem
3493 5038 3675 5091 con·

2129 5157 2425 5230 gruum
2458 5157 2635 5209 esse
2668 5136 2987 5228 signum
3012 5136 3334 5227 aliquod
3356 5140 3673 5209 certum

2132 5252 2513 5334 sensibile
2583 5252 2850 5345 primo
2934 5252 3193 5334 modo,
3247 5253 3434 5344 quia
3486 5271 3669 5324 cum

2133 5370 2327 5444 illud
2362 5369 2684 5460 signum
2724 5367 3102 5441 sensibile
3134 5369 3413 5442 debeat
3454 5366 3676 5441 adhi-

2129 5486 2305 5559 beri
2339 5486 2437 5557 ab
2514 5484 2864 5570 homine,
2918 5488 3399 5579 sequeretur
3469 5483 3675 5576 quod

2133 5603 2211 5675 in
2245 5606 2654 5698 potestate
2687 5602 3038 5676 hominis
3090 5606 3306 5676 esset
3348 5601 3669 5692 signum

3740 1482 3952 1587 certqm,

3828 1555 3857 1587 u

3688 1603 3742 1655 in
3760 1598 4007 1675 pluribus,

3713 1662 3986 1719 inv1sibilis

3757 1733 3955 1795 gratiae.

3720 4222 3867 4272 Text.
3907 4219 3984 4272 423.
