4287 6313
587 396 706 457 624

246 559 573 675 {ffssffiffiY
601 560 695 622 rei
751 560 834 624 de
881 562 1199 624 relatione
1259 563 1666 625 extrinsecus
1711 561 2136 637 adveniente,

246 686 569 751 cognoscitur
598 694 742 756 quae
796 678 965 740 sicut
1018 679 1085 740 in
1128 696 1257 741 esse
1302 682 1608 760 causatur
1663 680 1743 742 ab
1801 680 2139 752 extremis,

276 751 541 880 ῗιὶἕιξάῧξ
594 791 684 854 ita
729 794 926 856 etiam
967 794 1033 855 in
1077 797 1392 872 coquosci,
1455 793 1676 874 quoad
1720 799 1996 874 primam
2041 795 2142 858 sui

300 886 533 938 ⁸⁹⁶⁰¹²¹¹¹'
594 907 1233 984 apprehensionem
1310 923 1461 986 quae
1518 910 1680 971 ratio
1750 925 1884 972 non
1946 910 2146 971 currit

595 1023 662 1085 in
707 1024 1024 1087 relatione
1082 1026 1488 1088 extrinsecus
1530 1024 1949 1099 adveniente,
2002 1042 2147 1106 quae

592 1141 674 1203 ab
705 1142 1015 1203 extremis
1059 1157 1191 1203 non
1224 1148 1557 1215 causatur,
1609 1142 1897 1223 ideoque
1927 1147 2147 1205 motus

594 1260 663 1318 et
729 1253 965 1336 figura,
1037 1274 1181 1336 quae
1242 1262 1400 1319 sunt
1456 1258 1837 1332 relationes,
1898 1258 2149 1320 cadunt

595 1371 719 1433 sub
780 1388 1052 1434 sensum
1112 1378 1431 1451 tanquam
1472 1374 1805 1438 sensibilia
1854 1390 2143 1436 commu-

594 1485 729 1560 nia,
767 1495 833 1550 et
873 1489 1283 1566 probabilius
1314 1499 1414 1555 est
1441 1508 1555 1554 eas
1602 1492 1850 1554 habere
1889 1491 2149 1568 species

595 1607 917 1682 proprias,
992 1608 1287 1685 quamvis
1358 1613 1739 1688 supponant
1782 1608 2149 1669 motionem

606 1720 930 1784 sensibilis
987 1722 1256 1800 proprii.
1314 1724 1627 1799 Quamvis
1699 1738 1859 1801 ergo
1914 1721 2149 1783 relatio

609 1838 1017 1899 extrinsecus
1085 1838 1457 1902 adveniens·
1523 1856 1651 1901 non
1722 1837 2151 1916 intelligatur,

603 1969 739 2015 non
823 1955 1249 2018 cointellectis
1329 1956 1663 2028 extremiS,
1731 1972 1864 2017 non
1937 1958 2152 2014 tamen

602 2071 979 2134 necessario
1051 2088 1173 2149 per
1244 2076 1538 2134 extrema
1610 2071 2016 2151 intelligitur,
2090 2075 2156 2130 et

603 2188 697 2249 sic
755 2190 913 2250 nihil
971 2189 1216 2263 obstat,
1263 2190 1424 2269 quin
1481 2189 1688 2267 primo
1750 2189 1946 2250 etiam
2006 2203 2154 2249 mo-

602 2319 757 2365 vere
816 2306 1023 2381 possit
1094 2303 1506 2367 intellectum
1563 2303 1651 2365 ad
1710 2304 2152 2382 cognitionem

604 2424 1076 2482 extremorum.

688 2536 1153 2614 Respondetur
1181 2542 1510 2615 praeterea
1557 2536 1764 2608 terti0,
1795 2534 1953 2597 illud
1984 2535 2157 2614 prin-

609 2653 850 2731 cipium
897 2653 1270 2731 Philosophi
1320 2653 1598 2734 intelligi
1662 2653 2028 2730 respective
2074 2651 2159 2714 ad

611 2768 1059 2848 cognitionem
1145 2776 1458 2843 nostram,
1549 2786 1668 2846 pro
1759 2769 1885 2831 hoc
1959 2772 2158 2839 statu,

607 2899 807 2962 quam
889 2886 1033 2963 ipse
1104 2887 1499 2949 existimavit
1572 2902 1718 2948 esse
1778 2903 1860 2949 ex
1927 2889 2163 2946 natura

607 2996 980 3062 intellectus
1026 3005 1228 3064 nostri
1259 3008 1326 3063 et
1355 3002 1689 3082 potentiae,
1732 3018 1879 3063 cum
1912 3000 2159 3079 depen-

336 3128 546 3202 tzrror·
612 3113 833 3177 dentia
876 3130 913 3177 a
955 3116 1287 3194 sensibuS,
1320 3133 1396 3180 ac
1442 3116 1719 3196 proinde
1750 3118 1994 3179 nullum
2027 3122 2156 3179 sta·

259 3190 572 3256 ph¹¹⁰⁵⁰pb¹’
614 3231 732 3292 tuit
763 3231 1106 3312 objectum
1149 3235 1461 3297 motivum
1512 3235 1882 3297 intellectus
1929 3235 2160 3307 nostri,

609 3348 731 3411 nisi
774 3346 1214 3427 quidditatem
1262 3351 1358 3413 rei
1407 3350 1756 3424 sensibilis,
1802 3365 1927 3411 nec
1974 3348 2163 3411 intel·

606 3461 819 3525 lectus
848 3464 1146 3544 Angelici
1174 3463 1369 3539 forte,
1401 3465 1524 3528 nisi
1570 3465 1895 3544 propriam
1925 3480 2156 3526 essen·

284 3614 552 3680 objectum
612 3583 788 3642 tiam.
852 3582 899 3643 E
958 3587 1182 3645 contra
1236 3584 1479 3644 Doctor
1523 3587 1745 3645 noster
1798 3586 1865 3646 in
1914 3585 1968 3644 l.
2015 3585 2161 3644 ἀίει.

275 3676 563 3789 ἰζῗζῆζξῖξζ
607 3698 666 3759 3.
730 3705 948 3775 quaest.
1010 3701 1067 3761 3.
1136 3701 1360 3761 statuit
1430 3699 1768 3778 obJectum
1843 3702 2166 3762 motivum

280 3815 561 3915 hoeffssm·
605 3817 984 3882 intellectus
1019 3821 1219 3882 creati
1252 3836 1398 3882 esse
1436 3837 1519 3883 ex
1561 3827 1789 3883 natura
1833 3823 2163 3900 potentiae,

608 3951 805 3997 omne
842 3951 961 3998 ens
987 3934 1243 3998 finitum
1302 3937 1409 3998 vel
1457 3937 1853 4010 absolutum,
1904 3938 2010 3999 vel
2063 3920 2167 3998 re-

611 4053 1005 4130 spectivum,
1050 4050 1233 4132 quod
1264 4067 1396 4114 non
1436 4057 1535 4115 est
1570 4052 1655 4115 ad
1696 4055 1933 4127 Deum,
1982 4058 2055 4115 ut
2081 4053 2167 4115 ad

614 4166 995 4240 terminum,
1044 4168 1224 4247 quod
1256 4185 1432 4231 nunc
1464 4182 1771 4248 suppono
1798 4187 1813 4242 ;
1848 4169 1975 4231 hoc
2006 4185 2166 4248 ergo

614 4282 795 4358 dat0,
868 4284 1262 4363 principium
1332 4284 1494 4347 illud
1571 4285 1951 4365 Philosophi
2037 4301 2173 4348 non

614 4402 837 4477 currit,
885 4402 1009 4465 nisi
1071 4420 1188 4480 pro
1240 4404 1616 4483 cognitione
1678 4404 1878 4484 hujus
1936 4408 2167 4465 status

601 4518 965 4621 =Character
1026 4525 1248 4582 autem
1303 4527 1405 4582 est
1447 4520 1786 4599 objectum
1828 4520 2170 4595 motivum,

336 2546 509 2598 Tertia

269 2610 546 2675 responsio.

265 4572 546 4764 ΟΞΡΞΞΞΞ
616 4639 684 4698 et
727 4636 1644 4716 signum·rememorativum,
1697 4636 1987 4701 tenendo
2044 4638 2173 4700 hoc

302 4824 313 4834 ·
401 4762 467 4811 ab
612 4751 736 4829 ipsi
782 4752 1136 4815 convenire
1185 4769 1266 4815 ex
1313 4757 1545 4815 natura
1596 4752 1694 4815 rei
1738 4758 2049 4833 respectu
2078 4753 2173 4815 in-

292 4825 561 4953 3ἔῖἓὲῗέ
618 4868 920 4930 tellectus
992 4869 1325 4945 abstracti,
1374 4869 1527 4947 quia
1591 4872 1692 4931 est
1748 4869 1995 4948 aliquid
2055 4887 2167 4932 su-

612 4984 1037 5061 pernaturale
1128 4989 1194 5047 et
1292 4985 1657 5063 spirituale,
1746 5001 1821 5046 ac
1892 4984 2171 5064 proinde

611 5100 778 5162 ratio
865 5101 1000 5174 illa,
1072 5106 1186 5164 aut
1256 5101 1543 5181 objectio
1616 5116 1750 5163 non
1841 5100 2177 5163 concludit

613 5221 927 5295 respectu
973 5217 1144 5295 eiuS,
1191 5219 1315 5279 nisi
1371 5217 1440 5279 in
1495 5217 1730 5280 ordine
1785 5217 1870 5279 ad
1931 5223 2172 5279 statum

619 5342 1032 5416 praesentem,
1103 5336 1213 5415 qui
1285 5351 1417 5398 non
1485 5335 1867 5399 extenditur
1925 5333 2008 5400 ad
2069 5354 2173 5399 co-

613 5451 981 5532 gnitionem
1047 5452 1144 5512 rei
1200 5451 1555 5530 spiritualis
1625 5453 1692 5515 in
1761 5469 1858 5528 se,
1927 5456 1990 5514 et
2057 5469 2172 5515 su·

623 5570 1063 5649 pernaturalis
1111 5569 1237 5634 nisi
1265 5587 1389 5651 per
1447 5569 1672 5645 fidem,
1729 5587 1869 5650 quae
1922 5576 2177 5634 tantum

1771 398 1914 459 ΗΒ.
1963 399 2063 461 1V.
2091 396 2687 462 SENTENTIARUM

2254 560 2452 623 docet
2522 579 2671 624 esse
2722 562 2969 642 aliquid
3017 564 3414 642 impressum
3463 565 3529 626 in
3581 560 3795 623 anima

2254 693 2373 754 per
2443 677 2715 740 modum
2798 678 3075 740 effectus
3151 678 3566 749 indelebilis;
3639 674 3799 755 quid

2253 798 2475 854 autem
2532 794 2635 869 sit,
2698 808 2832 856 non
2891 796 3187 873 exponit,
3263 811 3346 857 ex
3415 811 3544 874 quo
3618 796 3801 871 patet

2254 907 2337 970 ad
2371 909 2841 987 objectionem.

2338 1033 2611 1112 Subjicit
2666 1039 2986 1111 praeterea
3044 1037 3287 1097 Doctor
3340 1035 3512 1096 hanc
3586 1031 3802 1093 relati-

2256 1163 2454 1211 onem
2505 1151 2677 1228 signi
2736 1152 2803 1212 in
2862 1152 3241 1214 charactere
3293 1163 3428 1210 non
3485 1163 3633 1210 esse
3696 1160 3804 1206 re-

2258 1261 2455 1336 alem,
2499 1262 2621 1325 sed
2665 1263 2749 1326 ad
2782 1265 3109 1342 placitum,
3163 1264 3448 1325 maxime
3494 1263 3807 1337 respectu

2260 1379 2668 1442 Sacramenti
2726 1382 3055 1458 praeteriti,
3109 1398 3149 1442 a
3193 1397 3321 1459 quo
3368 1382 3622 1439 tantum
3665 1390 3805 1436 mo-

2260 1495 2504 1572 raliter,
2574 1506 2641 1560 et
2710 1514 2844 1560 non
2916 1498 3187 1578 physice
3258 1501 3601 1568 causatur,
3672 1494 3809 1555 haec

2263 1616 2485 1674 autem
2529 1618 2748 1692 potest
2793 1630 2941 1677 esse
2975 1630 3108 1677 non
3151 1614 3366 1676 solum
3396 1614 3463 1674 in
3489 1611 3811 1674 relatione

2260 1727 2444 1801 reali,
2519 1727 2640 1790 sed
2713 1730 2913 1791 etiam
2982 1730 3050 1791 in
3127 1729 3346 1809 aliquo
3417 1742 3550 1789 non
3625 1728 3806 1790 reali.

2261 1843 2541 1906 Perinde
2585 1847 2929 1926 subJungit
2992 1843 3075 1908 de
3132 1847 3451 1909 relatione
3511 1841 3811 1922 configu-
3884 1812 4142 1926 ssffiigffe

2259 1960 2527 2022 rationis
2570 1977 2692 2024 seu
2736 1960 3179 2034 obligationis,
3248 1958 3399 2039 quia
3454 1959 3591 2021 haec
3635 1956 3798 2019 obli·
3841 1937 4166 2053 muggssf'ff

2261 2076 2439 2158 gatio
2500 2083 2719 2154 potest
2771 2081 2963 2157 sequi
3022 2081 3214 2140 etiam
3259 2077 3344 2139 ad
3387 2083 3631 2147 votum,
3688 2074 3813 2136 ho-

2264 2194 2581 2273 magium,
2614 2194 3144 2271 promissionem,
3192 2198 3611 2272 praeceptum,
3658 2202 3812 2251 con-

2269 2311 2568 2382 tractum,
2618 2314 2684 2371 et
2728 2308 3127 2389 hujusmodi,
3176 2309 3416 2388 quibus
3446 2307 3805 2387 praemissis

2269 2428 2494 2487 manet
2555 2440 2839 2503 persona
2897 2425 3208 2505 obligata,
3288 2421 3591 2503 quamvis
3660 2425 3816 2500 post

2270 2547 2491 2602 actum
2559 2557 2695 2603 non
2777 2543 2860 2603 sit
2934 2542 3151 2620 aliqua
3220 2539 3429 2605 forma
3515 2539 3817 2601 absoluta

2278 2670 2700 2732 permanens.

2351 2772 2456 2834 Est
2483 2789 2643 2853 ergo
2675 2773 2808 2835 haec
2848 2772 3077 2836 relatio
3128 2769 3422 2845 rationis,
3471 2769 3579 2833 vel
3606 2776 3680 2831 ut
3714 2768 3820 2832 alii

2277 2891 2514 2949 vocant
2561 2886 2849 2961 moralis,
2898 2892 2964 2949 et
3012 2887 3256 2949 instare
3290 2885 3376 2949 ad
3417 2886 3553 2948 haec
3601 2885 3817 2946 omnia

2271 3003 2425 3067 licet
2476 3003 2539 3064 in
2595 3004 2738 3083 ipso
2786 3005 3237 3080 sacramento,
3283 3003 3463 3084 quod
3509 3003 3665 3065 dicit
3706 3019 3812 3064 re-

2271 3120 2585 3185 lationem
2627 3121 2799 3202 signi
2831 3127 2898 3184 et
2928 3121 3461 3203 configurationis
3508 3124 3813 3193 externae,

2276 3243 2343 3300 et
2412 3238 2830 3318 obligationis
2891 3239 2974 3301 ad
3035 3238 3376 3312 Christum,
3455 3243 3520 3301 et
3570 3239 3816 3320 legem,

2276 3353 2466 3433 cujus
2496 3361 2595 3417 est
2647 3352 2968 3435 professio
3028 3360 3095 3417 et
3138 3355 3574 3419 distinctivum
3623 3370 3820 3415 mem·

2283 3469 2383 3532 bri
2440 3468 2708 3532 visibilis
2766 3472 2832 3533 in
2902 3470 3192 3534 Ecclesia
3269 3471 3611 3545 militante,
3669 3472 3821 3550 quia

2275 3601 2410 3647 non
2455 3584 2736 3665 judicat,
2797 3590 2910 3648 aut
2966 3588 3306 3667 cognoscit
3361 3588 3730 3650 membrum
3774 3603 3813 3648 a

2276 3718 2409 3764 non
2453 3705 2751 3766 membro
2805 3719 2926 3780 per
2969 3703 3157 3783 signa
3202 3704 3501 3777 interna;
3537 3704 3672 3766 haec
3713 3720 3822 3765 au-

2277 3823 2410 3881 tem
2468 3821 2683 3880 omnia
2740 3817 3015 3895 perinde
3083 3816 3389 3880 dicuntur
3446 3818 3529 3882 de
3582 3820 3810 3881 Sacra·

2275 3939 2499 3995 mento
2568 3934 2637 3994 in
2681 3935 3011 4012 Scriptura
3070 3939 3136 3997 et
3192 3935 3510 4006 Patribus,
3583 3951 3659 3997 ac
3717 3935 3802 3998 de

2279 4051 2680 4127 charactere,
2751 4052 3048 4131 quamvis
3103 4053 3312 4113 solum
3372 4052 3594 4114 dicant
3661 4054 3824 4115 rela-

2277 4169 2523 4230 tionem
2578 4166 2846 4230 rationis
2907 4168 2974 4230 in
3023 4166 3485 4242 Sacramento;
3547 4184 3714 4247 ergo
3757 4168 3825 4229 in

2281 4283 2657 4346 charactere
2700 4283 2875 4346 idem
2927 4282 3176 4360 dicunt,
3210 4300 3286 4345 ac
3328 4283 3602 4362 proinde
3646 4287 3827 4346 recte

2280 4398 2541 4462 fundari
2589 4405 2866 4479 possunt
2897 4402 2961 4461 in
3001 4400 3322 4462 relatione
3367 4400 3548 4462 reali.

2360 4517 2595 4579 Postea
2651 4515 2876 4579 subdit
2929 4515 3423 4595 responsionem
3484 4514 3567 4578 ad
3643 4513 3828 4588 illud,

2283 4633 2464 4712 quod
2549 4631 2844 4707 infertur,
2928 4648 3214 4711 nempe,
3278 4633 3331 4694 si
3403 4648 3534 4695 una
3599 4633 3830 4694 relatio

2283 4748 2587 4812 fundaret
2634 4749 2848 4823 aliam,
2905 4747 3171 4811 daretur
3219 4764 3572 4828 processus
3616 4749 3681 4810 in
3729 4748 3825 4810 in-

2283 4864 2559 4927 finitum.
2619 4863 3000 4943 Respondet
3058 4863 3369 4944 negando
3443 4864 3826 4943 sequelam;

2286 4979 2370 5043 de
2415 4982 2540 5043 hoc
2588 4978 2740 5044 vide
2788 4983 3002 5057 ipsum
3036 4982 3103 5041 in
3129 4981 3190 5041 2.
3225 4982 3374 5043 dist.
3408 4981 3466 5040 2.
3503 4985 3718 5057 quaest.
3759 4980 3820 5040 4.

2286 5105 2343 5160 et
2387 5100 2448 5161 5.
2505 5098 2619 5160 ubi
2677 5096 2903 5159 statuit
2957 5096 3128 5157 hanc
3190 5096 3485 5176 regulam
3522 5114 3537 5156 ε
3574 5096 3836 5176 quoties

2283 5215 2786 5279 fundamentum
2831 5216 3060 5293 nequit
3114 5229 3262 5276 esse
3318 5215 3460 5274 sine
3525 5214 3832 5284 termino,

2286 5334 2370 5398 ad
2430 5351 2629 5414 quem
2690 5333 2846 5395 dicit
2915 5339 3324 5412 respectum,
3390 5340 3545 5398 tunc
3604 5348 3837 5411 respe-

2289 5460 2465 5517 ctum
2508 5471 2639 5517 non
2689 5452 2998 5533 distingui
3049 5453 3316 5515 realiter
3362 5468 3400 5512 a
3449 5449 3840 5514 fundamen·

2291 5575 2382 5645 to,
2443 5570 2594 5649 quia
2649 5571 2786 5632 haec
2846 5566 3292 5646 dependentia
3336 5568 3551 5647 arguit
3605 5583 3836 5646 respe-

3899 1011 4102 1124 Re91atio

3860 1135 4159 1248 aas„

3957 1275 4060 1310 non

3860 1326 3937 1371 est
3965 1323 4135 1374 realis.
