4287 6313
530 397 655 462 566

531 555 725 642 bro;
760 579 906 632 nec
950 562 1145 635 ordo
1177 563 1511 639 effectus
1552 566 1649 638 ad
1679 566 2079 650 effectum,

533 675 744 750 sicut
813 675 895 745 in
955 679 1338 760 secundo;
1398 700 1541 753 nec
1599 683 1934 757 virtutis
2004 683 2085 755 in

526 796 684 876 fieri
723 788 827 863 ad'
856 792 1256 867 virtutem
1299 796 1381 867 in
1410 821 1545 866 esse
1577 804 1820 889 quiem,
1872 799 2082 872 sicut

534 907 615 980 in
657 907 930 991 tertio;
987 911 1121 983 sed
1151 916 1273 984 est
1314 916 1591 988 eadem
1637 915 1933 997 virtus,
1976 916 2085 989 di-

529 1025 987 1098 versimode
1067 1032 1342 1101 tamen
1421 1031 1919 1124 participata
2005 1033 2084 1104 in

532 1142 710 1213 toto
792 1145 871 1213 et
916 1142 997 1214 in
1036 1151 1302 1236 parte;
1347 1151 1429 1220 et
1486 1148 1577 1220 de
1626 1147 1789 1222 isto
1843 1169 2083 1221 mem·

533 1257 682 1330 bro
744 1264 1018 1351 posset
1078 1263 1432 1345 concedi,
1506 1265 1711 1355 quod
1762 1266 1927 1339 tale
1973 1266 2084 1337 in·

539 1379 1088 1449 strumentum
1145 1398 1307 1450 non
1368 1377 1606 1452 habet
1666 1380 1913 1453 aliam
1975 1383 2084 1454 in-

537 1491 985 1565 tentionem
1029 1512 1076 1563 a
1127 1495 1558 1588 principali
1609 1502 1924 1588 agente,
1993 1498 2088 1570 si-

536 1615 672 1683 cut
740 1630 885 1682 nec
954 1611 1202 1683 aliam
1281 1613 1689 1688 actionem
1755 1616 2087 1706 proprie

535 1726 775 1800 habet
812 1748 1030 1820 pars,
1069 1748 1311 1820 quam
1352 1734 1617 1803 totum
1662 1750 1909 1822 agens
1944 1752 2087 1823 per

536 1849 887 1935 partem,
927 1846 1061 1918 sed
1123 1847 1284 1918 alio
1335 1847 1565 1919 modo
1600 1847 1835 1920 habet
1877 1869 2086 1921 eam-

535 1960 738 2030 dem.
789 1961 1271 2053 Exemplum
1314 1961 1585 2054 primi,
1647 1962 1782 2034 Sol
1835 1967 1914 2036 et
1958 1982 2088 2055 pa-

536 2077 667 2147 ter
699 2081 1073 2168 respectu
1110 2077 1663 2167 generationis
1704 2079 1884 2151 filii.
1935 2083 2085 2151 Ex·

535 2192 895 2283 emplum
981 2194 1328 2276 secundi,
1394 2195 1603 2285 ignis
1672 2199 1754 2268 et
1830 2196 2081 2278 calor,

538 2309 672 2401 qui
714 2313 837 2381 est
871 2310 1303 2402 disponens
1347 2313 1440 2383 ad
1472 2313 2085 2403 generationem

535 2425 882 2500 alterius
943 2426 1183 2517 ignis.
1254 2431 1738 2521 Exemplum
1824 2432 2081 2514 tertii,

535 2542 772 2615 color
812 2542 1344 2624 illuminatus,
1396 2549 1476 2618 et
1521 2546 1831 2637 species
1872 2548 2083 2620 colo·

542 2660 658 2731 ris
708 2658 1074 2756 inlaere,
1148 2664 1527 2752 respectu
1602 2666 2085 2737 mutationis

538 2775 751 2849 oculi
812 2777 907 2848 ad
961 2777 1312 2869 speciem
1350 2777 1478 2848 vel
1519 2777 1919 2852 visionem
1960 2801 2085 2853 co-

535 2898 767 2969 loris.
806 2899 1289 2989 Exemplum
1332 2899 1632 2989 quarti,
1680 2919 2086 2989 organum

541 3013 927 3105 potentiae
973 3015 1420 3100 nutritivae,
1477 3021 1557 3088 et
1604 3020 1878 3089 totum
1921 3018 2085 3088 ani-

546 3129 709 3202 mal
755 3133 1128 3222 respectu
1170 3132 1679 3206 nutritionis,

246 3261 452 3374 Diffi-1·
627 3248 940 3320 Praeter
970 3249 1140 3321 haec
1172 3254 1549 3341 quatuor,
1579 3249 2090 3321 communius

237 3423 248 3435 .
286 3386 338 3436 1.
375 3384 507 3435 et4·
541 3372 696 3445 dici
751 3374 1172 3446 consuevit
1226 3395 1519 3446 nomen
1565 3373 2090 3448 instrumenti

218 3453 505 3581 ”stffimen‘
546 3489 638 3560 de
688 3489 1159 3580 quibusdam
1213 3490 1424 3571 aliis,
1489 3490 1561 3562 id
1628 3496 1777 3571 est,
1822 3491 1912 3562 de
1982 3490 2093 3562 in-

196 3576 515 3685 ειῖἱῖἶοῗῑῖἶ,
548 3606 1031 3678 strumentis
1127 3608 1561 3689 artificum,
1666 3627 1714 3678 a
1806 3607 2090 3700 quibus

546 3721 815 3813 primo
861 3726 1222 3797 tractum
1272 3731 1395 3795 est
1459 3743 1753 3795 nomen
1795 3723 2094 3797 instru—

550 3838 826 3921 menti,
890 3846 980 3913 ut
1027 3841 1120 3913 de
1196 3841 1464 3913 securi
1541 3845 1621 3912 et
1684 3859 1943 3923 serra,
2014 3844 2095 3915 et

546 3954 1056 4047 hujusmodi;
1136 3958 1227 4029 de
1279 3957 1565 4047 quibus
1622 3955 2095 4049 frequenter

548 4076 964 4165 ponuntur
1038 4074 1411 4164 exempla
1478 4073 1663 4154 ista,
1737 4093 1935 4164 quae,
2008 4078 2097 4147 ut

546 4190 851 4263 dictum
911 4193 1036 4262 est
1095 4209 1370 4280 supra,
1439 4208 1598 4262 non
1669 4194 1856 4262 sunt
1914 4209 2097 4282 pro-

550 4307 728 4399 prie
759 4306 1053 4387 activa,
1099 4326 1354 4397 neque
1392 4309 1766 4397 respectu
1805 4307 2097 4397 princi-

553 4432 758 4525 palis
815 4434 1176 4513 effectus,
1249 4431 1319 4503 si
1385 4450 1634 4523 agens
1695 4451 1840 4522 per·
1894 4431 2099 4504 talia

550 4549 883 4640 attingit
944 4550 1319 4622 effectum
1371 4548 1933 4640 principalem,
2000 4549 2098 4620 si-

549 4671 685 4740 cut
720 4665 1225 4739 monetarius
1269 4685 1414 4757 per
1447 4666 1770 4757 aliquod
1800 4666 2101 4737 instru-

554 4786 912 4855 mentum
984 4783 1320 4873 attingit
1392 4782 1744 4872 figuram
1820 4781 2098 4875 impri—

553 4910 919 4981 mendam
989 4912 1359 4989 monetae,
1425 4928 1600 4998 quae
1639 4912 1764 4980 est
1815 4906 2100 4980 termi-

547 5045 699 5096 nus
774 5024 950 5115 ejus
1014 5023 1539 5116 principalis;
1605 5044 1862 5115 neque
1938 5019 2099 5094 for·

552 5162 702 5214 mae
746 5141 1274 5232 disponentis,
1314 5141 1382 5213 si
1429 5159 1677 5233 agens
1723 5162 1869 5233 per
1899 5141 2097 5214 talia

549 5269 722 5358 agit
755 5266 849 5337 ad
880 5266 1498 5358 dispositionem
1545 5269 1961 5360 praeviam,
2002 5268 2102 5339 si-

548 5395 685 5464 cut
722 5409 865 5482 per
900 5389 1256 5461 securim
1292 5388 1464 5479 agit
1498 5389 1592 5462 ad
1622 5388 2098 5461 divisionem

559 5518 784 5611 ligni,
825 5538 998 5611 quae
1031 5522 1154 5589 est
1198 5517 1503 5609 praevia
1537 5514 1823 5589 formae
1860 5535 2097 5591 arcae.

551 5648 696 5721 Sed
731 5652 1002 5723 tamen
1053 5646 1691 5719 instrumentum
1740 5644 1897 5718 isto
1947 5667 2103 5718 mo-

1711 407 1859 472 LIB.
1891 407 1992 472 lv.
2038 406 2642 478 SENTENTIARUM

2194 570 2292 642 do
2331 571 2658 656 dictum,
2715 575 2928 647 aliud
2986 596 3034 647 a
3090 580 3449 668 quatuor
3491 574 3748 649 modis

2197 688 2633 780 praedictis,
2677 697 2802 765 est
2836 696 3147 765 motum
3197 692 3748 784 susceptivum

2196 791 2528 878 effectus
2589 807 2899 897 prioris
2973 808 3331 880 ordinati
3397 809 3491 880 ad
3565 807 3753 880 effe-

2196 922 2420 993 ctum
2476 923 3049 1014 posteriorem,
3104 924 3220 998 ita
3282 925 3484 1017 quod
3534 943 3753 996 rece-

2198 1040 2425 1127 ptum
2467 1037 2549 1108 in
2595 1057 2715 1120 eo,
2760 1038 3000 1113 habet
3045 1040 3407 1113 ordinem
3453 1040 3548 1111 ad
3592 1043 3754 1113 ter-

2201 1151 2508 1223 minum
2563 1153 3126 1246 principalem,
3175 1155 3386 1228 sicut
3415 1155 3751 1228 effectus

2200 1269 2734 1361 propinquior
2775 1292 3042 1344 causae
3071 1274 3170 1347 ad
3212 1273 3587 1346 effectum
3629 1294 3750 1345 re-

2204 1386 2668 1465 motiorem:
2725 1408 2883 1459 non
2925 1391 3200 1461 autem
3262 1389 3502 1462 habet
3547 1390 3754 1462 ordi-

2201 1522 2383 1574 nem
2420 1504 2933 1578 causalitatis
2969 1507 3303 1598 proprie
3335 1504 3594 1579 dictae.
3651 1509 3749 1579 Et

2199 1618 2290 1690 de
2368 1619 2514 1692 tali
2578 1625 2852 1712 posset
2932 1623 3285 1706 concedi,
3370 1624 3576 1715 quod
3642 1624 3753 1695 in—

2200 1741 2748 1810 strumentum
2797 1758 2961 1809 non
3039 1739 3277 1813 habet
3346 1740 3750 1813 actionem

2205 1852 2652 1943 propriam,
2701 1859 3074 1946 respectu
3133 1855 3494 1938 effectus,
3563 1856 3751 1947 quia

2200 1988 2348 2040 nec
2400 1969 2641 2043 habet
2708 1970 3066 2063 aliquam
3121 1973 3541 2055 virtutem,
3606 1994 3751 2048 nec

2199 2088 2282 2159 in
2339 2110 2474 2155 esse
2529 2091 2770 2176 quieto,
2834 2108 2977 2160 neo
3038 2088 3117 2160 in
3175 2093 3352 2174 fieri,
3424 2093 3507 2163 et
3578 2088 3751 2161 ideo

2201 2206 2693 2299 simpliciter
2723 2225 2884 2277 non
2916 2211 3040 2279 est
3073 2206 3456 2288 activum,
3492 2210 3571 2278 et
3607 2226 3750 2298 per

2199 2341 2728 2413 consequens,
2827 2342 2972 2394 nec
3077 2321 3317 2395 habet
3428 2321 3754 2395 intenti—

2202 2458 2462 2519 onem,
2500 2443 2589 2512 ut
2628 2439 3005 2511 convenit
3047 2438 3348 2529 agenti.

2287 2556 2520 2627 Patet
2571 2573 2769 2645 ergo
2835 2555 3233 2646 quomodo
3275 2554 3421 2625 illa
3482 2554 3752 2646 major
3913 2606 3973 2658 9·

2198 2670 2429 2745 debet
2523 2670 2873 2762 intelligi
2985 2671 3076 2743 de
3172 2671 3747 2753 instrumento,
3782 2668 4121 2723 Minister&

3869 2747 4030 2782 Causa

2201 2786 2391 2884 quia
2426 2786 2554 2859 vel
2584 2787 2676 2860 de
2738 2788 2924 2868 isto,
2982 2787 3188 2879 quod
3230 2785 3541 2859 scilicet
3593 2807 3750 2859 non
3822 2797 4072 2921 ἕως

2197 2910 2322 2977 est
2372 2904 2755 2985 activum,
2813 2905 2946 2976 sed
3001 2904 3505 2996 receptivum
3565 2904 3750 2976 effe-
3803 2924 4116 2996 sacrmen-

2199 3021 2377 3092 ctus
2428 3018 2776 3111 prioris;
2838 3019 2965 3091 vel
2998 3024 3309 3120 ¹quarto
3370 3018 3601 3091 modo
3658 3020 3749 3089 de
3777 2989 4122 3121 oedrssss’poem

2204 3139 2437 3228 parte
2528 3139 2905 3227 respectu
2987 3133 3244 3208 totius
3329 3133 3749 3225 operantis
3794 3120 4116 3226 infffflnssffi

2205 3271 2351 3342 per
2390 3255 2752 3340 partem;
2798 3253 2876 3322 et
2921 3250 3193 3321 minor
3223 3254 3347 3323 est
3390 3248 3627 3335 falsa,
3671 3254 3753 3323 et
3795 3246 4059 3367 dssffln.

2211 3372 2602 3459 quantum
2665 3368 2758 3437 ad
2820 3367 3201 3458 quartum
3263 3366 3609 3447 modum,
3671 3369 3754 3438 et
3835 3378 4058 3475 §gt-io

2203 3483 2454 3555 etiam
2505 3481 2899 3573 quintum.
2960 3484 3132 3554 Imo
3195 3481 3573 3555 minister
3629 3486 3755 3555 est
3829 3486 4082 3599 {2331

2205 3618 2451 3670 causa
2554 3598 2900 3670 secunda
2995 3602 3373 3690 respectu
3469 3597 3755 3672 abluti·
3828 3568 3949 3661 gnon
3969 3589 4080 3684 astff

2208 3715 2415 3795 onis,
2517 3733 2677 3785 non
2737 3716 3058 3786 tantum
3127 3717 3215 3787 ut
3255 3714 3563 3787 ablutio
3604 3720 3752 3796 est,
3807 3688 4099 3808 ”effisam

2209 3832 2342 3905 sed
2383 3835 2474 3904 ut
2535 3820 3218 3911 sacramentalis,
3267 3836 3348 3904 et
3407 3831 3582 3903 ideo
3633 3804 4114 3912 ha-1ffl51‘5282

2207 3949 2340 4022 bet
2436 3947 2860 4039 propriam
2947 3947 3503 4027 intentionem,
3576 3967 3760 4018 cum
3791 3940 4101 4037 P‘Jgssgffiff

2209 4065 2314 4137 sit
2356 4084 2606 4155 agens
2648 4064 3231 4147 voluntarium,
3287 4067 3367 4137 et
3425 4084 3588 4135 non
3628 4084 3759 4135 na·
3789 4065 4119 4163 ἳξξξηζξξζδ

2211 4182 2506 4262 turale,
2545 4180 2777 4254 illam
2832 4180 3147 4254 scilicet
3199 4201 3368 4274 quae
3406 4180 3761 4272 pertinet
3902 4178 4002 4229 818-

2212 4299 2306 4370 ad
2381 4300 3036 4389 cognoscentem.
3139 4297 3286 4370 Sed
3381 4293 3760 4388 respectu

2213 4422 2694 4515 principalis
2742 4421 3080 4495 effectus
3145 4420 3571 4513 Baptismi,
3619 4424 3764 4495 sci·

2214 4541 2399 4612 licet
2488 4539 2806 4632 gratiae,
2899 4542 3166 4630 potest
3223 4537 3375 4611 dici
3462 4541 3765 4613 instru-

2217 4662 2575 4731 mentum
2668 4659 3045 4747 respectu
3133 4655 3304 4737 Dei,
3363 4676 3457 4728 eo
3528 4658 3761 4729 modo

2213 4794 2369 4868 quo
2403 4793 2651 4864 agens
2692 4771 3262 4863 dispositivum
3317 4772 3616 4845 dicitur
3659 4773 3769 4845 in-

2215 4903 2765 4975 strumentum
2827 4899 3199 4989 respectu
3271 4896 3767 4988 perficientis

2214 5016 2292 5087 in
2345 5015 2691 5087 secundo
2764 5015 3039 5097 modo;
3128 5016 3208 5087 et
3287 5015 3451 5088 tale
3512 5010 3761 5106 agens

2212 5161 2373 5213 non
2457 5140 2695 5215 habet
2773 5140 3309 5215 intentionem
3391 5146 3761 5233 respectu

2211 5263 2546 5337 termini
2630 5264 3104 5356 principalis
3199 5264 3542 5353 agentis,
3637 5266 3768 5337 sed

2219 5396 2595 5484 respectu
2661 5393 2786 5464 sui
2866 5392 3184 5485 proprii
3244 5392 3604 5465 termini.
3669 5395 3767 5465 Et

2219 5518 2336 5591 ita
2394 5519 2765 5601 conced0,
2813 5518 3018 5610 quod
3064 5536 3225 5589 non
3266 5521 3391 5591 est
3442 5537 3769 5591 necesse

2216 5643 2764 5736 baptizantem
2850 5642 3147 5716 habere
3234 5641 3766 5719 intentionem
