4287 6313
258 1767 492 1880 ,Αῃο31ἰ

255 1834 376 1882 intel
397 1839 556 1881 ectio·

341 1834 459 1943 ῐιὲηι

349 1971 459 2005 esse

265 2019 516 2077 accidens,

593 426 674 490 68

1768 426 2673 498 L13.1V.SENTENT1ARUM

560 609 710 680 que
769 592 1303 690 intelligibile,
1343 599 1682 672 etiamsi
1726 595 2128 690 intelligi-
2230 592 2477 685 jecta,
2518 615 2691 685 quae
2728 593 2997 686 posita
3032 595 3220 665 sunt
3260 588 3580 664 infinita
3621 585 3786 661 dis·
3867 609 3948 659 ne
3984 608 4081 661 hoo

581 709 777 784 bilia
812 721 1152 806 possunt
1204 734 1382 789 esse
1425 715 1741 788 infinita
1791 719 1870 788 et
1934 713 2129 786 alte-

581 828 755 901 rius
807 830 1181 912 rationis,
1227 832 1475 906 etiam
1534 831 1728 903 adeo
1769 830 2128 922 dispara-

580 949 688 1027 ta,
734 947 939 1038 quod
971 947 1285 1018 nullum
1345 967 1633 1019 eorum
1674 954 1799 1020 est
1838 946 2131 1039 princi-

579 1051 802 1152 pium
868 1062 1404 1152 cognoscendi
1471 1064 1852 1136 alterum.
1919 1064 2129 1134 Nam

580 1177 763 1251 istis
809 1178 1098 1270 positis
1140 1200 1238 1251 ex
1287 1186 1516 1273 parte
1558 1180 2124 1272 intelligibiliS,

580 1315 739 1365 non
783 1294 1196 1369 invenitur
1231 1297 1773 1388 repugnantia
1803 1318 1902 1369 ex
1946 1317 2132 1390 par-

582 1415 659 1482 te
703 1410 1190 1494 intellectus,
1266 1412 1456 1504 quin
1528 1414 1787 1506 possit
1858 1415 2132 1486 omnia

583 1526 769 1609 ista,
808 1548 946 1599 seu
1008 1528 1411 1618 quodlibet
1456 1529 1807 1604 istorum
1854 1530 2128 1603 distin-

583 1646 710 1715 cte
743 1649 822 1717 et
857 1642 1215 1737 perfecte
1257 1645 1745 1737 intelligere.

675 1762 821 1833 Sed
910 1763 1450 1854 repugnantia
1523 1764 1626 1856 (p)
1703 1767 1852 1846 est,
1928 1761 2131 1854 quod

587 1876 1050 1950 intellectus
1174 1880 1462 1970 Angeli
1562 1899 1706 1971 per
1804 1879 2130 1951 unicum

586 1996 858 2065 actum
907 1994 1401 2086 intelligendi
1469 1995 1848 2068 distincte
1900 1996 2133 2068 intel-

272 2096 444 2192 „13⁰1”
449 2142 546 2192 un-
590 2106 790 2199 ligat
842 2108 1007 2190 illa,
1056 2109 1122 2182 si
1173 2115 1445 2183 essent
1488 2110 1805 2184 infinita
1862 2111 2132 2203 dispa-

341 2219 438 2254 am.

468 2306 469 2309 Ν
590 2231 796 2304 rata,
869 2226 1129 2298 modo
1124 2228 1595 2318 praedicto;
1684 2249 1883 2321 ergo
1969 2246 2133 2300 non

586 2347 987 2434 repugnat
1030 2342 1147 2414 illi
1194 2344 1643 2420 intellectui
1687 2345 1982 2421 habere
2024 2349 2131 2421 in-

579 2458 1124 2532 tellectionem
1185 2461 1432 2534 aliam
1482 2467 1561 2536 et
1603 2464 1853 2538 aliam
1901 2468 2130 2540 reali-

581 2580 730 2659 ter,
778 2577 968 2651 licet
1011 2586 1404 2673 repugnet
1446 2583 1924 2658 substantiae
1953 2588 2129 2678 ejus

574 2714 752 2765 esse
787 2695 1037 2767 aliam
1088 2701 1168 2769 et
1201 2697 1448 2770 aliam
1493 2700 1875 2781 realiter;
1932 2722 2129 2793 ergo

576 2828 735 2882 non
788 2831 1021 2883 omne
1065 2812 1526 2905 intelligere
1576 2816 1962 2909 possibile
2009 2818 2129 2891 illi

577 2924 1050 3011 intellectui,
1144 2933 1415 3021 potest
1515 2954 1694 3005 esse
1770 2934 1977 3006 idem
2009 2934 2130 3007 illi

577 3043 1100 3127 substantiae;
1140 3065 1341 3137 ergo
1379 3052 1503 3121 est
1545 3048 1942 3122 accidens.

666 3164 1106 3253 Assumpta
1144 3163 1522 3238 videntur
1593 3166 1856 3257 plana,
1928 3188 2131 3260 prae-

570 3280 702 3348 ter
736 3277 953 3354 illud,
993 3278 1314 3354 scilicet
1348 3281 1555 3372 quod
1607 3282 1862 3354 unicae
1898 3283 2131 3354 intel-

573 3390 907 3464 lectioni
939 3389 1189 3465 finitae
1236 3399 1653 3486 repugnet,
1708 3398 1912 3488 quod
1955 3397 2131 3491 ipsa

574 3506 835 3598 possit
917 3528 1098 3579 esse
1163 3507 1542 3584 distincte
1621 3511 2128 3586 infinitorum

570 3622 1079 3713 objectorum
1156 3623 1805 3718 disparatorum.
1902 3629 2128 3701 Hanc

573 3740 822 3831 probo
858 3739 1306 3831 tripliciter
1347 3769 1361 3812 :
1432 3742 1735 3825 Primo,
1782 3764 1882 3816 ex
1956 3745 2130 3817 fini·

573 3857 742 3927 tate
801 3853 1382 3929 intellectionis
1427 3857 1508 3930 in
1561 3880 1668 3930 se.
1735 3862 2126 3942 Secundo,

570 3990 667 4041 ex
699 3969 1012 4045 finitate
1052 3971 1512 4047 intellectus
1542 3974 1916 4068 angelici.
1946 3978 2129 4050 Ter-

566 4083 707 4162 tio.
744 4105 844 4157 ex
895 4088 1208 4161 [initate
1240 4091 1616 4164 essentiae
1649 4092 1974 4182 Angeli.

656 4205 776 4277 Ex
823 4206 1088 4297 primo
1183 4208 1582 4299 probatur
1663 4209 2124 4302 dupliciter,

565 4320 840 4412 primo
879 4322 996 4395 Sic
1032 4349 1046 4393 z
1086 4328 1466 4414 inlelliyere
1502 4326 1854 4410 unicum,
1895 4327 1959 4399 Si
2013 4349 2129 4399 eS-

561 4440 680 4509 set
755 4437 1262 4513 infinitorum
1291 4440 1802 4532 objectorum
1871 4444 2131 4537 dispa-

570 4558 970 4638 ratorum‚
1009 4554 1566 4631 includeretin
1633 4580 1718 4632 se
1777 4559 2126 4632 eminen-

561 4673 689 4744 ter
724 4669 1259 4762 perfectiones
1288 4671 1792 4747 infinitarum
1828 4675 2132 4750 intelle-

559 4784 946 4867 ctionum‚
978 4808 1151 4878 quae
1192 4792 1403 4862 natae
1446 4793 1632 4863 sunt
1658 4790 1937 4863 haberi
1968 4813 2134 4865 res-

564 4906 795 4992 pectu
852 4901 1184 4974 illorum
1221 4904 1758 4997 objectorum;
1793 4928 1952 4979 non
1993 4930 2126 4981 au-

569 5021 729 5089 tem
764 5023 1038 5109 posset
1064 5019 1203 5090 illa
1224 5020 1678 5095 eminenter
1701 5024 2122 5097 continere

565 5132 647 5205 in
681 5155 789 5216 se,
826 5134 985 5207 nisi
1017 5140 1229 5208 esset
1256 5135 1654 5211 infinitum
1687 5139 2116 5222 inl.ensive;

2247 715 2612 802 parata:
2649 730 2848 802 ergo
2881 709 3014 782 ubi
3049 713 3237 784 sunt
3301 708 3533 780 modo
3584 727 3783 779 emi·

2242 827 2625 907 nentiori,
2667 828 2771 900 ibi
2826 832 3154 922 opoitet
3206 827 3410 919 quod
3470 824 3578 900 sit
3637 823 3786 897 ali-

2245 965 2401 1037 qua
2451 944 2843 1025 infinitas,
2890 966 3051 1018 non
3100 944 3546 1026 extensiva,
3600 941 3789 1034 quia

2244 1060 2472 1133 illam
2532 1060 2752 1135 tollit
2827 1062 3101 1134 unitas
3167 1060 3414 1153 thus
3488 1058 3567 1131 in
3636 1077 3789 1150 quo

2243 1177 2735 1260 continetur,
2781 1198 2978 1269 ergo
3031 1177 3459 1251 intensiva.
3507 1179 3797 1250 Secun-

2242 1294 2339 1365 do
2376 1294 2492 1366 Sic
2538 1322 2551 1365 :
2603 1298 2853 1368 Omne
2884 1298 3262 1384 intelliqere
3325 1294 3645 1367 finitum
3675 1293 3796 1364 de-

2243 1411 2742 1483 terminatur
2783 1412 2877 1482 ad
2903 1414 3218 1483 certum
3256 1407 3794 1500 intelligibile,

2242 1529 2371 1599 vel
2427 1529 2520 1599 ad
2582 1528 2854 1620 aliqua
2919 1532 3149 1601 certa
3219 1524 3794 1617 intelligibilia,

2246 1644 2362 1718 ita
2401 1645 2607 1737 quod
2641 1644 2791 1717 sibi
2845 1664 2942 1716 ex
2988 1665 3072 1716 se
3110 1647 3542 1737 repugnat,
3590 1639 3797 1733 quod

2244 1759 2352 1834 sit
2387 1760 2742 1835 aliorum
2777 1761 2875 1833 ab
2914 1759 3104 1841 illis,
3146 1758 3276 1831 vel
3312 1758 3408 1831 ab
3441 1757 3628 1844 illo;
3666 1755 3797 1828 sed

2248 1876 2458 1950 istud
2509 1881 2907 1966 incellzqere,
2939 1876 3006 1948 si
3044 1882 3485 1969 poneretur
3526 1874 3606 1947 in
3639 1875 3797 1946 An-

2247 1994 2426 2087 gelo
2473 1998 2845 2085 respectu
2919 1993 3428 2065 infinitorum
3504 1989 3797 2064 intelli·

2245 2107 2618 2199 gibilium
2682 2107 3321 2199 disparatorum,
3371 2107 3439 2180 si
3494 2108 3792 2187 essent,

2245 2245 2404 2297 non
2454 2225 2570 2297 sic
2611 2223 3334 2307 determinaretur;
3380 2243 3579 2314 ergo
3639 2241 3797 2293 non

2245 2346 2460 2415 esset
2501 2341 2844 2416 finitum.

2334 2458 2692 2532 Secundo
2756 2457 3156 2551 probatur
3197 2458 3325 2549 (q),
3392 2477 3492 2529 ex
3562 2461 3796 2548 parte

2243 2574 2704 2647 intellectus
2782 2575 3070 2667 Angeli
3148 2573 3264 2647 sic
3341 2599 3356 2642 ε
3431 2577 3795 2656 Quorum

2247 2694 2511 2783 potest
2598 2712 2776 2764 esse
2853 2710 3101 2763 unum
3178 2693 3579 2779 intelliqere,
3651 2689 3794 2762 illa

2248 2814 2588 2900 possunt
2658 2808 2902 2881 simul
2946 2807 3337 2900 intelligi;
3385 2808 3516 2879 sed
3566 2806 3796 2879 intel-

2245 2925 2502 2997 lectus
2535 2925 2810 2998 finitus
2862 2945 3024 2996 non
3084 2928 3356 3018 potest
3413 2923 3794 2999 distincte

2246 3042 2487 3114 simul
2553 3042 3015 3134 intelligere
3093 3041 3408 3115 infinita
3479 3041 3796 3135 objecta

2244 3159 2687 3252 disparata,
2772 3159 2958 3251 quia
3040 3158 3381 3251 majoris
3456 3156 3794 3232 virtutis

2240 3282 2363 3350 est
2406 3277 2785 3351 distincte
2847 3276 3313 3368 intelligere
3359 3276 3597 3369 plura
3636 3277 3797 3349 dis-

2246 3399 2541 3486 parata
2628 3393 2871 3465 simul
2929 3413 3172 3485 quam
3237 3413 3530 3484 pauca;
3594 3411 3793 3484 ergo

2246 3511 2489 3585 simul
2550 3510 3012 3602 intelligere
3075 3510 3458 3584 distincte
3534 3510 3799 3583 infini-

2246 3634 2330 3703 ta
2376 3629 2821 3720 disparata,
2882 3632 3008 3702 est
3059 3626 3402 3701 virtutis
3454 3626 3792 3701 infinitae

2246 3745 2671 3819 intensive.

2333 3863 2447 3936 Ad
2494 3861 2737 3933 istam
2798 3864 3073 3935 tamen
3145 3859 3791 3952 propositionem

2248 3974 2808 4066 respondetur,
2901 3972 3106 4064 quod
3183 3976 3560 4062 intelliyere
3633 3993 3793 4045 non

2245 4093 2368 4161 est
2411 4088 2877 4181 perfectius,
2926 4087 3112 4182 quia
3155 4087 3542 4180 plurium,
3606 4109 3794 4160 nam

2245 4204 2693 4279 intellectio
2755 4203 3144 4277 collativa
3195 4203 3486 4297 lapidis
3554 4205 3649 4277 ad
3706 4205 3795 4277 li-

2245 4339 2517 4412 gnum,
2555 4341 2716 4391 non
2757 4325 2881 4394 est
2943 4319 3398 4413 perfectior
3454 4319 3801 4412 cogniti-

2248 4457 2395 4509 one
2429 4436 2808 4510 absoluta
2838 4435 3156 4528 lapidis,
3201 4440 3282 4509 et
3344 4441 3619 4510 tamen
3679 4437 3796 4508 in-

2241 4552 2602 4625 tellectio
2672 4551 2812 4624 illa
2872 4552 3440 4645 comparativa
3508 4551 3796 4644 lapidis

2244 4668 2577 4745 includit
2682 4668 3318 4744 intellectionem
3404 4668 3786 4762 plurium,

2241 4786 2427 4880 quia
2465 4791 3164 4883 comparatorum.
3224 4787 3410 4858 Haec
3455 4806 3789 4882 respon-

2242 4902 2363 4976 sio
2417 4903 2796 4996 supponit
2856 4901 3177 4985 falsum,
3223 4923 3322 4976 ex
3362 4903 3594 4996 cujus
3641 4903 3788 4977 im-

2241 5019 2722 5111 probatione
2784 5024 3007 5112 patet
3068 5019 3584 5111 propositum
3652 5041 3787 5093 no-

2237 5139 2543 5215 strum;
2618 5153 2778 5205 non
2845 5132 3060 5205 enim
3140 5137 3409 5224 potest
3478 5132 3784 5207 intelle-

567 5251 773 5341 quod
810 5255 1056 5342 patet,
1110 5253 1294 5345 quia
1328 5254 1458 5327 ubi
1494 5255 1654 5327 illae
1698 5255 2120 5331 intellecti-
2234 5254 2414 5323 ctus
2484 5249 2782 5324 habere
2860 5248 3497 5324 intellectionem
3573 5270 3784 5323 com-

565 5387 756 5439 ones
789 5373 1061 5441 essent
1104 5372 1450 5442 secundu
1468 5392 1539 5442 m
1578 5373 1956 5466 proprias
1995 5394 2117 5447 ra-

559 5480 848 5565 tiones,
907 5484 1010 5557 ibi
1052 5491 1268 5560 esset
1310 5486 1671 5561 infinitas
1739 5488 2115 5581 perfecti-

559 5599 734 5672 onis
778 5600 1120 5675 alterius
1175 5603 1548 5686 rationis,
1605 5612 1941 5699 propter
1983 5606 2111 5679 ob·

2233 5366 2697 5460 parativam
2827 5365 3115 5457 lapidis
3242 5368 3338 5438 ad
3440 5365 3779 5456 lignum,

2229 5485 2388 5558 nisi
2456 5484 2743 5556 habeat
2813 5483 3175 5554 rationes
3244 5483 3781 5573 cognoscendi

2231 5606 2667 5694 utrumque
2706 5600 3144 5693 objectum;
3175 5599 3624 5674 intellectio
3648 5619 3781 5673 au·

3724 704 3738 719 .
3812 671 4138 723 Scotmid

3874 735 4140 798 3mq2s

3870 798 4092 848 Ostensa

3831 860 4112 974 ρωςέοὲὶιο,

3818 983 4134 1051 d....14q2
