4287 6313
669 371 788 435 668

651 535 840 601 aliter
872 533 1187 622 requisita
1235 534 1389 600 sunt
1428 534 1494 599 in
1538 532 1642 599 his
1674 530 1991 608 definire;
2045 550 2203 616 crgo

650 653 925 739 loquens
1019 650 1099 717 de
1162 651 1429 717 materia
1480 661 1726 717 remota
1786 660 1848 714 et
1916 646 2207 734 proxima

649 768 1047 836 Sacramenti
1089 765 1641 845 confirmationiS,
1665 764 1959 831 absolute
1990 763 2205 829 inten—

649 884 744 950 dit
819 884 1057 951 ibidem
1139 883 1542 970 praescripta,
1609 902 1755 949 esse
1834 878 2205 947 necessaria

651 1002 1039 1069 necessitate
1098 1001 1526 1081 Sacramenti‚
1580 1012 1643 1066 et
1684 1021 1813 1066 non
1864 997 2200 1085 praecepti.

332 1117 531 1241 nggio
534 1181 600 1231 <10
741 1117 1038 1184 Secundo
1118 1116 1288 1204 quod
1357 1116 1690 1183 communi
1770 1114 2206 1202 appellatione

355 1242 576 1294 chrisma
653 1235 940 1301 chrisma
1003 1254 1116 1322 pro
1165 1234 1307 1300 oleo
1352 1247 1671 1311 sumatur,
1725 1244 1789 1298 et
1855 1229 2206 1318 aliquando

317 1307 600 1419 &affimat
654 1353 874 1416 Patres
939 1350 1059 1415 hac
1107 1349 1541 1436 appellatione
1604 1359 1899 1427 utuntur,
1956 1345 2202 1411 intelli-

648 1479 815 1553 gunt
847 1483 1062 1533 tamen
1102 1468 1342 1547 oleum,
1388 1466 1557 1554 quod
1594 1487 1705 1552 per
1753 1463 2203 1531 excellentiam

653 1596 966 1662 magnum
1034 1589 1097 1641 et
1153 1575 1451 1641 divinum
1518 1575 1643 1660 ipsi
1715 1573 2065 1660 appellant,
2142 1587 2207 1641 et

647 1693 1165 1760 antonomastice
1205 1715 1322 1780 pro
1360 1693 1742 1773 chrismate,
1780 1713 1908 1779 quo
1947 1693 2028 1759 ab
2082 1693 2204 1758 ini-

644 1810 734 1876 tio
776 1811 1090 1877 Ecclesiae
1134 1811 1513 1889 utebantur,
1552 1821 1680 1874 tam
1744 1809 1951 1873 Graeci
2006 1828 2200 1895 quam

650 1928 856 1993 Latini
918 1929 983 1993 in
1049 1927 1175 1992 hoc
1215 1925 1572 2013 mysteri03
1632 1946 1758 1991 non
1811 1937 2026 1990 autem
2088 1946 2202 1991 su-

644 2056 829 2109 munt
869 2064 987 2129 pro
1039 2043 1180 2109 oleo
1231 2041 1538 2128 simplici,
1606 2040 1777 2127 quod
1836 2061 1964 2106 non
2010 2041 2204 2105 habet

638 2159 1096 2245 fragrantiam,
1160 2157 1274 2223 sed
1339 2178 1455 2241 pro
1523 2156 1665 2221 oleo
1720 2156 2082 2241 composito
2139 2166 2202 2220 et

647 2275 853 2341 mixto
885 2295 965 2341 ex
1007 2271 1215 2340 variis
1264 2273 1673 2360 liquoribus;
1738 2272 1909 2337 unde
1961 2271 2198 2357 Diony-

642 2391 783 2457 sius
828 2391 907 2456 de
965 2389 1413 2456 Ecclesiastica
1476 2387 1865 2467 hierarchia,
1920 2408 2063 2473 cap.
2127 2391 2191 2452 4.

648 2509 945 2573 Dicimus
1028 2508 1239 2594 iqitur
1315 2506 1636 2591 unquenti
1719 2505 2196 2588 confectionem

644 2624 879 2711 inquit,
952 2645 1086 2689 esse
1164 2622 1610 2688 collectionem
1663 2620 2018 2707 quamdam
2082 2640 2192 2684 su-

642 2743 861 2806 aviter
907 2740 1314 2826 spirantium
1348 2739 1804 2816 materiarum,
1843 2758 1985 2823 qua‘
2016 2739 2087 2802 in
2127 2758 2195 2801 se

645 2879 953 2945 maynam
985 2858 1120 2922 vim
1156 2866 1215 2920 ct
1248 2856 1509 2940 copiam
1539 2855 1996 2940 fraqrantium
2037 2875 2190 2939 qua·

637 2977 904 3042 litatum
965 2975 1331 3039 contineat.
1372 2970 1650 3037 Basilius
1709 2970 1934 3036 eodem
1998 2970 2190 3036 modo

634 3094 712 3159 in
764 3092 1016 3159 Psalm.
1083 3090 1239 3154 132.
1313 3087 1584 3174 exponit
1649 3086 2187 3173 compositionem

631 3208 781 3289 olei,
838 3229 967 3295 quo
1019 3218 1250 3272 unctus
1299 3216 1399 3271 est
1450 3209 1663 3270 Aaron
1711 3216 1773 3270 et
1820 3203 1934 3269 lilii
1979 3204 2041 3269 in
2076 3206 2186 3270 Sa-

630 3325 968 3392 cerdotes:
1020 3324 1272 3399 Oleum,
1331 3320 1566 3407 inquit,
1631 3320 1809 3386 illud
1863 3321 2186 3386 Sacerdo-

633 3443 766 3508 tale
802 3463 886 3506 eac
926 3440 1139 3505 variis
1180 3437 1621 3502 condimentis
1650 3437 2032 3520 constabat,-
2074 3460 2179 3504 ve-

631 3578 782 3624 rum
835 3556 1099 3621 nullum
1166 3554 1440 3618 illorum
1507 3555 1877 3638 separatim
1932 3565 2186 3621 tantam

630 3671 969 3737 emittebat
1008 3670 1500 3755 frayrantiam,
1530 3669 1646 3734 sed
1685 3672 1984 3735 mioetura
2034 3671 2182 3736 illo-

629 3808 806 3866 rum,
871 3797 932 3851 et
976 3786 1275 3850 inunctio
1317 3787 1681 3849 maximam
1727 3785 2043 3851 reddebat
2081 3809 2184 3852 re·

628 3903 998 3969 dolentiam
1030 3927 1055 3981 ,·
1089 3912 1151 3967 et
1214 3910 1390 3985 patet
1447 3900 1570 3966 hoc
1628 3901 1830 3966 Exodi
1874 3903 1982 3968 30.
2055 3903 2185 3967 Hoc

629 4021 847 4084 oleum
898 4020 1231 4083 unctionis
1268 4028 1570 4082 sanctum
1611 4019 1739 4082 erit
1805 4018 1997 4098 mihi,
2053 4029 2176 4083 etc.

631 4146 691 4200 ct
746 4137 952 4220 juxta
1009 4133 1549 4218 compositionem
1607 4135 1749 4219 ejus
1789 4154 1922 4198 non
1968 4135 2182 4216 facie-

637 4255 722 4317 tis
755 4251 971 4329 aliud,
1020 4262 1142 4317 etc.

403 4412 482 4463 21.
728 4371 878 4434 Haec
906 4379 1122 4433 autem
1170 4366 1389 4432 unctio
1423 4366 1542 4432 fuit
1582 4365 1791 4452 figura
1823 4368 1989 4454 ejuS,
2034 4389 2182 4455 quae

635 4488 700 4552 in
745 4505 915 4551 novo
971 4488 1390 4551 Testamento
1431 4482 1525 4561 fit,
1563 4497 1626 4549 et
1666 4484 1731 4548 in
1784 4485 2071 4563 materia,
2119 4499 2182 4552 et

632 4601 696 4669 in
758 4600 1245 4688 significatione
1292 4599 1607 4686 mystica,
1674 4600 1841 4666 unde
1890 4601 2180 4668 Isidorus

631 4717 709 4783 de
770 4715 1246 4783 Ecclesiasticis
1295 4714 1671 4780 officiislib.
1743 4719 1806 4781 2.
1852 4737 1992 4802 cap.
2065 4719 2173 4782 25.

636 4835 1041 4899 Chrismalis
1111 4841 1512 4918 unquentum
1585 4830 1838 4917 Moyses
1882 4833 2176 4917 primum

621 4952 692 5014 in
757 4949 993 5015 Exodo
1060 4949 1330 5035 jubente
1396 4949 1702 5026 Domina,
1785 4950 2169 5033 composuit,

622 5088 748 5154 quo
783 5066 999 5153 primi
1036 5065 1289 5144 Aaron,
1328 5075 1386 5129 et
1424 5065 1562 5147 filii
1592 5066 1732 5151 ejus
1781 5066 1854 5130 in
1885 5067 2175 5131 testimo-

622 5184 810 5249 nium
867 5183 1268 5261 Sacerdotii,
1332 5193 1393 5247 et
1439 5183 1812 5247 sanctitutis
1870 5185 2177 5267 peruncti

620 5310 774 5365 sunt
793 5324 817 5376 ,·
851 5297 1094 5363 deinde
1125 5320 1378 5385 quoque
1414 5310 1473 5363 ct
1509 5300 1706 5384 Reqes
1738 5298 1966 5362 eodem
1997 5301 2174 5364 cliri-

282 5413 574 5526 chi-tiiffiu.
623 5426 830 5481 aniate
905 5414 1365 5492 sacrabantur,
1438 5427 1560 5479 etc.
1634 5412 1766 5478 Sed
1828 5427 2174 5500 postquam

294 5535 352 5587 in
388 5539 566 5602 veteri,
631 5527 950 5595 Dominus
999 5538 1242 5610 noster,
1318 5548 1510 5594 verus
1556 5528 1696 5594 Rex
1742 5537 1803 5592 et
1852 5529 2175 5598 Sacerdos

1898 366 2037 430 LlB.
2075 367 2176 428 lV.
2213 365 2819 430 SENTENTlARUM
2922 434 2932 442 ‚

2318 537 2626 609 oeternus,
2701 552 2742 594 a
2817 532 2951 595 Deo
2999 532 3204 596 Patre
3287 532 3533 597 ccelcsti
3590 532 3867 618 mystico
3963 562 4152 609 etnova

2323 658 2654 733 unquento
2732 659 2824 713 est
2899 648 3246 728 delibutus,
3327 651 3476 734 jam
3549 670 3685 714 non
3739 649 3867 713 soli
3995 622 4121 689 ¹⁹30·

2318 760 2677 841 Pontifices
2750 770 2811 824 et
2867 761 3092 846 Reyes,
3153 760 3269 825 sed
3305 763 3518 826 omnis
3574 762 3871 826 Ecclesia

2317 878 2624 942 unctione
2683 877 3065 941 chrismatis
3121 887 3565 956 consecratur,
3623 898 3748 963 pro
3798 898 3871 942 eo

2316 994 2496 1082 quod
2547 994 2906 1060 membrum
2956 1007 3049 1060 est
3097 996 3344 1062 (eterni
3390 994 3773 1060 Sacerdotis
3815 1006 3876 1059 et

2315 1111 2517 1197 rems,
2569 1122 2691 1177 etc.
2759 1112 2866 1176 ubi
2919 1111 3054 1197 agit
3095 1109 3173 1176 de
3237 1111 3592 1178 chrismate
3621 1110 3871 1177 Confir-

2320 1227 2646 1307 mationiS‚
2684 1227 2854 1314 quod
2889 1227 3058 1294 idem
3099 1240 3320 1293 censet
3360 1249 3506 1294 esse
3537 1248 3685 1293 cum
3729 1227 3866 1307 illo,

2319 1344 2492 1431 quod
2543 1343 2823 1409 confecit
2871 1347 3153 1430 Moyses,

2408 1459 2650 1525 Eodem
2697 1458 2884 1524 modo
2944 1462 3175 1524 Petrus
3247 1457 3596 1524 Damianus
3665 1480 3865 1527 serm.

2318 1577 2401 1642 de
2474 1576 2680 1643 Coena
2748 1577 3046 1653 Domini,
3119 1579 3447 1661 Rupertus
3498 1574 3616 1640 lib.
3666 1580 3729 1641 ὅ.
3785 1576 3870 1640 de

2315 1693 2585 1775 officiis,
2658 1712 2804 1776 cap.
2874 1694 2979 1757 16.
3028 1694 3124 1756 Ex
3193 1691 3433 1777 quibus
3472 1701 3647 1777 patet
3689 1689 3863 1758 aliud

2316 1807 2531 1874 vocari
2571 1826 2605 1871 a
2658 1806 2955 1871 Patribus
3004 1806 3245 1883 oleum,
3301 1805 3471 1871 aliud
3507 1827 3664 1873 vero
3696 1806 3866 1872 chri·

2315 1944 2480 1991 sma.
2517 1923 2698 1999 Quod
2731 1924 2924 1989 ctiam
2950 1922 3136 1989 docet
3159 1926 3430 2008 Optatus
3453 1923 3871 1990 Milevitanus

2316 2040 2428 2106 lib.
2477 2043 2538 2108 7.
2584 2051 2810 2105 contra
2846 2040 3261 2106 Donatistas:
3321 2038 3577 2120 Oleum,
3628 2040 3861 2128 inquit,

2310 2159 2601 2244 simplem
2658 2169 2769 2237 est,
2830 2168 2888 2222 et
2938 2178 3177 2223 nomen
3243 2179 3433 2223 suum
3504 2179 3728 2237 metim,
3802 2171 3866 2224 et

2306 2275 2662 2360 proprium
2701 2273 2938 2351 habe&
2970 2276 3343 2357 confectum
3382 2278 3527 2361 jam
3571 2276 3864 2340 chrisma

2309 2402 2582 2456 vocatur
2631 2393 2704 2457 in
2764 2413 2889 2477 quo
2938 2402 3030 2456 est
3076 2392 3394 2470 suavitas,
3459 2413 3604 2477 quse
3650 2403 3862 2457 cutem

2309 2510 2727 2574 conscientia.³
2793 2509 3032 2587 mollit,
3090 2520 3213 2574 etc.
3260 2511 3354 2574 Ex
3395 2508 3636 2595 quibus
3682 2517 3856 2575 ‘con-
3892 2547 4202 2601 Chrismaex

2306 2637 2433 2692 stat
2481 2625 2764 2691 chrisma
2804 2646 2888 2691 cx
2927 2645 3048 2690 usu
3102 2623 3409 2691 Ecclesiae
3450 2645 3579 2690 non
3641 2627 3854 2692 vocari
3942 2628 4175 2725 Ecssiffiiae

2305 2742 2520 2817 oleum
2563 2739 2868 2827 simplex,
2907 2739 3018 2806 sed
3053 2741 3421 2807 confectum
3454 2752 3519 2807 et
3550 2742 3852 2823 mixtum,
3894 2748 4200 2854 Πῡῐὲἷξέῗηωῐ

2304 2870 2366 2923 6ῑ
2436 2858 2758 2943 fragranS,
2815 2866 2882 2921 ut
2942 2856 3236 2922 insinuat
3283 2857 3478 2923 etiam
3531 2859 3855 2925 Eusebius
3944 2867 4170 2932 simplex,

2303 2973 2728 3041 Caesariensis
2773 2974 2884 3040 lib.
2926 2975 3360 3041 demonstrat.
3406 2975 3854 3061 Evanyclica-
3895 2933 4196 3042 consffi'mn.

2298 3110 2470 3169 rum,
2527 3111 2671 3176 cap.
2734 3093 2838 3158 10.
2912 3090 3072 3178 quin
3126 3089 3319 3156 etiam
3370 3090 3670 3158 Clemens
3726 3094 3855 3158 Ro-

2298 3225 2530 3273 manus
2562 3207 2674 3272 lib.
2704 3211 2767 3273 Ἴ.
2804 3208 3139 3286 constitut,
3180 3228 3326 3292 cap.
3357 3211 3465 3273 23.
3503 3206 3854 3294 distinguit

2299 3321 2468 3388 inter
2514 3321 2728 3388 oleum
2787 3333 2852 3387 et
2889 3334 3304 3409 unguentum
3337 3323 3735 3390 chrismatis.

2385 3437 2507 3503 Sed
2557 3448 2624 3504 ut
2663 3437 2742 3504 ad
2782 3459 3093 3525 expressa
3143 3439 3514 3505 testimonia
3557 3460 3834 3525 progre-
4033 3485 4095 3516 ἢ.

2296 3553 2576 3632 diamur,
2612 3556 2900 3620 lrenaeus
2934 3556 3047 3621 lib.
3096 3561 3156 3621 1.
3192 3555 3511 3621 adversus
3546 3556 3842 3624 haereses

2295 3692 2436 3757 cap.
2474 3675 2580 3739 18.
2636 3691 2838 3756 agens
2895 3669 2978 3736 de
3029 3671 3239 3738 modis
3293 3672 3838 3759 regenerationiS,

2294 3787 2536 3875 quibus
2604 3787 2953 3853 utebantur
3027 3788 3342 3867 Gnostici,
3418 3788 3652 3856 asserit
3739 3811 3858 3857 eos

2295 3905 2489 3970 etiam
2532 3903 2863 3970 unctionis
2925 3905 3308 3990 mysterium
3362 3905 3846 3992 assumpsisse:

2299 4022 2454 4086 Post
2531 4019 2795 4098 deinde,
2873 4019 3112 4106 inquit,
3185 4032 3443 4108 unyunt
3508 4033 3851 4089 sacratum

2292 4134 2736 4220 opobalsamO,
2776 4144 2899 4199 etc.
2935 4147 2997 4200 et
3029 4134 3241 4202 infra:
3287 4135 3578 4211 Quidam
3616 4148 3839 4202 autem

2295 4274 2522 4318 eorum
2553 4254 2885 4319 adducere
2926 4255 3192 4339 quidem
3230 4255 3321 4320 ad
3350 4275 3591 4342 aquam
3621 4277 3855 4342 super-

2292 4391 2659 4436 vacaneum
2708 4391 2848 4436 esse
2905 4371 3160 4449 dicunt,
3237 4371 3673 4439 admiscentes
3710 4374 3851 4438 ole-

2294 4510 2403 4554 um
2470 4499 2529 4552 et
2571 4509 2816 4573 aquam
2859 4489 2934 4552 in
2980 4489 3230 4567 vinum,
3279 4499 3404 4554 etc.
3439 4491 3710 4555 mittun!
3739 4513 3852 4556 su·

2290 4624 2414 4689 per
2453 4625 2680 4669 eorum
2718 4615 2935 4690 caput,
3005 4607 3122 4689 qui
3186 4618 3546 4671 sacrantur
3610 4617 3669 4673 et
3726 4609 3856 4674 lzoc

2289 4743 2424 4787 esse
2486 4722 3003 4807 redemptionem
3069 4723 3348 4802 volunt‚·
3411 4735 3669 4810 unyunt
3724 4748 3848 4791 au·

2290 4851 2435 4919 tem,
2484 4850 2542 4905 e!
2582 4840 2715 4925 ipsi
2757 4839 3202 4925 opobalsamo,
3242 4853 3366 4905 etc.
3415 4843 3547 4907 Hoc
3587 4854 3833 4926 autem,

2290 4966 2359 5022 ut
2400 4956 2566 5021 hene
2608 4955 2776 5020 idem
2820 4954 3156 5021 adnotavit
3206 4955 3680 5025 Feuardentius
3725 4981 3836 5026 no·

2288 5083 2444 5153 ster,
2479 5073 2835 5139 actitabant
2856 5072 2934 5137 ad
2970 5072 3399 5139 imitationem
3431 5075 3839 5143 Sacramenti

2285 5187 2683 5265 chrismatiS,
2750 5187 2919 5274 quod
2963 5188 3043 5253 ab
3103 5188 3388 5256 Ecclesia
3439 5190 3839 5275 didicerunt,

2286 5303 2460 5391 quod
2509 5315 2901 5389 argumento
2955 5314 3051 5370 est
3110 5304 3396 5371 chrisma
3445 5327 3526 5371 ex
3592 5305 3850 5372 traditi-

2284 5439 2409 5484 one
2441 5418 2812 5505 Apostolica
2845 5431 2909 5485 et
2941 5418 3354 5488 institutione
3383 5421 3607 5488 divina
3638 5422 3852 5490 fuisse

2286 5534 2725 5620 compositum
2781 5554 2860 5601 ex
2901 5532 3214 5602 balsamo,
