4287 6313
332 2146 409 2196 11.

586 423 703 485 602
726 445 729 448 ’
1728 427 1872 493 LIB.
1907 427 2005 489 lv.
2059 426 2655 490 SENTENTIARUM

554 582 705 662 ria,
761 583 856 655 ad
891 585 1289 676 majorem
1330 586 1685 677 gloriam
1726 580 2093 657 habentis

552 696 718 771 tale
768 697 1113 790 signum,
1175 700 1302 771 vel
1341 700 1812 772 damnatum
1876 699 1954 771 in
1990 701 2100 770 in-

548 812 809 899 ferno,
892 817 986 889 ad
1055 817 1455 909 majorem
1535 816 2099 890 confusionem

544 952 704 1004 non
771 932 1146 1007 habentis
1223 935 1387 1010 tale
1482 936 1830 1026 signum.
1897 937 2103 1008 Neu-

541 1052 769 1121 trum
838 1055 963 1123 est
993 1050 1211 1135 dare,
1268 1053 1456 1144 quia
1492 1053 1765 1154 major
1829 1051 2103 1143 gloria

542 1170 668 1238 est
719 1164 955 1239 beato
1000 1164 1378 1241 habuisse
1422 1174 1692 1242 actum
1746 1167 2107 1242 charita-

542 1279 678 1361 tis,
727 1300 969 1371 quam
1024 1285 1478 1376 suscepisse
1560 1285 2096 1376 Baptismum,

543 1400 621 1470 et
670 1398 936 1489 major
969 1400 1340 1474 confusio
1382 1406 1505 1473 est
1546 1402 1931 1474 damnato
1976 1423 2100 1474 ce-

544 1513 838 1586 cidisse
879 1535 926 1586 a
986 1515 1395 1591 charitate
1442 1539 1677 1609 quam
1724 1538 1769 1589 a
1831 1539 2098 1590 susce-

552 1630 1312 1732 ptionessaptismi,
1379 1638 1459 1707 et
1507 1635 1782 1705 tamen
1831 1632 2098 1705 chari-

548 1744 747 1820 tatis
798 1768 936 1818 seu
1015 1752 1248 1822 actus
1283 1749 1718 1829 meritorii,
1786 1750 2095 1822 nullum

551 1863 886 1955 ponitur
970 1865 1289 1958 signum
1371 1868 2094 1940 rememorativum

549 1981 632 2051 in
679 1980 941 2070 beato,
978 1973 1236 2054 necin
1275 1983 1681 2056 damnato,
1734 2079 1737 2082 Ι

642 2098 1121 2189 specialiter
1198 2104 1472 2174 autem
1551 2102 1933 2192 arguitur
2006 2101 2097 2172 de

549 2215 1071 2299 beatitudine,
1139 2218 1327 2310 quia
1368 2220 1436 2290 si
1496 2219 1817 2310 signum
1886 2219 2097 2291 istud

545 2336 759 2404 esset
813 2333 893 2405 in
955 2333 1293 2408 habente
1344 2336 1437 2407 ad
1500 2335 1930 2428 specialem
1974 2356 2096 2406 ex-

548 2449 1007 2523 cellentiam
1063 2452 1144 2523 in
1223 2452 1516 2543 gloria,
1615 2456 2098 2544 sequeretur

548 2565 753 2654 quod
805 2564 1025 2637 solus
1073 2566 1464 2639 Sacerdos
1527 2568 1740 2641 inter
1820 2588 2095 2640 01111108

546 2679 1068 2755 Christianos
1130 2688 1405 2775 posset
1475 2673 1769 2756 habere
1848 2687 2093 2759 talem

545 2799 1117 2873 excellentiam
1155 2801 1230 2872 in
1266 2801 1558 2892 gloria,
1599 2802 1787 2893 quia
1821 2806 2098 2876 Sacer-

543 2913 686 2987 dos
719 2914 959 2989 habet
1031 2936 1309 2989 omnes
1369 2917 1919 2991 characteres.
1969 2923 2097 2992 Se-

547 3035 937 3123 queretur
976 3031 1224 3104 etiam
1293 3033 1495 3123 quod
1541 3032 1913 3106 Christus
1972 3055 2095 3107 ca-

548 3150 771 3221 reret
824 3147 985 3221 ista
1034 3147 1515 3222 excellentia
1558 3150 1871 3239 gloriae,
1911 3148 2094 3243 quia

543 3263 716 3355 ipse
767 3283 926 3335 non
962 3262 1115 3337 fuit
1146 3262 1610 3357 baptizatus
1670 3268 2090 3359 Baptismo

542 3378 876 3454 Christi.
918 3380 1385 3473 Baptismus
1423 3388 1694 3456 autem
1750 3386 2091 3458 ‚Ioannis

540 3516 701 3568 non
777 3497 1196 3589 impressit
1264 3497 1853 3583 characterem,
1943 3522 2088 3573 nec

537 3610 691 3685 fuit
754 3613 1145 3686 Sacerdos
1199 3616 1685 3696 sacerdotio,
1758 3621 1847 3690 ut
1906 3639 2090 3690 con-

536 3726 803 3799 fertur
864 3728 945 3799 in
1000 3729 1277 3801 ordine
1339 3732 1851 3814 sacerdotali,
1900 3736 2083 3825 quia

534 3865 695 3917 non
727 3844 878 3917 fuit
924 3845 1021 3917 ab
1072 3847 1344 3939 aliquo
1402 3849 1846 3922 ordinatus.
1896 3852 2083 3923 Pari

536 3961 881 4042 ratione,
974 3982 1117 4034 nec
1183 3964 1715 4038 confirmatus
1799 3969 2086 4039 confir-

538 4079 896 4150 matione
984 4082 1597 4156 sacramentali.
1702 4086 2085 4176 Sequitur

531 4192 780 4265 etiam
816 4195 1020 4285 quod
1094 4196 1355 4269 sancti
1400 4199 1687 4269 Patres
1737 4204 1816 4274 et
1848 4199 2084 4273 beata

530 4310 812 4401 Virgo,
878 4310 1066 4402 quia
1135 4331 1296 4385 non
1363 4312 1821 4390 habuerunt
1871 4317 2081 4391 istud

534 4425 881 4518 signum,
919 4447 1079 4499 non
1107 4429 1399 4503 habent
1435 4432 1660 4504 illam
1694 4435 2079 4508 excellen-

534 4542 732 4615 tiam
769 4544 850 4616 in
893 4544 1187 4635 gloria.

620 4663 1033 4734 Praeterea
1133 4666 1382 4737 tertio
1491 4669 1877 4759 arguitur
1983 4692 2080 4743 ex

534 4783 768 4870 parte
826 4777 1067 4871 hujus
1125 4781 1310 4853 doni
1372 4781 1452 4853 in
1515 4804 1623 4871 se,
1689 4787 1878 4877 quia
1925 4808 2079 4859 non

532 4894 854 4967 videtur
887 4897 1326 4988 probabile,
1374 4901 1578 4991 quod
1612 4901 1880 4984 alicui,
1948 4905 2080 4995 qui

535 5031 697 5083 non
728 5015 1049 5088 tantum
1081 5020 1206 5089 est
1236 5016 1313 5087 in
1351 5024 1681 5109 peccato
1718 5020 2076 5103 mortali,

537 5128 784 5201 sedin
835 5129 976 5201 illo
1022 5135 1203 5203 actu
1243 5139 1522 5226 peccat
1586 5136 2078 5223 mortaliter,

531 5248 747 5319 Deus
789 5244 1160 5322 conferat
1207 5249 1503 5321 donum
1537 5272 1801 5333 suum;
1840 5256 1915 5327 et
1950 5254 2086 5326 hu-

525 5363 661 5455 jus
716 5361 1091 5453 probatio
1171 5370 1320 5449 est,
1362 5368 1546 5459 quia
1590 5373 1716 5436 Dei
1778 5378 2079 5459 perfecta

527 5495 681 5552 sunt
718 5504 949 5569 opera,
997 5483 1326 5556 Denter.
1389 5487 1508 5556 22.
1552 5490 1632 5559 et
1668 5486 1839 5560 ideo
1910 5490 2083 5561 nul-

532 5602 700 5673 lum
770 5603 1009 5672 curat
1070 5619 1303 5692 quem
1340 5623 1495 5673 non
1563 5602 1916 5695 perfecte
1950 5628 2077 5679 cu-

2219 588 2391 664 rat:
2457 586 2794 678 impium
2869 587 3084 657 enim
3126 593 3250 660 est
3313 606 3359 657 a
3418 585 3767 663 Decim-

2220 702 2661 792 perfectam
2698 723 3033 794 sperare
3069 703 3422 781 veniam;
3460 699 3769 772 nullum

2215 838 2414 909 ergo
2456 821 2752 891 donum
2797 840 3030 891 suum
3065 821 3200 894 dat
3261 820 3506 892 alicui
3555 824 3776 891 actu-

2214 936 2461 1009 aliter
2534 940 2721 1009 tunc
2810 935 3174 1028 peccanti
3273 935 3771 1007 mortaliter.

2216 1055 2366 1126 Sed
2433 1054 2668 1128 fictus
2747 1054 2829 1126 in
2918 1051 3427 1145 suscipiendo
3505 1053 3772 1143 Bapti-

2216 1175 2798 1261 smum‚peccat
2837 1169 3531 1260 mortaliter,quia
3574 1166 3767 1239 facit

2215 1286 2848 1360 irreverentiam
2911 1288 3487 1365 Sacramento;
3569 1303 3769 1376 ergo

2215 1405 2427 1476 Deus
2462 1423 2561 1474 ex
2592 1402 2902 1476 virtute
2937 1401 3174 1495 huJus
3202 1406 3456 1481 actus,
3500 1400 3579 1470 in
3613 1419 3766 1490 quo

2218 1523 2498 1611 peccat
2536 1519 3215 1599 mortaliter‚non
3257 1518 3390 1589 dat
3434 1515 3584 1588 sibi
3626 1515 3769 1586 ali-

2211 1634 2419 1725 quod
2460 1635 2757 1705 donum
2802 1633 3182 1725 speciale.

2305 1752 2532 1830 Item,
2619 1770 2853 1823 omne
2927 1750 3222 1821 donum
3280 1748 3424 1821 Dei
3483 1747 3756 1819 datum
3870 1762 4048 1813 omna

2212 1864 2546 1948 homini,
2628 1871 2769 1939 aut
2837 1867 2963 1939 est
3038 1871 3368 1956 gratum
3420 1863 3750 1942 faciens,

2211 1985 2336 2054 vel
2379 1982 2641 2073 gratis
2711 1984 3011 2063 datum,
3059 1983 3174 2053 sic
3236 1980 3753 2071 intelligendo
3787 2020 3838 2069 sa

2212 2100 2387 2180 hoc,
2461 2099 2666 2189 quod
2706 2103 2827 2170 est
2865 2104 3198 2188 gratum
3253 2097 3588 2174 faciens,
3631 2116 3724 2165 ve

2212 2214 2649 2287 actualiter
2713 2214 2841 2286 vel
2945 2213 3443 2306 dispositive.
3539 2210 3757 2294 Quod

2208 2332 2534 2403 brevius
2566 2330 2720 2404 dici
2802 2329 3312 2424 potest,quod
3343 2332 3556 2402 Deus
3589 2325 3758 2398 nul-

2212 2448 2378 2519 lum
2463 2448 2759 2519 donum
2829 2448 2963 2521 dat
3047 2447 3318 2528 alicui,
3398 2444 3558 2517 nisi
3634 2443 3758 2515 vel

2213 2567 2552 2656 propter
2619 2563 2913 2634 bonum
2985 2563 3186 2654 eJuS,
3257 2561 3384 2634 vel
3424 2566 3762 2652 propter

2211 2682 2507 2752 1101111111
2559 2669 2970 2752 Ecclesiae.
3013 2679 3214 2751 Illud
3267 2678 3473 2770 quod
3533 2677 3755 2769 poni-

2213 2806 2348 2874 tur
2381 2798 2838 2881 character,
2882 2818 3042 2870 non
3096 2803 3218 2871 est
3249 2798 3547 2870 donum
3579 2815 3757 2888 gra-

2211 2917 2316 2990 tis
2398 2917 2699 2997 datum,
2793 2916 2963 2988 sive
3033 2920 3374 3007 propter
3458 2912 3755 2986 bonum

2213 3031 2616 3113 Ecclesiae,
2655 3029 3424 3122 cujusmodidonum
3457 3030 3580 3100 est
3605 3026 3757 3099 lin-

2209 3168 2582 3234 guarum,
2619 3151 2700 3221 et
2739 3147 2879 3219 illa
2917 3147 3008 3218 (le
3043 3146 3326 3239 quibus
3391 3144 3755 3237 loquitur

2209 3266 2650 3356 Apostolus
2688 3267 2755 3336 2.
2809 3267 2899 3333 ad
2934 3268 3241 3333 Corinth.
3277 3267 3345 3336 9.
3394 3262 3582 3355 quia
3651 3262 3756 3334 is-

2203 3383 2340 3454 tud
2400 3382 2602 3453 nulli
2661 3381 3000 3461 valeret,
3060 3381 3218 3452 nisi
3261 3384 3579 3453 tantum
3623 3377 3759 3449 ha-

2200 3498 2443 3572 benti.
2521 3500 2755 3570 Patet
2819 3498 3092 3576 etiam,
3187 3497 3391 3589 quod
3481 3496 3752 3566 nullus

2203 3615 2536 3689 effectus
2590 3614 2816 3688 utilis
2904 3613 3286 3686 Ecclesiae
3347 3613 3741 3705 sequitur.

2205 3731 2350 3805 Sed
2421 3752 2564 3804 nec
2645 3732 2939 3804 donum
3013 3732 3344 3822 gratum
3415 3729 3743 3811 faciens,

2157 3940 2158 3943 Ἴ
2200 3848 2387 3940 quia
2434 3869 2577 3941 per
2610 3850 2823 3922 istud
2853 3849 3152 3920 donum
3186 3866 3534 3939 persona
3584 3866 3738 3918 non

2198 3975 2736 4049 constituitur
2769 3974 2851 4045 in
2885 3973 3160 4066 aliquo
3211 3973 3465 4066 gradu
3526 3993 3747 4044 acce·

2201 4102 2594 4194 ptationis
2665 4105 3038 4192 respectu
3081 4099 3252 4181 Dei,
3290 4120 3431 4172 nec
3485 4100 3736 4173 etiam

2199 4229 2360 4302 tale
2426 4228 2719 4300 donum
2778 4224 3204 4302 confertur
3245 4228 3415 4299 sine
3474 4227 3746 4317 gratia

2197 4359 2278 4427 et
2345 4353 2774 4435 charitate,
2867 4353 3050 4446 quia
3115 4354 3329 4425 Deus
3391 4350 3745 4444 perfecte

2199 4487 2458 4555 sanat.

2285 4606 2591 4681 Ultimo
2680 4606 3066 4697 arguitur
3127 4625 3224 4677 ex
3278 4604 3438 4678 isto
3503 4606 3735 4677 modo

2195 4734 2535 4816 essendi,
2609 4732 2742 4827 qui
2803 4730 3136 4824 ponitur
3202 4730 3735 4810 characteris,

2199 4860 2387 4951 quia
2419 4858 2752 4951 ponitur
2782 4855 3254 4938 indelebiliS,
3282 4859 3361 4928 et
3395 4853 3547 4927 hoc
3586 4856 3737 4926 sic:

2196 4975 2439 5048 Nulla
2498 4975 2766 5048 forma
2827 4973 3037 5045 inest
3105 4972 3422 5054 animae,
3503 4992 3742 5063 quam

2196 5124 2356 5176 non
2406 5106 2674 5195 potest
2738 5103 2951 5173 Deus
3010 5100 3300 5182 delere,
3366 5101 3554 5191 quia
3604 5098 3749 5170 mi-

2193 5251 2344 5301 nus
2412 5232 2537 5301 est
2616 5226 2882 5298 delere
2954 5245 3196 5317 quam
3228 5245 3534 5303 creare,
3617 5225 3746 5296 vel

2197 5355 2486 5427 saltem
2571 5372 2730 5425 non
2824 5350 3162 5424 includit
3231 5350 3750 5424 contradicti-

2197 5500 2431 5553 onem
2490 5479 2843 5551 formam
2901 5481 3268 5551 creatam
3318 5475 3397 5548 in
3468 5476 3740 5548 anima

2192 5608 2441 5681 deleri
2513 5607 2611 5678 ab
2678 5607 2999 5687 anima;
3054 5623 3251 5696 ergo
3323 5603 3391 5675 si
3452 5601 3741 5675 chara-

3788 1829 3949 1898 31·οὼ
3969 1830 4116 1886 data,

3929 1898 3985 1941 et

3845 1959 4068 2027 gratum

3731 2095 3753 2166 l
3788 2031 4120 2146 (1110εὲ1δέὓέ-

3823 2146 4054 2209 guantur
4065 2179 4080 2191 .

3901 4633 3983 4685 12.
