4287 6313
487 387 607 452 458

488 548 726 636 paucis
815 562 983 631 erat,
1078 553 1154 618 in
1240 553 1489 640 linquis
1576 557 1776 621 totius
1859 556 2038 622 orbis

497 675 664 744 erat,
711 674 835 731 etc.

269 797 348 848 11.
587 780 683 845 Ex
723 780 827 846 his
888 791 1062 866 patet
1119 795 1294 851 recte
1334 788 1671 852 Doctorem
1721 787 1845 852 sub
1902 786 2040 872 opi-

500 896 695 961 nione
733 916 881 962 cum
922 901 1293 985 Augustino
1349 902 1769 968 constituisse
1827 902 2039 989 Bapti-

497 1033 713 1079 smum
782 1016 1286 1100 Apostolorum;
1361 1019 1763 1105 Baptismum
1823 1033 2038 1088 autem

500 1130 791 1218 Virginis
847 1152 998 1198 cum
1058 1134 1286 1219 maj0ri
1355 1135 1813 1203 incertitudine
1861 1158 2040 1203 asse-

499 1246 634 1313 ruit
707 1248 959 1334 primus
1033 1249 1203 1315 inter
1288 1252 1748 1333 Scholasticos,
1847 1274 2039 1340 quem

501 1362 612 1428 alii
689 1362 994 1450 deinceps
1088 1367 1295 1432 secuti
1363 1380 1541 1448 sunt,
1603 1369 1755 1456 quia
1830 1389 2041 1456 neque

221 1503 416 1574 chtor
500 1478 932 1563 Augustinus,
997 1500 1209 1567 neque
1257 1482 1363 1547 alii
1405 1487 1627 1550 Patres
1685 1482 2038 1571 quidquam

212 1579 431 1678 ξζζξζξῇ
501 1592 831 1673 dixerunt,
895 1608 1124 1680 praetet
1173 1599 1624 1685 Euthymium,
1696 1599 1847 1686 quia
1902 1620 2040 1664 me-

156 1691 478 1804 inltgtggpo-
505 1710 710 1776 moria
766 1711 987 1796 lapsus
1040 1712 1320 1795 videtur,
1368 1715 1520 1802 quia
1571 1736 1780 1801 neque
1821 1714 2041 1781 verbis

156 1817 475 1943 Βθιζὲξξὶξξῡ
500 1825 729 1892 Evodii
777 1825 991 1894 citatis
1056 1852 1091 1897 a
1157 1832 1545 1919 Nicephor0‚
1628 1853 1839 1919 neque
1904 1833 2041 1900 Cle-

500 1943 702 2009 menti
763 1944 1201 2014 Alexandrino
1270 1949 1489 2015 multis
1538 1948 1799 2014 saeculis
1857 1960 2040 2014 ante—

501 2058 660 2125 riori
710 2063 1017 2142 cohaeret,
1082 2077 1146 2129 et
1204 2064 1424 2151 plures
1466 2065 1751 2131 rationes
1805 2086 2042 2151 suppe-

498 2190 645 2244 tunt
675 2180 1002 2247 eximendi
1036 2181 1401 2268 Virginem,
1438 2202 1632 2268 quam
1667 2179 2034 2266 ApostOIOS,

497 2315 647 2382 quae
735 2296 1072 2364 electionis
1142 2297 1576 2384 praerogativa
1641 2309 1705 2364 et
1780 2296 2036 2383 gratiae,

498 2413 697 2480 totius
748 2413 969 2480 electae
1021 2426 1335 2481 creaturae
1374 2415 1631 2480 culmen
1677 2412 2034 2500 superavit,

156 2529 457 2599 Congruen-
499 2531 563 2588 et
601 2543 638 2589 a
687 2534 947 2609 peccato
1006 2522 1131 2590 fuit
1185 2533 1626 2611 praeservata3
1673 2527 1769 2590 sic
1844 2524 2038 2590 etiam

201 2594 436 2728 ιροὲῗειξε
500 2660 868 2726 congruum
932 2641 1072 2718 fuit,
1120 2652 1192 2705 ut
1234 2638 1522 2705 remedio
1571 2660 1685 2725 per
1743 2661 1816 2707 se
1871 2641 2040 2705 ordi-

153 2719 477 2830 praga-3310
504 2769 654 2822 nato
720 2755 798 2821 ad
876 2756 1329 2822 remissionem
1411 2756 1677 2841 peccati,
1759 2758 2041 2844 ejusque

502 2883 828 2958 praecepto
876 2872 1273 2938 eximeretur
1303 2870 1632 2958 (quamvis
1673 2873 1865 2937 etiam
1900 2873 2045 2937 sine

502 2986 884 3075 praejudicio
934 3006 1073 3052 suae
1114 2985 1414 3072 puritatis
1456 2985 1767 3070 baptizari
1803 2985 2036 3072 potuit,

501 3115 573 3169 ut
614 3101 804 3183 infra,
850 3102 1276 3190 responsione
1335 3099 1426 3170 ad
1479 3100 1804 3180 ultimum,
1877 3100 2042 3168 dice-

498 3219 860 3306 tur),quam
893 3219 1387 3306 congruentiam
1413 3218 1701 3284 insinuat
1732 3219 2041 3304 Augusti-

501 3357 626 3403 nus
644 3348 837 3402 tract.
869 3340 930 3401 5.
960 3338 1035 3401 in
1055 3338 1400 3414 loannem,
1431 3355 1546 3401 cur
1567 3334 1863 3400 Christus
1905 3335 2041 3399 solo

500 3451 827 3537 Baptismo
901 3450 1167 3516 Joannis
1244 3450 1366 3516 fuit
1433 3449 1842 3536 baptizatus?
1884 3451 2037 3537 quia

502 3587 713 3654 neque
745 3567 869 3640 hoc
917 3565 1059 3652 ipso
1091 3566 1399 3651 indiguit.

572 3684 927 3752 >Rationem
1021 3697 1236 3752 autem
1325 3686 1524 3773 hujus
1602 3687 2040 3774 exemptionis

182 3757 453 3896 Ratighg-
506 3801 796 3888 Virginis
827 3823 861 3867 a
894 3802 1222 3889 Baptismo
1254 3802 1475 3869 subdit
1514 3806 1788 3869 Doctor:
1839 3805 2032 3883 Quia,

164 3893 467 4001 ᾧῐξῑῖἓὲῗῃῗ
503 3919 740 4006 inquit,
813 3918 1043 3986 habuit
1107 3922 1179 3984 in
1245 3922 1668 4004 conceptione
1733 3921 1873 4003 filii
1934 3922 2043 4000 sui

499 4034 693 4099 illam
762 4032 1275 4120 plenitudinem⁴
1320 4035 1581 4119 qratioe,
1680 4034 1770 4100 ad
1845 4055 2043 4120 quam

500 4151 672 4215 Deus
710 4150 1039 4234 disposuit
1077 4150 1269 4213 illam
1307 4152 1675 4235 pervenire,
1704 4160 1826 4216 etc.
1866 4152 2043 4213 Hanc

500 4266 917 4346 sententiam,
981 4287 1176 4353 quam
1245 4267 1367 4333 sub
1454 4267 1651 4332 dubio
1729 4264 2042 4352 proponit

502 4387 757 4464 Doctor,
811 4383 1022 4449 tenuit
1062 4383 1317 4449 Alensis
1348 4389 1412 4450 3.
1452 4394 1651 4470 parte
1709 4394 1934 4470 qucest.
1974 4387 2037 4450 9.

207 4545 433 4597 Alensis.
503 4523 590 4566 m.
645 4505 708 4566 3.
771 4512 902 4566 art.
947 4503 1010 4566 Ξ.
1049 4502 1083 4586 ξ
1124 4504 1186 4565 2.
1233 4515 1362 4566 tam
1425 4502 1489 4566 in
1550 4512 1937 4586 argumento
1980 4499 2044 4565 in

185 4611 459 4669 Virginem
503 4619 878 4707 oppositum
922 4638 1116 4707 quam
1153 4618 1218 4683 in
1259 4639 1554 4703 corpore.
1610 4617 1717 4682 ubi
1753 4616 1909 4683 dicit
1941 4638 2046 4682 re-

182 4674 432 4847 ωΡΞΞΞΞΘ
503 4736 757 4821 cepisse
798 4732 1271 4821 plenitudinem
1312 4732 1545 4820 gratiae
1578 4733 1644 4798 in
1703 4734 2046 4818 Concepti-

157 4859 464 4924 'pervenisse
498 4872 623 4917 one
670 4851 841 4931 Filii,
876 4871 1151 4936 eamque
1190 4848 1393 4915 fuisse
1426 4849 1490 4913 in
1524 4861 1694 4915 statu
1746 4848 2048 4937 perfectae

178 4923 454 5056 terrssgum
508 4969 760 5055 gratiae,
834 4980 903 5033 ut
961 4967 1266 5050 intelligit
1323 4966 1555 5052 gratiae
1602 4966 1669 5030 in
1738 4967 2041 5033 termin0.

217 5053 418 5113 graneo.
512 5086 696 5152 Unde
763 5085 827 5150 in
888 5084 1312 5170 responsione
1360 5082 1437 5150 ad
1508 5084 1792 5169 primum
1852 5083 2042 5151 dicit:

504 5203 653 5268 Non
699 5222 890 5288 posse
957 5219 1252 5287 peccare,
1335 5197 1570 5283 inquit,
1639 5219 1775 5262 non
1838 5199 2049 5263 solum

498 5321 792 5408 pertinet
822 5319 912 5385 ad
948 5329 1193 5383 statum
1237 5318 1498 5403 qlorioe,
1540 5315 1656 5381 sed
1703 5317 1903 5381 etiam
1959 5316 2048 5382 a'd

496 5448 740 5504 statum
786 5439 1097 5524 persectoe
1133 5435 1389 5520 qratia»,
1436 5435 1605 5499 sicut
1645 5444 1736 5499 est
1776 5435 1851 5498 in
1896 5455 2050 5498 san-

179 3269 452 3338 Angustia.

500 5570 602 5626 cto
679 5557 947 5623 homine
1008 5563 1476 5640 perseverante
1548 5552 1875 5636 finaliter,
1939 5552 2075 5638 qui,

1674 394 1817 456 LIB.
1866 395 1964 457 1v.
2014 393 2615 458 SENTENTIARUM

2149 558 2434 643 moritur
2480 578 2627 623 cum
2663 561 3164 645 perseverantia
3213 562 3289 626 in
3335 559 3523 639 bona,
3562 580 3696 625 non

2149 671 2340 736 habet
2366 674 2737 757 potentiam
2761 676 3112 761 peccandi,
3146 676 3400 741 scilicet
3434 677 3508 740 in
3547 674 3705 739 ulti-

2149 809 2253 852 mo
2285 789 2594 870 instanti,
2641 811 2775 856 non
2827 802 3047 857 tamen
3096 802 3190 856 est
3248 792 3321 857 in
3360 801 3539 857 statu
3564 792 3704 877 ylo-

2149 904 2297 984 riae,
2360 904 2476 969 sed
2536 916 2629 970 est
2668 907 2743 971 in
2779 918 2956 972 statu
2992 908 3210 993 plenoe
3236 907 3499 994 qratice,
3538 907 3703 992 quia

2154 1023 2658 1103 perseverantia
2723 1033 2818 1088 est
2895 1024 3130 1106 finalis
3210 1034 3422 1088 status
3488 1024 3708 1109 plenoe

2152 1139 2396 1223 qratioe
2425 1164 2452 1219 ,·
2531 1161 2676 1206 cum
2758 1162 2914 1228 erqo
2991 1143 3200 1207 Beata
3289 1142 3485 1228 Virqo
3558 1151 3707 1227 post

2150 1255 2752 1336 sanctificationem
2798 1257 3157 1323 secundam
3219 1257 3355 1345 (id
3432 1266 3546 1336 est,
3631 1258 3704 1323 in

2158 1372 2600 1457 Conceptione
2662 1374 2831 1439 Filii
2868 1376 2893 1462 )
2951 1387 3114 1441 esset
3153 1377 3228 1441 in
3256 1386 3432 1441 statu
3487 1374 3704 1461 plenoe

2151 1489 2413 1572 qratioe,
2451 1489 2629 1554 unde
2675 1491 2857 1557 dimit
2897 1492 3190 1577 Anqelus
3217 1518 3237 1559 .·
3303 1494 3439 1557 Ave
3477 1492 3703 1578 qratia

2152 1603 2375 1687 plena,
2413 1617 2592 1689 patet
2624 1606 2798 1691 quod
2835 1627 2971 1672 non
3039 1608 3269 1674 habuit
3336 1608 3702 1694 potentiam

2155 1719 2246 1783 ad
2273 1695 2711 1805 peccandum.

2242 1836 2338 1900 Ex
2369 1835 2609 1920 quibus
2641 1847 2815 1921 patet
2857 1835 3225 1924 intelligere
3282 1849 3524 1904 statum
3571 1838 3703 1926 ple-

2154 1969 2256 2016 nae
2303 1952 2559 2051 gratim,
2609 1951 2816 2031 illum,
2855 1954 2964 2039 qui
3006 1965 3104 2019 est
3145 1953 3214 2019 in
3248 1954 3530 2020 termino
3564 1975 3704 2021 suae

2154 2056 2568 2137 intensionis,
2624 2059 2795 2146 quod
2828 2060 3103 2125 dixerim
3130 2072 3393 2148 propter
3423 2061 3700 2149 aliquos,

2154 2173 2265 2258 qui
2333 2195 2479 2240 eum
2556 2174 2744 2241 aliter
2792 2177 3326 2263 interpretantur.
3392 2179 3709 2266 Loquitur

2154 2289 2348 2355 etiam
2398 2290 2477 2356 de
2506 2292 2714 2377 gratia
2764 2293 3103 2372 habituali,
3177 2305 3247 2359 ιιι
3303 2305 3503 2380 patet,
3554 2295 3707 2381 quia

2154 2407 2308 2473 dicit
2339 2408 2672 2473 minimam
2704 2408 2979 2495 gratiam
3014 2408 3316 2476 sufficere
3364 2410 3444 2476 ad
3475 2409 3695 2477 delen·

2155 2522 2309 2588 dum
2344 2523 2610 2588 mortale
2640 2547 2654 2603 ;
2699 2523 3000 2590 videatur
3032 2528 3064 2610 ς
3094 2528 3419 2612 sequenti.
3454 2529 3533 2591 Et
3563 2504 3704 2592 baec

2155 2641 2474 2705 sententia
2542 2640 2803 2709 videtur
2872 2645 2943 2708 D.
3021 2642 3290 2710 Thomae
3366 2647 3430 2708 3.
3510 2657 3690 2731 part.

2156 2766 2381 2840 qnoest.
2417 2759 2526 2835 Ἢ,
2555 2769 2687 2822 ανι.
2720 2762 2783 2823 5.
2820 2758 3010 2844 cujus
3034 2758 3265 2824 titulus
3297 2770 3438 2824 est:
3472 2759 3706 2825 Utrum

2157 2872 2365 2937 Beata
2409 2874 2606 2959 Viryo
2636 2895 2759 2958 per
2817 2872 3209 2959 hujusmodi
3263 2877 3703 2959 sanctificati-

2151 3008 2346 3053 onem
2374 2989 2620 3076 adepta
2646 2991 2858 3074 fuerit
2885 2989 3379 3076 plenitudinem
3410 2995 3707 3059 omnium

2153 3103 2583 3189 qratiarunz?
2634 3116 2756 3171 etc.
2833 3105 2940 3172 ubi
2983 3104 3264 3172 intendit
3328 3105 3408 3173 de
3474 3107 3707 3194 gratiis

2156 3219 2393 3286 infusis
2434 3241 2548 3306 per
2582 3221 2846 3288 modum
2880 3221 3168 3302 habituS,
3237 3234 3307 3288 ιιι
3337 3235 3513 3309 patet
3573 3246 3707 3291 res·

2154 3337 2479 3423 ponsione
2515 3336 2605 3402 ad
2645 3340 2708 3401 3.
2773 3357 3023 3423 negans
3071 3358 3216 3404 eam
3256 3338 3585 3425 recepisse
3606 3361 3709 3406 sa-

2155 3452 2467 3539 pientiam
2512 3453 2726 3539 quoad
2768 3474 2959 3519 usum
3013 3453 3310 3520 docendi.
3369 3459 3442 3521 In
3504 3477 3709 3543 argu-

2158 3583 2373 3635 mento
2445 3583 2661 3636 autem
2730 3569 2810 3635 ad
2878 3570 3343 3637 affirmativam
3425 3584 3701 3658 partem,

2154 3706 2294 3750 eam
2331 3687 2555 3771 probat
2609 3707 2690 3751 ex
2732 3687 2950 3753 verbis
2990 3687 3250 3771 Angeli,
3278 3692 3467 3754 Lucae
3527 3693 3590 3759 -1,
3645 3703 3708 3754 et

2155 3801 2375 3867 verbis
2408 3801 2787 3888 Hieronymi
2819 3823 3016 3869 serm.
3071 3802 3154 3868 de
3209 3805 3699 3891 Assumptione,

2155 3918 2265 4005 qui
2325 3918 2480 3984 dicit
2544 3917 2689 3984 aliis
2750 3940 2865 4005 per
2938 3931 3156 4004 partes
3215 3918 3430 3986 datam
3504 3921 3708 3989 fuisse

2155 4036 2456 4117 gratiam,
2504 4035 2725 4100 Mariae
2766 4034 3048 4101 infusam
3094 4047 3296 4102 totam
3349 4037 3702 4122 plenitudi-

2159 4173 2329 4217 nem.
2369 4152 2605 4218 Probat
2637 4152 2704 4216 in
2743 4172 3036 4237 coi-pore,
3094 4152 3247 4239 quia
3315 4153 3424 4219 illa
3492 4155 3702 4242 magis
3755 4192 3859 4245 cu,
3887 4189 4013 4242 data

2158 4269 2519 4356 propinqua
2594 4282 2732 4335 erat
2786 4267 2968 4349 Filio,
3030 4269 3352 4358 principio
3440 4273 3694 4357 gratiae,
3728 4253 4020 4322 9¹⁰⁰³‘⁰d⁰·

2159 4387 2417 4473 quando
2457 4406 2605 4452 eum
2639 4385 2939 4470 concepit
2978 4386 3044 4451 in
3075 4396 3300 4465 utero;
3334 4398 3398 4454 et
3429 4411 3701 4475 respon-

2159 4505 2343 4568 sione
2371 4502 2461 4566 ad
2499 4506 2555 4579 1,
2591 4500 2747 4566 dicit
2789 4502 3137 4586 recepisse,
3184 4502 3249 4567 in
3303 4503 3407 4571 illa
3457 4505 3702 4572 sancti-

2164 4619 2461 4685 ficatione
2521 4618 2828 4697 secunda,
2911 4617 3382 4704 plenitudinem
3443 4623 3699 4708 gratiae,

2164 4747 2231 4801 ut
2279 4748 2452 4801 esset
2512 4733 3068 4821 propinquissima
3125 4737 3371 4802 auctori
3426 4741 3699 4824 gratian:

2163 4863 2226 4918 et
2272 4853 2704 4937 responsione
2778 4851 2867 4916 ad
2931 4854 2996 4915 3.
3059 4851 3341 4937 explicat
3406 4854 3706 4925 diversos

2163 4965 2406 5054 gradus
2438 4965 2859 5052 perfectionis
2891 4964 3119 5031 l'ormae
3175 4967 3513 5048 naturalis,
3561 4991 3705 5037 ver·
3776 5038 3786 5049 ,
3846 5038 3897 5050 ,,

2165 5085 2227 5150 bi
2261 5084 2494 5171 gratia,
2537 5083 2796 5163 caloris,
2833 5084 2941 5171 qui
2978 5094 3049 5150 ut
3081 5094 3181 5148 est
3212 5082 3557 5172 dispositio
3589 5108 3705 5154 an·
3736 5041 4037 5169 Sgaxffiitaep

2163 5201 2467 5269 tecedens
2526 5200 2798 5266 formam
2841 5201 3016 5288 ignis
3073 5214 3174 5266 est
3231 5204 3596 5285 remissior,
3638 5218 3708 5272 ut

2164 5330 2639 5407 consequenter
2669 5331 2769 5385 est
2799 5318 2865 5383 in
2914 5318 3172 5385 intenso
3221 5319 3429 5407 gradu
3497 5324 3703 5408 perfe-

2165 5436 2422 5514 ctioniS,
2461 5447 2531 5501 ut
2577 5444 2675 5500 est
2709 5433 2774 5497 in
2813 5444 3037 5501 centro
3118 5445 3182 5500 et
3219 5456 3366 5501 cum
3401 5437 3707 5523 jungitur

2167 5552 2280 5618 fini
2313 5562 2830 5619 consummatur.
2868 5550 2975 5617 Sic
3005 5554 3198 5644 Beata
3242 5552 3444 5639 Virgo
3477 5553 3544 5620 in
3574 5555 3705 5640 pri·

3734 2709 3802 2759 D.
3832 2708 4023 2759 Thom.
