4287 6313
1534 434 1738 498 DtS'r.
1789 433 1888 495 ΙΙΙ.
1924 433 2289 509 QUAES'l'lO
2340 435 2410 497 n.

119 579 436 695 {iffiffigjffi
463 591 582 652 Dei
611 592 678 654 in
718 593 923 655 tribus
964 595 1302 672 personis;
1357 611 1727 676 congruum
1774 595 1896 659 fuit
1938 605 2009 661 ut

117 707 436 819 usigffivffif·
462 705 752 773 Christus
794 711 1217 789 exprimeret,
1269 712 1438 775 sicut
1486 714 1834 790 expressit,
1884 728 2011 776 no-

115 833 436 960 ιὲιέριέἓὲἰῗξιο
466 826 643 888 mina
673 827 937 905 propria
969 831 1163 891 trium
1204 845 1630 909 personarum
1671 832 1738 894 in
1781 828 2008 893 ordine

467 942 551 1004 ad
607 944 1106 1021 protestandam
1161 944 1364 1009 fidem
1421 951 1487 1010 et
1529 948 2010 1012 invocationem

465 1055 607 1132 Dei,
638 1074 760 1120 seu
793 1059 984 1122 trium
1014 1078 1451 1141 personarum
1499 1063 1569 1126 in
1613 1079 1745 1126 una
1779 1079 2011 1126 essen-

465 1174 573 1248 tia,
628 1173 806 1255 quia,
878 1184 951 1241 ut
1003 1181 1239 1260 inqu1t,
1302 1181 1566 1260 quando
1628 1178 2013 1259 exprimitur

458 1306 743 1367 persona
775 1294 1076 1376 alicujus,
1111 1297 1298 1377 cujus
1327 1298 1566 1360 intuitu
1595 1296 2009 1375 postulamus

457 1407 760 1486 gratiam,
833 1426 953 1487 per
1020 1413 1359 1490 proprium
1422 1428 1690 1490 nomen,
1756 1412 2010 1477 facilius

457 1521 849 1602 impetratur
876 1526 1056 1606 quod
1086 1529 1354 1607 petitur,
1399 1530 1547 1608 quia
1595 1546 1838 1609 nempe
1891 1547 2003 1592 ex-

457 1641 759 1719 primitur
786 1641 1143 1722 perfectius
1182 1648 1499 1709 motivum
1543 1646 1658 1723 sic,
1711 1664 1906 1726 quam
1955 1649 2008 1709 si

460 1775 582 1837 per
639 1760 927 1840 aliquam
993 1764 1466 1841 proprietatem
1535 1769 2005 1842 exponeretur,

461 1876 644 1939 verbi
671 1879 901 1958 gratia,
935 1881 989 1942 si
1022 1878 1275 1942 dicatur
1303 1896 1423 1958 per
1451 1879 1657 1944 filium
1686 1881 2005 1956 Zebedaei,

464 1993 569 2054 vel
610 1993 1011 2075 hujusmodi,
1056 1996 1488 2078 intelligendo
1519 2000 1867 2061 Joannem.

548 2108 708 2173 Cum
751 2112 816 2173 in
865 2113 1196 2190 Baptismo
1244 2116 1468 2193 itaque
1524 2131 1647 2193 per
1691 2114 2006 2177 invocati-

464 2231 662 2289 onem
688 2229 1036 2302 TrinitatiS,
1085 2234 1150 2292 et
1194 2227 1305 2292 fiat
1341 2231 1726 2309 protestatio
1757 2227 1912 2291 fidei
1940 2228 2006 2289 in

460 2345 629 2408 facie
657 2345 980 2420 Ecclesiae,
1042 2350 1109 2408 et
1151 2351 1416 2425 petatur
1460 2349 1669 2428 gratia
1716 2362 2002 2426 regene-

457 2476 612 2523 rans
639 2465 706 2525 in
733 2462 1080 2538 Christum,
1115 2479 1483 2544 congruum
1519 2462 1658 2537 fuit,
1707 2467 1781 2527 ut
1821 2462 2008 2525 invo-

459 2577 625 2638 catio
669 2576 1123 2639 institueretur
1178 2589 1612 2655 personarum
1666 2576 1790 2639 sub
1851 2593 2002 2655 pro-

457 2692 612 2770 priis
650 2694 1044 2767 nominibus,
1105 2700 1303 2774 prout
1348 2695 1637 2759 Christus
1682 2695 2006 2773 expressit

458 2810 745 2871 Matthaei
767 2809 1018 2884 ultimo,
1053 2815 1122 2872 et
1158 2811 1446 2874 Ecclesia
1488 2828 1756 2890 semper
1798 2812 2006 2872 tenuit

457 2924 524 2983 in
549 2940 678 2986 usu
709 2929 839 2986 tam
887 2923 1315 3003 professionis
1359 2925 1538 3001 fidei,
1586 2943 1784 3006 quam
1826 2929 2002 2988 invo-

460 3039 731 3101 cationis
801 3039 1167 3104 divinarum
1238 3058 1697 3121 personarum,
1769 3040 2004 3104 edocta

462 3160 592 3217 tam
648 3174 730 3218 ex
783 3158 928 3220 loco
993 3159 1326 3238 praedictO,
1387 3177 1586 3240 quam
1652 3177 1734 3222 ex
1789 3159 1929 3223 aliis
1986 3180 2000 3223 ε

459 3274 784 3351 Quidquid
805 3275 1119 3350 petieritis
1135 3280 1400 3353 patrem
1430 3278 1497 3338 in
1536 3277 1794 3338 nomine
1837 3291 2000 3338 mee.

454 3392 650 3452 Nemo
679 3392 853 3453 novit
883 3394 1143 3453 Patrem
1179 3394 1312 3456 nisi
1346 3393 1570 3466 Filius,
1626 3397 1753 3455 etc.
1811 3396 2006 3454 Pater

452 3504 988 3582 clarifica,etc.et
1009 3507 1258 3586 ubique
1287 3508 1351 3568 in
1387 3508 1809 3571 Testamento
1828 3523 2000 3570 novo

453 3617 556 3680 hic
626 3621 864 3683 modus
936 3621 1345 3700 exprimendi
1402 3639 1725 3702 personas
1780 3627 1882 3685 est
1935 3622 2002 3684 in

453 3752 603 3811 usu,
651 3754 783 3816 quo
832 3739 1038 3801 utitur
1082 3741 1373 3802 Ecclesia
1422 3741 1489 3801 in
1540 3741 1890 3821 symbolis,
1939 3748 2005 3803 et

454 3851 880 3930 orationibuS,
943 3859 1011 3918 et
1078 3855 1694 3930 benedIctionibus;
1770 3862 2002 3934 estque

453 3971 656 4048 magis
679 3970 1220 4034 accommodatus
1253 3975 1470 4050 captui
1493 3972 1807 4046 omnium,
1852 3970 2004 4051 quia

453 4100 584 4148 non
615 4103 845 4149 omnes
888 4087 1264 4167 intelligunt
1291 4088 1599 4152 notiones
1638 4088 2004 4151 divinarum

452 4218 910 4280 personarum,
942 4208 1055 4266 aut
1083 4205 1455 4283 intelligere
1486 4210 1784 4283 possunt.

531 4319 707 4382 Sicut
738 4336 898 4401 ergo
943 4317 1149 4383 forma
1191 4320 1499 4400 Baptismi
1541 4321 1630 4383 ita
1663 4326 1766 4383 est
1796 4321 1996 4384 tradi·

454 4436 538 4508 ta,
589 4439 664 4496 ut
717 4437 890 4498 sicut
917 4435 1352 4498 ministerium
1382 4436 2005 4500 Sacramentifieret

453 4567 799 4614 commune
853 4556 1247 4633 cuicumque
1308 4558 1626 4633 quantum
1682 4554 1769 4618 ad
1826 4555 2003 4618 valo·

451 4683 611 4743 rem,
644 4671 777 4729 tam
805 4669 956 4732 viris
986 4686 1186 4749 quam
1216 4670 1615 4742 mulieribus,
1649 4675 1782 4733 tam
1830 4669 2002 4733 fide-

449 4784 616 4848 libus
648 4802 850 4865 quam
886 4783 1286 4863 infidelibus,
1331 4787 1445 4868 qui
1493 4786 1794 4850 conferre
1840 4804 2000 4866 pos-

448 4905 595 4962 sunt
630 4901 1130 4966 Sacramentum
1172 4903 1389 4966 valide
1422 4903 1489 4965 in
1519 4906 1698 4967 omni
1729 4919 1910 4977 casu,
1935 4906 2003 4965 et

447 5015 622 5079 licite
665 5017 732 5080 in
781 5035 940 5083 casu
988 5020 1443 5093 necessitatis3
1497 5022 1586 5083 ita
1620 5020 1816 5081 etiam
1849 5036 2001 5082 con-

447 5148 688 5211 gruum
715 5130 858 5209 fuit,
909 5141 984 5197 ut
1030 5134 1220 5197 fieret
1268 5151 1388 5213 per
1428 5138 1691 5215 propria
1732 5138 2002 5199 nomina

446 5266 900 5326 personarum,
957 5252 1197 5332 quibus
1243 5251 1410 5314 fides
1454 5252 1758 5331 explicita
1801 5252 2001 5314 Trini-

449 5370 618 5445 tatis,
651 5374 718 5433 et
745 5371 1102 5445 invocatio,
1150 5369 1521 5434 secundum
1572 5377 1837 5449 captum
1885 5389 2001 5435 cu-

439 5482 679 5566 jusque
711 5488 1213 5569 exprimeretur,
1249 5493 1316 5550 et
1357 5505 1491 5552 non
1527 5504 1650 5566 per
1693 5489 1817 5551 alia
1859 5503 2004 5567 quae

451 5608 712 5682 captum
742 5604 1078 5669 excedunt
1103 5606 1469 5686 vulgarem.

3594 431 3704 493 301

2213 599 2347 665 Hoc
2415 598 2632 684 ipsum
2682 597 3050 665 declaratur
3124 595 3450 683 exemplO,
3485 593 3673 661 verbi

2117 713 2354 798 gratia,
2427 714 2493 779 in
2538 713 2805 782 materia
2845 713 3281 782 Eucharistiae
3325 712 3669 778 institutus

2118 841 2218 895 est
2280 831 2467 915 panis
2519 831 2807 910 usualis;
2881 831 3036 897 hinc
3097 830 3162 895 in
3232 839 3414 915 pasta
3446 826 3675 914 nequit

2122 947 2516 1028 consecrari,
2577 946 2876 1034 quamvis
2946 945 3164 1033 specie
3204 945 3478 1033 physica
3546 963 3676 1009 non

2118 1057 2565 1146 distinguatur
2620 1080 2656 1127 a
2718 1081 2908 1147 pane,
2982 1060 3135 1148 quia
3196 1080 3434 1145 nempe
3480 1056 3668 1145 panis

2125 1195 2253 1241 non
2287 1187 2387 1242 est
2420 1176 2690 1258 usualiS,
2729 1178 2879 1244 licet
2908 1189 3225 1265 quantum
3258 1177 3337 1246 ad
3370 1175 3670 1243 effectum

2123 1294 2527 1376 nutritionis,
2602 1295 2787 1382 panis
2876 1295 3004 1362 dici
3074 1296 3304 1383 possit,
3368 1304 3671 1380 respectu

2123 1411 2294 1497 eJuS,
2372 1419 2562 1498 cujus
2628 1412 3039 1479 stomachum
3100 1433 3229 1477 non
3285 1410 3667 1479 offenderet.

2120 1527 2212 1591 Ita
2289 1524 2357 1591 in
2432 1526 2652 1592 verbis
2716 1526 3099 1612 contingere
3156 1537 3393 1612 potest,
3449 1541 3521 1592 ut
3596 1544 3672 1590 ea

2121 1660 2400 1727 quorum
2470 1660 2626 1708 usus
2693 1653 2790 1707 est
2855 1640 3225 1707 communis
3302 1652 3366 1706 et
3418 1660 3667 1707 accom-

2123 1754 2423 1822 modatus
2463 1756 2680 1843 captui
2739 1757 3033 1824 omnium
3075 1776 3442 1843 congruum
3478 1755 3672 1821 fuerit

2121 1871 2401 1953 institui,
2449 1893 2576 1939 non
2636 1873 2791 1954 alia,
2854 1873 3016 1940 licet
3065 1885 3367 1959 respectu
3419 1871 3672 1959 aliquo-

2121 2011 2268 2057 rum
2344 1991 2476 2058 sint
2560 1991 3044 2079 aequivalentia,
3099 2011 3334 2078 nempe
3392 1989 3672 2056 Theolo—

2116 2127 2518 2194 gorum‚non
2560 2118 2776 2173 namen
2810 2119 3107 2194 respectu
3148 2105 3446 2173 omnium
3521 2105 3674 2193 qui-

2119 2222 2241 2289 bus
2299 2223 2777 2291 accommodari
2844 2223 3071 2291 debuit
3114 2224 3345 2304 forma,
3398 2221 3570 2289 sicut
3608 2233 3673 2286 et

2118 2351 2404 2424 potestas
2489 2339 2905 2406 ministrandi
2993 2342 3486 2407 Sacramentum
3579 2336 3660 2403 ad

2129 2477 2242 2523 eos
2292 2457 2415 2523 fuit
2476 2457 2807 2523 translata.

2210 2573 2726 2639 Fundamentum
2768 2593 2926 2660 ergo
2996 2571 3377 2659 primarium
3439 2582 3540 2638 est
3571 2568 3663 2635 in·

2119 2689 2372 2757 stitutio
2449 2690 2691 2780 Christi
2766 2690 3111 2758 accedente
3169 2711 3291 2757 usu
3352 2701 3416 2756 et
3471 2688 3661 2756 inter·

2117 2807 2478 2892 pretatione
2508 2819 2639 2873 tam
2670 2807 2998 2888 Ecclesiae,
3039 2826 3232 2895 quam
3282 2810 3654 2873 Doctorum.

2117 2924 2421 3011 Vasquez
2492 2923 2670 3009 disp.
2723 2928 2871 2991 144.
2920 2946 3069 3011 cap.
3139 2924 3206 2992 3.
3303 2932 3486 3009 putat
3537 2925 3662 2987 Do-

2114 3048 2363 3105 ctorem
2431 3037 2711 3106 deficere
2773 3039 2840 3105 in
2909 3060 3028 3106 suo
3113 3038 3440 3120 discursu,
3515 3037 3667 3127 quia

2120 3176 2246 3222 non
2296 3154 2590 3244 assignat
2649 3155 2990 3240 rationem,
3074 3176 3275 3245 quare
3344 3155 3669 3223 invocatio

2116 3293 2544 3360 personarum
2620 3273 2743 3340 sub
2776 3272 3153 3340 nominibus
3185 3272 3468 3361 propriis
3524 3271 3667 3339 fieri

2116 3386 2369 3468 debeat,
2416 3398 2479 3453 et
2522 3407 2650 3453 non
2703 3388 2825 3454 sub
2856 3387 3425 3476 aequivalentibus,
3494 3388 3669 3475 quod

2114 3504 2367 3585 docere,
2408 3503 2643 3592 inquit,
2723 3503 2982 3570 deberet
3023 3505 3186 3590 ipse,
3222 3514 3282 3570 et
3320 3504 3451 3569 atii
3489 3525 3649 3591 quos

2114 3624 2370 3709 rejicit.
2451 3621 2575 3688 Sed
2655 3642 2782 3686 non
2816 3620 3146 3708 integrum
3209 3620 3498 3688 Doctoris
3529 3619 3671 3687 dis-

2112 3758 2381 3804 cursum
2426 3735 2787 3825 ponderat;
2852 3735 3183 3825 illa-enim
3234 3749 3335 3803 est
3400 3735 3669 3804 conclu-

2113 3851 2211 3918 sio
2269 3851 2661 3931 communiS‚
2752 3872 2948 3938 quam
3041 3850 3445 3937 probationis
3525 3850 3667 3917 loco

2117 3986 2245 4032 non
2279 3965 2621 4033 substituit
2663 3964 3037 4044 Doctor,sed
3068 3965 3473 4032 assertionis
3511 3970 3663 4032 Eam

2116 4082 2344 4168 probat
2423 4102 2504 4147 ex
2599 4080 2850 4147 ratione
2950 4081 3312 4169 praemissa.
3402 4094 3667 4169 sumpta

3746 2603 3981 2731 vgiuez

3721 2730 3949 2793 rejicitur
3960 2769 3974 2784 .

2113 4197 2542 4285 congruentia
2603 4218 2683 4264 ex
2742 4196 2933 4263 modo
3012 4196 3356 4263 invocandi
3433 4200 3662 4279 Deum,
3722 4206 3727 4209 ’

2113 4326 2178 4380 et
2241 4311 2654 4400 significandi
2689 4333 2809 4380 usu
2843 4315 3214 4401 Synagogae
3260 4334 3374 4402 per
3426 4335 3664 4382 nomen

2116 4431 2391 4509 Jelzova,
2464 4433 3070 4517 Tetragrammaton
3131 4430 3469 4516 proprium
3520 4432 3659 4499 Dei.

2114 4549 2494 4634 Congruum
2561 4560 2699 4613 erat
2748 4548 2942 4614 etiam
2982 4546 3314 4613 Christum
3349 4547 3444 4614 sic
3484 4547 3669 4614 insti-

2115 4663 2322 4731 tuisse
2388 4666 2661 4731 formam
2740 4663 3052 4749 Baptismi
3103 4663 3226 4730 sub
3258 4663 3669 4731 invocatione

2126 4800 2549 4866 personarum
2596 4780 2718 4846 sub
2757 4779 3136 4846 nominibus
3169 4779 3475 4868 propriis,
3512 4780 3666 4868 quia

2111 4895 2261 4964 talis
2297 4896 2621 4964 invocatio
2697 4896 3003 4983 proponit
3044 4896 3362 4964 motivum
3402 4916 3667 4982 expres-

2114 5013 2280 5097 sius,
2352 5035 2433 5080 ex
2498 5033 2626 5102 quo
2698 5013 3005 5080 reddatur
3054 5013 3265 5100 magis
3296 5011 3665 5080 efficaxin-

2113 5128 2394 5208 vocatio;
2451 5140 2659 5197 totum
2717 5141 2934 5197 autem
2993 5129 3273 5197 refertur
3336 5128 3415 5195 ad
3477 5128 3665 5196 insti-

2110 5247 2455 5327 tutionem,
2499 5245 2651 5335 quia
2710 5266 2840 5312 non
2916 5244 3392 5312 observabatur
3444 5243 3512 5310 in
3556 5244 3663 5312 illa

2073 5440 2076 5441 ⁷
2112 5363 2440 5452 qenitoris
2488 5373 2551 5428 et
2602 5362 2833 5450 qeniti,
2873 5375 2995 5430 etc.
3080 5361 3288 5428 forma
3367 5360 3663 5428 instituta

2114 5502 2151 5547 a
2179 5480 2460 5547 Christo.
2498 5477 3003 5567 Comprehendit
3044 5479 3238 5546 etiam
3272 5482 3504 5545 Doctor
3534 5478 3660 5547 sub

2114 5595 2531 5664 invocatione
2564 5595 2761 5662 trium
2785 5614 3238 5683 personarum,
3286 5613 3413 5661 non
3445 5593 3657 5662 solum
