4287 6313
1683 410 1881 487 DIST.
1929 424 2034 487 Vt.
2069 425 2432 500 QUAESTIO
2468 426 2544 486 ΙΙ.

538 581 1017 658 complectitur,
1102 586 1255 663 quia
1342 585 1425 647 de
1509 585 1755 649 lotione
1827 588 2085 649 interna

532 698 742 775 magis
771 703 965 778 urget
992 702 1207 777 ipsum
1238 707 1726 781 argumentum,
1773 700 1856 763 ad
1906 699 2086 781 quod

528 815 924 892 respondet3
976 816 1057 878 de
1111 824 1381 880 externa
1425 826 1648 882 autem
1699 821 2084 897 expressius

527 932 812 1010 loquitur
866 939 1235 1012 responsiO,
1292 942 1363 998 ut
1428 938 1819 999 submoveat
1894 937 2083 1016 repli-

532 1063 694 1120 cam,
757 1066 906 1128 quae
966 1068 1049 1112 ex
1093 1053 1469 1129 pluralitate
1513 1052 1844 1117 actionum
1878 1058 2077 1117 sumi-

532 1167 662 1236 tur;
698 1170 1014 1243 quantum
1046 1171 1269 1230 autem
1301 1168 1387 1230 ad
1416 1171 1744 1230 internam
1768 1169 2085 1231 lotionem

528 1289 593 1343 et
638 1280 776 1359 ejus
805 1287 1123 1346 unitatem
1153 1286 1498 1366 respondit
1530 1302 1843 1364 expresse
1887 1303 2084 1364 supra

526 1403 595 1462 in
650 1402 1081 1477 responsione
1156 1401 1239 1463 ad
1311 1407 1586 1479 primam
1641 1402 2084 1484 objectionem

532 1515 781 1590 dicem,
815 1534 962 1580 eam
1005 1535 1154 1581 esse
1203 1519 1471 1600 physice
1518 1537 1554 1582 a
1600 1537 1793 1582 causa
1841 1522 2086 1598 princi-

531 1632 683 1710 pali,
744 1650 884 1712 quae
942 1650 1073 1696 non
1135 1637 1622 1715 multiplicatur,
1685 1654 1722 1698 a
1775 1636 2084 1699 ministris

530 1753 756 1810 autem
788 1754 1036 1812 tantum
1084 1753 1616 1817 ministerialiter.

1100 2059 1499 2117 SCHOLIUM.

600 2356 730 2411 Non
788 2355 1004 2411 valere
1053 2357 1458 2427 Baptismum,
1513 2373 1632 2414 uno
1674 2362 1938 2428 ponente
1969 2359 2089 2415 sor·

535 2467 723 2518 mam,
749 2456 811 2509 et
838 2451 1035 2509 altero
1063 2455 1427 2526 materiam3
1480 2459 1539 2512 et
1586 2470 1716 2526 quae
1758 2456 1944 2526 hujus
1985 2470 2087 2511 ra-

536 2551 621 2607 tio
650 2569 666 2623 3
700 2551 786 2607 ita
816 2549 1025 2607 Alens.
1054 2552 1109 2608 4.
1143 2565 1205 2622 p.
1238 2566 1303 2622 q.
1346 2553 1432 2610 16.
1468 2567 1549 2609 m.
1581 2555 1637 2609 6.
1672 2555 1738 2610 D.
1772 2554 1986 2610 Thom.
2029 2554 2084 2609 3.

535 2665 595 2722 p.
629 2666 686 2721 q.
712 2653 800 2706 67.
835 2657 951 2708 art.
982 2653 1044 2706 6.
1086 2653 1316 2708 Bonav.
1353 2653 1411 2709 d.
1463 2655 1518 2709 5.
1560 2658 1676 2711 art.
1713 2655 1762 2711 1.
1796 2669 1853 2724 q.
1895 2657 1942 2710 1.
1976 2655 2088 2711 Ri-

533 2748 749 2805 chard.
793 2748 851 2806 d.
904 2750 954 2805 3.
993 2754 1109 2808 art.
1142 2751 1195 2806 4.
1231 2764 1290 2823 q.
1326 2753 1377 2807 1.
1415 2752 1629 2809 Palud.
1663 2754 1861 2820 Sotus‚
1894 2753 2082 2810 Gabr.

536 2846 809 2904 Durand.
840 2849 1037 2908 citati.

619 3132 734 3204 De
767 3133 863 3222 (c)
896 3131 1239 3205 secundo
1285 3130 1645 3204 membro
1691 3132 2086 3207 distincti-

535 3248 972 3344 onis-dico
1027 3249 1233 3340 quod
1295 3253 1639 3341 utroque
1709 3269 2080 3321 seorsum

531 3366 831 3460 aliquid
900 3365 1270 3449 faciente,
1335 3370 1415 3440 et
1475 3373 1767 3441 neutro
1815 3370 2083 3463 totum

534 3483 776 3555 simul
847 3482 962 3556 sic
1033 3482 1406 3555 abluente
1473 3488 1552 3557 et
1613 3485 2082 3575 proferente

530 3601 806 3683 verba,
859 3598 1062 3671 nihil
1099 3600 1212 3672 fit.
1271 3601 1434 3672 Nec
1472 3603 1595 3672 est
1631 3600 1791 3692 alia
1835 3602 2077 3684 ratio,

535 3717 693 3789 nisi
743 3716 1152 3791 institutio
1186 3716 1356 3799 Dei,
1405 3717 1539 3808 qui
1584 3717 1793 3791 sicut
1825 3717 2082 3792 voluit

537 3857 714 3909 esse
776 3856 1019 3907 unum
1091 3836 1542 3930 principale
1622 3855 1893 3928 agens,
1969 3837 2082 3910 ita

536 3953 798 4027 voluit
888 3952 1180 4025 habere
1257 3974 1504 4024 unum
1611 3952 2081 4027 ministrum

537 4071 616 4143 in
675 4070 1109 4143 collatione
1170 4069 1493 4161 integra
1544 4072 2079 4144 sacramenti.

629 4188 799 4259 Hoc
888 4187 1137 4259 etiam
1210 4189 1550 4279 apparet
1621 4186 2081 4279 accipiendo

499 4304 782 4378 vistam
841 4303 1219 4385 formam,
1299 4323 1454 4394 qua
1523 4324 1668 4375 nos
1743 4304 2077 4382 utimur,

535 4440 724 4493 nam
779 4440 925 4513 per
965 4421 1212 4492 verba
1265 4420 1429 4502 illa,
1488 4418 1909 4512 proferens
1959 4440 2079 4500 ea,

538 4537 944 4631 significat
1004 4559 1087 4610 se
1154 4535 1527 4616 abluere;
1591 4555 1748 4608 non
1809 4546 2079 4610 autem

536 4657 764 4730 debet
843 4655 1111 4728 oratio
1180 4676 1357 4727 esse
1424 4655 1656 4735 falsa,
1723 4676 1896 4747 quae
1958 4660 2082 4729 est

537 4773 806 4845 forma
876 4776 1596 4846 sacramentorum
1665 4792 2077 4844 verorum.

539 4889 1098 4965 Consimiliter
1145 4888 1391 4962 etiarn
1453 4889 1679 4963 debet
1735 4889 2082 4983 intelligi

536 5007 869 5080 verbum
924 5010 1396 5080 Graecorum
1447 5007 1911 5092 dicentium,
1967 5012 2081 5079 ba-

532 5127 850 5211 ptizetur,
913 5127 1066 5196 etc.
1135 5123 1320 5216 quia
1379 5144 1539 5195 non
1587 5116 1710 5198 est
1761 5127 2079 5199 tantum

538 5238 1026 5330 deprecatio,
1073 5238 1204 5311 sed
1246 5239 1494 5311 etiam
1532 5240 1886 5330 quaedam
1921 5240 2082 5312 effi-

536 5375 683 5428 cax
766 5356 1104 5446 optatio,
1187 5362 1274 5430 ut
1344 5356 1451 5429 sit
1540 5376 1877 5429 sensus:
1939 5377 2083 5450 per

536 5472 782 5546 istum
846 5478 1115 5547 actum
1181 5493 1448 5546 meum
1516 5474 1736 5546 circa
1805 5473 2078 5560 istum,

539 5588 996 5680 baptizetur
1047 5589 1207 5661 ille.

3609 418 3728 480 553

2655 718 3296 782 COMMENTARIUS.

2274 934 2359 1017 (c)
2391 941 2479 996 De
2515 938 2787 998 secundo
2829 935 3140 1006 membro,
3206 939 3331 995 etc.
3389 935 3529 995 Haec
3591 948 3745 994 con-

2197 1052 2398 1115 clusio
2459 1059 2559 1114 est
2614 1052 2978 1115 communis
3034 1052 3412 1123 Doctorum,
3468 1054 3534 1111 et
3583 1052 3748 1112 ratio
3808 1007 4073 1140 0033th

2196 1186 2394 1248 quam
2434 1187 2550 1248 pro
2604 1185 2682 1232 ea
2722 1166 3011 1237 adducit,
3071 1166 3280 1246 magis
3341 1164 3576 1227 efficax
3622 1170 3750 1238 est,
3789 1147 4091 1183 πωπω·

2197 1301 2394 1363 quarn
2434 1286 2543 1347 illa
2590 1300 2720 1363 qua
2767 1283 2871 1345 alii
2918 1285 3217 1353 utuntur,
3271 1283 3575 1359 putantes
3612 1294 3751 1340 ver-

2195 1403 2353 1464 hum
2387 1404 2672 1478 Raptim,
2707 1416 2822 1477 pro
2869 1399 3231 1460 ministerio
3290 1397 3486 1457 totius
3531 1395 3753 1456 Sacra-

2197 1521 2398 1580 menti
2427 1517 2616 1590 sumi,
2675 1517 2828 1594 quia
2886 1516 2995 1576 ille
3039 1514 3223 1576 verbi
3285 1527 3442 1573 usus
3488 1517 3595 1572 est
3635 1511 3750 1571 im·

2194 1634 2542 1712 proprius;
2579 1631 2784 1696 forma
2810 1632 2984 1692 enim
3006 1645 3139 1691 non
3170 1628 3438 1689 denotat
3472 1630 3757 1704 seipsam

2193 1765 2317 1826 per
2405 1747 2674 1810 modum
2758 1744 3127 1825 significati,
3208 1745 3396 1823 cujus
3479 1744 3754 1823 prolatio

2196 1866 2482 1944 integrat
2575 1863 3010 1924 ministerium
3104 1860 3544 1932 Sacramenti,
3629 1861 3750 1922 sed

2201 1983 2409 2060 ipsam
2442 1979 2874 2052 ablutionem,
2920 1983 2994 2040 ut
3044 1977 3116 2039 fit
3145 1995 3180 2039 a
3213 1976 3529 2039 ministro.
3578 1980 3757 2039 Hanc

2200 2102 2522 2161 rationem
2608 2097 2906 2158 Doctoris
2976 2102 3348 2173 sequuntur
3426 2093 3753 2172 moderni,

2197 2219 2438 2279 Suarez
2473 2214 2616 2278 loco
2652 2217 2865 2287 citam,
2902 2217 2969 2274 et
3010 2215 3306 2290 vasquez
3336 2230 3480 2289 cap.
3529 2215 3585 2273 4.
3623 2218 3755 2275 tan·
3827 2261 4041 2316 Sum-ez.

2201 2351 2398 2413 quam
2431 2334 2643 2412 magis
2675 2330 3033 2393 efficacem.
3082 2330 3265 2392 Ratio
3300 2344 3459 2408 ergo
3494 2344 3531 2390 a
3562 2330 3757 2406 priori
3811 2325 4066 2388 Vosquez.

2201 2457 2303 2513 est
2345 2449 2656 2511 institutio
2700 2447 2953 2535 Christi,
3001 2461 3144 2523 quae
3186 2442 3590 2506 sufficienter
3619 2446 3750 2507 col-

2197 2567 2422 2647 ligitur
2493 2582 2572 2626 ex
2644 2563 2918 2625 Matthaei
2989 2563 3242 2635 ultimo,
3298 2561 3410 2621 ubi
3483 2561 3758 2622 traditur

2199 2688 2595 2762 praeceptum
2661 2686 2727 2741 et
2803 2677 3013 2740 forma
3052 2677 3366 2754 Baptismi
3424 2696 3439 2710 ·
3504 2679 3756 2747 Eunias,

2206 2803 2424 2863 docete
2498 2813 2718 2860 omnes
2775 2799 3017 2868 GenteS,
3088 2795 3482 2871 baplv‘zanles
3537 2810 3642 2854 eos
3697 2795 3762 2853 in

2200 2918 2458 2977 nomine
2514 2916 2732 2975 Patris
2775 2917 2829 2972 et
2874 2912 3029 2972 Filii
3082 2916 3139 2972 et
3193 2911 3478 2985 Spiritus
3535 2912 3759 2981 sancti,

2203 3032 2318 3093 ubi
2353 3030 2704 3092 denotatur
2733 3028 3139 3091 ablutionem
3189 3025 3438 3087 debere
3487 3022 3627 3086 fieri
3677 3026 3759 3087 ab

2202 3164 2280 3209 eo
2356 3148 2468 3226 qui
2516 3145 2802 3224 baptizat
2853 3160 3000 3204 cum
3030 3143 3447 3203 invocatione
3477 3140 3758 3202 Trinita-

2200 3265 2309 3336 tis;
2373 3261 2552 3341 quod
2593 3270 2977 3340 supponunt
3017 3263 3211 3322 etiam
3246 3274 3475 3320 omnes
3505 3258 3751 3320 Patres,

2196 3380 2410 3444 Voluit
2461 3395 2622 3458 ergo
2671 3378 2957 3440 Christus
3005 3376 3251 3437 habere
3303 3390 3508 3436 unum
3570 3375 3754 3437 mini-

2194 3503 2397 3560 strum
2453 3500 2520 3559 in
2565 3497 2919 3559 ministerio
2984 3497 3245 3574 integro
3321 3494 3752 3568 Sacramenti,

2195 3617 2361 3676 sicut
2405 3629 2599 3674 causa
2640 3609 3011 3690 principalis
3055 3616 3155 3671 est
3198 3623 3373 3679 una;
3424 3613 3491 3670 et
3545 3613 3752 3686 patet,

2194 3731 2406 3808 inquit
2460 3729 2722 3802 Doctor,
2771 3728 2838 3789 in
2885 3728 3089 3790 forma
3136 3728 3514 3788 Latinorum
3568 3730 3750 3801 :qu

2196 3856 2451 3932 baptizo
2490 3862 2568 3927 te,
2618 3858 2739 3916 etc.
2788 3868 2925 3930 quae
2968 3849 3179 3913 forma
3224 3868 3357 3915 non
3406 3854 3508 3912 est
3566 3849 3755 3921 falsa,

2197 3976 2263 4033 et
2304 3969 2628 4051 significat
2674 3969 3071 4031 ablutionem
3123 3967 3423 4046 praecise,
3469 3974 3541 4030 ut
3567 3965 3639 4028 fit
3673 3966 3754 4028 ah

2198 4105 2299 4160 eo,
2332 4089 2444 4166 qui
2478 4083 2725 4165 profert
2754 4086 2929 4147 illam
2977 4084 3294 4156 sormam;
3331 4084 3513 4163 quod
3553 4082 3757 4149 debet

2196 4209 2393 4269 etiam
2436 4206 2528 4266 sic
2591 4203 2868 4281 intelligi
2938 4202 3002 4263 in
3065 4199 3276 4262 forma
3349 4202 3752 4277 Graecorum,

2196 4340 2339 4403 quae
2395 4323 2459 4383 in
2517 4320 2695 4381 nullo
2748 4336 2927 4393 casu,
2992 4323 3092 4380 est
3153 4318 3395 4391 valida,
3458 4320 3615 4396 quin
3687 4319 3750 4380 in

2195 4440 2434 4501 eodem
2467 4443 2645 4499 esset
2673 4436 2884 4498 valida
2916 4434 3123 4498 forma
3157 4437 3551 4508 Latinorum,
3600 4451 3742 4512 quae

2199 4562 2418 4619 tamen
2448 4571 2581 4617 non
2612 4558 2788 4616 esset
2831 4552 3045 4616 valida
3078 4555 3143 4614 in
3189 4568 3369 4624 casu,
3403 4569 3532 4630 quo
3567 4554 3745 4615 ablu-

2197 4674 2279 4735 tio
2328 4672 2517 4734 fieret
2559 4672 2640 4732 ah
2687 4671 2892 4733 altero
2944 4668 3202 4731 diverso
3255 4685 3291 4729 a
3338 4667 3741 4747 proferente,

2197 4792 2346 4870 quia
2394 4795 2569 4852 esset
2598 4787 2786 4852 falsa.
3855 4808 3859 4812 ·
3894 4823 3974 4875 21.

2275 4909 2592 4970 Marsilius
2619 4909 2686 4967 in
2713 4907 2774 4968 4.
2810 4911 3026 4982 quoest.
3060 4906 3118 4968 4.
3154 4913 3280 4966 art.
3306 4904 3365 4967 4.
3402 4905 3597 5001 dubio
3645 4908 3741 4967 li.
3786 4887 4061 5015 Maffiltssus.

2196 5023 2391 5086 docet.
2430 5027 2495 5085 in
2542 5041 2698 5085 casu
2728 5023 3166 5094 necessitatiS,
3212 5021 3324 5084 ubi
3359 5021 3487 5084 duo
3521 5027 3747 5085 essent
3783 5014 4040 5065 sententia

2195 5146 2584 5219 praesentes,
2642 5155 2922 5217 quorum
2991 5155 3163 5200 unus
3221 5143 3398 5201 esset
3447 5154 3742 5211 mancuS,

2196 5256 2360 5319 alius
2408 5274 2562 5320 vero
2611 5261 2856 5331 mutuS‚
2909 5272 3107 5335 posse
3151 5257 3497 5319 ministrari
3527 5255 3743 5319 valide

2194 5373 2619 5450 baptismum.
2654 5377 2828 5435 muto
2860 5372 3146 5447 lavante,
3194 5377 3260 5434 et
3309 5388 3543 5435 manco
3589 5389 3740 5451 pro-

2194 5487 2452 5551 ferente
2483 5488 2782 5564 formam,
2817 5490 2941 5550 hoc
2981 5488 3177 5551 modo
3214 5509 3228 5551 ε
3263 5492 3388 5553 Nos
3434 5495 3495 5550 te
3541 5490 3741 5565 bapti-

2194 5623 2447 5680 zamus,
2477 5610 2603 5668 etc·
2639 5622 2832 5684 quem
2864 5608 3053 5684 sequi
3083 5605 3343 5667 videtur
3389 5603 3737 5684 Cajetanus
3829 5588 4059 5654 &jemn-
