4287 6313
1573 564 1581 572 .
1651 469 1828 533 Dls'r
1870 472 1915 534 1.
1966 469 2326 547 QUAESTIO
2361 473 2434 536 V.

187 628 414 745 Pffipnofi·
495 630 721 699 entis‘?
774 630 966 712 Quid,
1030 630 1322 718 inquam,
1393 630 1659 698 absurdi
1737 632 2034 719 sequitur

490 749 820 837 appellare
858 750 1378 828 Sacramentum,
1435 749 1715 836 ejusque
1760 748 2030 835 recepti-

487 885 678 930 onem
713 865 1217 951 dispositionem
1248 866 1741 930 necessitantem
1775 864 1853 929 ad
1885 883 2032 950 gra-

486 981 757 1061 tiam,ex
798 980 1022 1046 divina
1054 981 1459 1070 ordinatione
1498 993 1562 1046 et
1593 980 2027 1057 institutione,

485 1116 633 1182 quae
680 1095 1006 1161 ordinatio
1049 1107 1112 1160 et
1151 1094 1475 1165 institutio
1507 1105 1605 1160 est
1642 1093 1864 1160 divina
1915 1114 2032 1158 vo-

485 1207 700 1273 luntas
776 1206 1173 1274 antecedens
1233 1206 1497 1294 alligata
1582 1209 2024 1286 sacramente,

486 1325 832 1391 continens
872 1324 1117 1391 virtute
1177 1323 1629 1412 posteriorem,
1683 1343 1810 1410 qua
1849 1323 2030 1408 poni-

486 1456 598 1511 tur
643 1443 863 1531 gratia
903 1441 969 1507 in
1011 1442 1267 1510 effecm.

225 1587 391 1637 Causa
576 1564 654 1626 Et
714 1560 774 1625 id
821 1558 1059 1625 mirum
1101 1571 1225 1636 est,
1278 1558 1332 1625 si
1366 1557 1429 1623 id
1475 1558 1541 1623 in
1582 1558 1838 1645 propria
1882 1580 2029 1625 sen-

194 1651 433 1776 ffe‘jssj'ffi„
488 1676 688 1744 tentia
744 1676 1009 1755 abnuat,
1048 1696 1196 1742 cum
1240 1675 1463 1741 doceat
1526 1674 1865 1741 nobiscum
1916 1678 2029 1741 Sa-

260 1777 328 1824 ‘d
485 1805 889 1862 eramentum
942 1813 1088 1859 esse
1123 1804 1373 1860 tantum
1407 1812 1669 1858 causam
1714 1792 2023 1859 moralem

196 1841 397 1887 modum

189 1900 422 1992 0³¹JS⁸¹¹<¹³
484 1912 742 2000 gratiae,
797 1932 943 1977 nam
985 1910 1159 1976 illam
1228 1910 1440 1977 virtus
1474 1909 1736 1975 moralis
1798 1930 2024 1997 super-

182 1978 411 2095 Ρδῒδῗὲθ-
480 2029 696 2095 addita
728 2031 1168 2105 SacramentO,
1205 2026 1358 2113 quid
1384 2024 1760 2111 superaddit
1793 2035 2028 2111 praeter

477 2145 541 2211 id
582 2144 755 2233 quod
789 2147 1022 2210 Doctor
1053 2141 1339 2209 asserit?
1382 2141 1771 2208 Reducendo
1803 2153 2023 2208 autem

474 2272 732 2329 servata
793 2260 1217 2347 proportione
1254 2280 1516 2326 causam
1586 2257 1898 2324 moralem
1945 2257 2024 2323 ad

474 2376 738 2444 modum
790 2375 1098 2442 causandi
1140 2396 1354 2442 causae
1389 2374 1706 2462 physicae,
1748 2385 1812 2440 ut
1851 2394 2022 2439 com-

473 2494 762 2559 muniter
793 2513 1024 2559 omnes
1092 2490 1435 2571 reducunt,
1502 2491 1671 2557 sicut
1733 2489 2020 2576 speciem

477 2611 854 2678 inferiorem
913 2609 991 2676 ad
1062 2609 1493 2695 superiorem,
1555 2620 1619 2675 et
1659 2607 2020 2675 secundum

476 2727 664 2815 quid,
700 2726 775 2792 ad
809 2725 1193 2812 simpliciter
1223 2724 1342 2813 (eo
1386 2724 1576 2791 modo
1619 2744 1747 2811 quo
1808 2724 2022 2810 ipsum

477 2865 598 2910 ens
668 2841 913 2909 morale
951 2841 1317 2928 concipitur
1373 2854 1436 2907 et
1467 2838 1857 2927 intelligitur
1905 2862 2024 2907 sno

481 2961 675 3028 modo
705 2961 783 3028 ad
841 2961 1046 3028 instar
1110 2960 1281 3027 entis
1338 2958 1619 3047 physici,
1658 2958 1758 3027 vel
1793 2957 2022 3026 saltem

480 3079 847 3167 respective
874 3078 954 3145 ad
985 3075 1200 3166 ipsum
1227 3077 1250 3165 (
1273 3089 1581 3166 tanquam
1614 3075 2023 3164 perfectiuS,)

474 3209 652 3264 certe
707 3197 784 3263 ad
855 3194 1106 3263 nullum
1165 3216 1374 3282 genus
1442 3216 1660 3262 causae
1731 3195 2026 3282 physicae

472 3313 840 3381 secundum
924 3310 1413 3399 proportionem
1501 3309 1890 3377 imitationis
1958 3313 2023 3378 in

470 3430 829 3508 causand0‚
912 3427 1125 3514 magis
1192 3424 1455 3512 proprie
1513 3425 1851 3492 reducitur
1917 3427 2024 3494 hic

474 3546 735 3627 moduS,
772 3567 901 3633 quo
940 3546 1433 3611 Sacramentum
1456 3554 1681 3609 causat
1711 3542 2018 3628 gratiam,

472 3684 669 3753 quam
701 3662 778 3728 ad
816 3661 967 3727 illud
1006 3660 1178 3747 quod
1227 3671 1499 3725 vocatur
1538 3658 1879 3745 dispositio
1910 3680 2022 3725 ne-

472 3781 792 3848 cessitans
833 3778 911 3844 ad
945 3777 1272 3844 effectum.

566 3894 730 3960 Hinc
775 3891 1058 3978 insurgit
1106 3892 1343 3957 Suarez
1390 3894 1453 3957 3.
1498 3900 1677 3976 part.
1734 3900 1885 3955 com.
1950 3895 2015 3956 3.

150 3997 452 4120 inggffm,
476 4011 728 4097 disput.
793 4012 856 4075 9.
908 4019 1061 4074 secl.
1126 4012 1189 4073 Ξ.
1246 4008 1693 4094 impugnando
1751 4008 2017 4075 tertium

243 4126 327 4168 ²¹³¹·
479 4126 745 4193 modum
821 4124 1186 4213 explicandi
1268 4123 1711 4190 causalitatem
1789 4128 2019 4193 Sacra·

142 4182 445 4233 Doctorem.
478 4253 872 4321 mentorum,
908 4239 1314 4307 consundens
1349 4242 1683 4304 Doctorem
1721 4251 2016 4308 nostrum

470 4370 618 4416 cum
672 4348 975 4415 Durando
1027 4348 1090 4413 in
1150 4346 1385 4432 reipsa.
1431 4347 1742 4422 Quamvis
1787 4350 2017 4416 Scotus

464 4466 705 4552 inquit,
753 4463 1014 4530 modum
1046 4460 1352 4549 loquendi
1402 4461 1793 4537 dissimulet,
1830 4485 2018 4549 quem

471 4584 709 4660 variis,
749 4580 983 4667 inquit,
1029 4579 1427 4664 conjecturis
1453 4579 1934 4666 philosophicis
1956 4592 2017 4646 el

464 4697 792 4783 exemplis
866 4695 1180 4780 explicat,
1253 4714 1396 4779 quse
1450 4714 1583 4759 non
1623 4706 1878 4780 oportet
1918 4718 2018 4761 re-

465 4819 677 4900 ferre.
723 4816 861 4877 Duo
918 4820 1174 4876 tantum
1234 4809 1531 4895 exempla
1591 4808 1850 4877 adducit
1896 4833 2014 4877 no-

467 4944 603 4998 ster
625 4935 882 5007 Doctor,
910 4927 1182 4992 alterum
1213 4925 1739 5011 Philosophicum
1771 4927 1851 4994 de
1882 4949 2017 4994 mo-

464 5063 568 5131 tu,
598 5047 878 5114 alterum
939 5041 1414 5130 Theologicum
1486 5054 1548 5108 et
1620 5043 1865 5110 morale
1940 5045 2018 5112 de

470 5165 755 5240 merito;
821 5160 1125 5247 adjungit
1154 5170 1369 5226 autem
1421 5160 1761 5243 rationem,
1825 5182 2015 5249 quam

461 5278 844 5348 dissimulat
874 5280 1135 5356 Suarez,
1173 5287 1237 5342 et
1276 5287 1471 5354 recte,
1508 5277 1660 5363 quia
1708 5298 1786 5343 ex
1819 5298 2016 5345 sensu

147 2947 427 2997 Sacramen-

237 3016 345 3059 tum

183 3076 409 3126 imitatur

182 3137 429 3202 dispositi-

219 3219 366 3254 ouem

143 3270 447 3316 necessitan-

232 3337 355 3381 tem.

189 3931 286 3980 Sua
293 3946 379 3980 rez

465 5408 814 5494 utriusque
844 5416 943 5470 est
984 5401 1288 5489 probans

211 5532 299 5618 ⁷2³5
327 5608 341 5619 ‚
563 5530 800 5619 Objicit
834 5528 1070 5617 primo,
1105 5524 1277 5616 quod
1310 5527 1539 5615 nequit
1570 5528 1697 5594 dici
1729 5528 2017 5614 disposi-

174 5606 368 5729 ggii-2¹²
467 5660 590 5739 tiu,
615 5656 789 5748 quod
819 5678 899 5723 ex
926 5678 995 5724 se
1017 5654 1258 5722 nullam
1306 5652 1500 5720 habet
1545 5655 2016 5722 connexionem

3571 480 3683 543 183

2150 653 2299 700 curn
2359 636 2592 722 gratia,
2663 638 2894 725 supple
2952 640 3316 728 physicam.
3397 646 3687 729 Respon·
3735 673 4028 725 Doctorem.

2148 749 2335 816 detur
2367 763 2539 818 recte
2569 752 2695 820 dici
2729 754 3248 843 dispositionem,
3278 757 3429 845 qnia
3461 779 3690 825 neces·
3721 737 4026 804 R⁰⁸P⁰¹¹⁸⁵⁰·

2148 865 2299 933 sitat
2365 867 2442 933 ad
2507 872 2785 955 gratiam
2855 893 2933 938 ex
3002 873 3411 940 ordinatione
3477 896 3694 945 causae

2148 985 2562 1071 producentis
2627 987 2905 1072 gratiam
2987 988 3179 1054 modo
3256 989 3448 1069 dicto,
3526 992 3695 1060 sicut

2147 1099 2449 1166 meritum
2492 1113 2716 1167 causat
2755 1102 2878 1169 hoc
2923 1104 3138 1183 modo,
3184 1119 3247 1172 et
3277 1106 3565 1194 disponit
3612 1110 3690 1175 ad

2147 1218 2491 1302 proemium
2531 1242 2545 1297 ;
2583 1219 2753 1285 sicut
2791 1233 2975 1287 actus
3006 1221 3230 1303 adulti,
3270 1224 3380 1312 qui
3427 1236 3686 1292 antece-

2143 1332 2307 1401 dunt
2339 1335 2898 1423 justificationem,
2972 1351 3159 1405 vocat
3228 1341 3679 1410 Tridentinum
3740 1351 3980 1427 uiderit,

2142 1450 2639 1536 dispositionem
2683 1452 2759 1518 ad
2806 1453 3038 1540 ipsam,
3077 1456 3378 1543 quamvis
3420 1476 3545 1523 non
3601 1478 3681 1524 ex
3739 1416 4010 1549 Dnsgqsnm

2145 1581 2371 1634 natura
2413 1568 2506 1635 rei
2558 1569 2949 1636 necessitent
2998 1572 3074 1636 ad
3121 1571 3675 1657 justificationem,
3728 1541 4008 1654 ορξιιῖζζῖῗο-

2141 1684 2255 1751 sed
2288 1707 2368 1751 ex
2400 1685 2807 1752 ordinatione
2846 1686 3067 1753 divina
3110 1691 3523 1776 praesupponi
3566 1690 3680 1757 de·
3837 1679 3914 1715 ¹¹⁸·

2140 1801 2296 1867 bent
2325 1802 2391 1867 in
2431 1801 2676 1869 adulto,
2709 1802 2960 1868 Viderit
2993 1806 3228 1871 Suarez
3275 1826 3355 1871 an
3410 1818 3583 1872 recte
3622 1818 3686 1872 et

2141 1917 2403 2005 proprie
2458 1920 2761 2007 loquatur
2807 1920 3166 1987 Concilium
3244 1935 3307 1988 et
3365 1927 3674 1990 Doctores

2141 2034 2457 2121 Theologi
2500 2034 2886 2117 universim,
2924 2036 3035 2124 qui
3069 2037 3238 2103 idem
3278 2038 3525 2106 dicunt.

2227 2149 2462 2237 Oincit
2505 2151 2790 2217 secundo
2830 2152 3328 2238 dispositionem
3372 2155 3572 2243 recipi
3615 2157 3680 2223 in
3757 2174 3989 2246 Secunda

2138 2267 2365 2333 eodem
2426 2268 2743 2355 subjecto,
2808 2281 2917 2335 aut
2981 2271 3342 2357 supposito,
3416 2272 3482 2338 in
3552 2296 3681 2362 quo
3747 2237 3980 2301 ὤμω·

2139 2394 2238 2448 est
2271 2382 2515 2461 forma;
2560 2384 2671 2449 sed
2734 2383 2984 2465 formae,
3032 2386 3261 2452 saltem
3303 2390 3681 2455 Sacramen-

2139 2510 2378 2578 torum,
2435 2521 2563 2565 non
2593 2501 3001 2588 recipiuntur
3051 2502 3116 2569 in
3170 2525 3272 2585 e0,
3313 2504 3419 2571 cui
3471 2504 3685 2593 appli-

2139 2628 2369 2684 cantur
2399 2620 2837 2699 Sacramenta,
2892 2641 3105 2709 neque
3133 2642 3280 2688 curn
3314 2623 3400 2689 sit
3431 2624 3686 2691 Eucha-

2141 2732 2344 2813 ristia,
2393 2735 2597 2802 forma
2640 2737 2948 2823 recipitur
2971 2737 3038 2802 in
3070 2759 3258 2826 pane,
3295 2751 3407 2806 aut
3441 2740 3505 2805 in
3538 2762 3686 2808 cor·

2136 2873 2294 2939 pore
2340 2852 2601 2919 Christi.
2662 2856 2848 2932 Item,
2914 2853 3052 2940 ipsa
3094 2855 3500 2923 Eucharistia
3552 2878 3680 2923 non

2139 2968 2451 3055 recipitur
2481 2969 2545 3034 in
2579 2968 2868 3049 homine,
2925 2970 3183 3057 quando
3225 2973 3678 3057 manducatur,

2140 3097 2209 3153 ut
2270 3086 2335 3151 in
2402 3087 2721 3175 subject0,
2767 3085 2881 3153 sed
2941 3088 3303 3175 applicatur
3362 3088 3477 3156 illi.
3534 3095 3685 3159 Haec

2140 3225 2267 3270 non
2319 3204 2658 3272 sufficiunt
2718 3205 2792 3272 ad
2862 3206 3362 3293 appellationem
3411 3209 3682 3297 disposi-

2137 3321 2359 3400 tionis,
2417 3321 2577 3388 alias
2623 3322 2974 3409 applicatio
3038 3343 3256 3390 causae
3300 3326 3376 3391 ad
3412 3346 3678 3413 passum

2136 3438 2354 3504 vocari
2408 3449 2625 3525 posset
2672 3439 3016 3526 dispositio
3055 3452 3120 3506 et
3173 3462 3367 3508 causa
3415 3463 3528 3529 per
3567 3464 3667 3510 se.

2136 3557 2323 3633 Item,
2368 3554 2528 3620 alias
2558 3568 2967 3642 sequeretur,
3021 3557 3192 3644 quod
3226 3558 3543 3646 quidquid
3602 3582 3683 3628 ex

2135 3670 2358 3737 divina
2435 3671 2846 3738 ordinatione
2913 3675 3356 3741 necessarium
3397 3688 3570 3745 esset
3603 3678 3682 3745 ad

2136 3789 2416 3875 aliquem
2451 3787 2777 3863 effectum,
2816 3788 2901 3854 ita
2943 3800 3013 3854 ut
3055 3789 3165 3855 illo
3215 3790 3426 3878 posito
3456 3794 3678 3861 statim

2138 3917 2487 3994 poneretur
2517 3904 2811 3984 effectus,
2851 3916 2915 3971 et
2947 3925 3075 3971 non
3105 3905 3264 3972 alias
3298 3920 3517 3994 posset
3548 3911 3679 3977 dici

2133 4021 2475 4109 dispositio
2509 4020 2735 4088 ultima
2783 4022 2859 4087 ad
2905 4022 3094 4089 talem
3138 4024 3465 4104 effectum,
3505 4038 3575 4091 ut
3623 4027 3678 4093 si

2132 4142 2303 4205 Deus
2335 4149 2647 4205 statueret
2686 4159 2792 4206 me
2829 4139 3160 4227 loquente,
3204 4162 3426 4208 creare
3457 4147 3676 4230 Ange-

2131 4255 2304 4334 lum;
2340 4257 2464 4323 hoc
2493 4268 2705 4323 autem
2746 4257 3290 4343 impropriissime
3321 4259 3668 4341 diceretur,

2223 4374 2566 4450 Praeterea,
2618 4392 2745 4436 non
2798 4371 3015 4438 minus
3057 4373 3411 4460 improprie
3441 4377 3672 4441 Scotus

2131 4500 2318 4554 vocat
2358 4491 2845 4554 Sacramentum
2890 4488 3392 4556 instrumentum
3429 4512 3543 4577 per
3572 4511 3666 4571 se,

2128 4625 2276 4671 cum
2319 4603 2482 4669 nihil
2517 4601 2772 4684 influat,
2827 4624 2945 4669 nec
2973 4603 3055 4669 sit
3084 4604 3255 4670 aliud
3298 4626 3491 4693 quam
3524 4627 3675 4672 con-

2129 4720 2288 4786 ditio
2329 4718 2639 4807 requisita
2679 4740 2760 4785 ex
2825 4719 3231 4786 ordinatione
3262 4722 3398 4801 Dei,
3450 4721 3529 4788 ad
3568 4743 3675 4788 cu·

2122 4838 2234 4924 jus
2284 4835 2696 4921 praesentiam
2734 4840 2901 4902 Deus
2983 4837 3294 4923 producat
3366 4839 3669 4925 gratiam.

2130 4955 2314 5031 Item,
2352 4950 2431 5016 ad
2481 4951 2810 5017 hominem
2864 4951 3113 5018 reducit
3181 4969 3667 5040 argumentum,

2130 5067 2280 5155 quia
2330 5067 2488 5133 alias
2550 5067 2714 5134 male
2764 5081 2958 5155 negat
3007 5070 3238 5135 Scotus
3285 5070 3421 5137 dari
3485 5096 3676 5159 posse

2131 5185 2636 5250 instrumentum
2667 5184 3039 5252 creationis
3082 5188 3262 5272 item,
3303 5209 3430 5254 non
3462 5193 3671 5258 cohae-

2132 5313 2276 5367 rent
2306 5300 2474 5367 inter
2495 5322 2566 5367 se
2597 5303 3010 5368 Sacramenta
3041 5324 3182 5370 esse
3212 5303 3676 5392 dispositiones

2132 5417 2393 5485 ultimas
2425 5418 2502 5484 ad
2535 5418 2836 5505 gratiam,
2882 5432 2947 5486 et
3004 5441 3150 5486 esse
3216 5422 3670 5505 instrumenta,

2130 5535 2281 5622 quia
2331 5533 2671 5620 dispositio
2704 5555 2832 5600 non
2865 5538 3062 5603 habet
3091 5538 3410 5607 actionem
3453 5563 3668 5629 respe-

2129 5662 2236 5718 ctu
2298 5651 2550 5731 formae,
2622 5651 3057 5722 instrumenta
3107 5675 3265 5721 vero
3314 5657 3432 5724 sic.
3508 5662 3671 5728 Con·

3814 4438 3900 4492 77.
