4287 6313
1592 423 1786 483 Dls'r.
1822 422 1893 481 V.
1945 419 2306 495 QUAEsTlo
2354 420 2427 481 ll.

465 582 619 662 dia,
704 584 1094 673 quantum
1170 582 1264 654 ad
1336 581 1723 664 adultum,
1807 578 2015 672 quod

467 698 742 772 adulto
795 698 990 772 licet
1068 699 1422 788 recipere
1499 698 2010 791 Baptismum

469 839 515 890 a
547 817 915 909 praeciso,
947 818 1015 890 si
1055 818 1268 891 alius
1313 817 1688 891 minister
1727 814 2011 889 haberi

458 952 620 1004 non
673 936 967 1025 potest.
1003 937 1105 1008 Et
1145 933 1297 1007 hoc
1325 935 1647 1007 videtur
1727 930 2012 1004 haberi

474 1049 573 1121 ab
603 1051 1062 1142 Augustino
1115 1055 1223 1125 10.
1278 1054 1359 1119 de
1409 1054 1758 1139 Baptismo
1835 1070 2013 1123 con-

466 1169 599 1238 tra
638 1166 1115 1241 Donatistas
1161 1165 1291 1239 lib.
1328 1167 1397 1237 6.
1436 1184 1612 1258 cap.
1673 1170 1734 1241 5.
1770 1166 2005 1234 ‘Potest

468 1287 733 1353 tradere
784 1300 1153 1375 separat-ua,
1236 1289 1407 1355 sicut
1485 1299 1696 1375 potest
1774 1287 2015 1353 habere

466 1416 834 1490 separatuS,
908 1406 1023 1472 sed
1091 1408 1469 1492 perniciose
1535 1408 1823 1474 tradere.
1891 1409 2012 1475 Ille

456 1529 686 1587 ‚aute-m
718 1522 826 1585 cui
860 1522 1092 1603 tradit,
1126 1532 1336 1608 potest
1373 1523 1734 1589 salubriter
1762 1523 2011 1609 accipe-

464 1656 557 1715 re,
592 1637 655 1701 si
692 1637 833 1722 ipse
874 1657 1008 1702 non
1062 1649 1412 1726 separatus
1460 1639 1768 1724 accipiat,
1841 1641 2012 1705 sicut

459 1751 797 1838 plerisque
834 1753 1100 1833 accidit,
1149 1764 1217 1819 ut
1271 1754 1612 1820 Catholico
1652 1756 1901 1836 animO,
1948 1766 2011 1821 et

463 1869 660 1935 corde
695 1871 777 1935 ab
807 1873 1063 1938 unitate
1099 1873 1308 1958 paciS,
1346 1893 1484 1939 non
1520 1874 1817 1940 alienato
1884 1876 2015 1941 ali-

464 2006 594 2071 qua
630 1989 1014 2061 necessitate
1061 1990 1294 2054 mortis
1346 1991 1668 2075 arpentis,
1747 1991 1819 2056 in
1883 1992 2013 2057 ali-

481 2123 666 2189 quem
732 2105 1113 2174 hoeretz'cum
1190 2110 1551 2184 irruerent,
1624 2120 1684 2175 et
1766 2107 1849 2174 ab
1940 2130 2012 2173 eo

475 2220 738 2287 Christi
765 2224 1179 2310 Baptismum
1210 2227 1355 2292 sine
1393 2227 1583 2292 illius
1615 2227 2012 2313 perversita-

474 2347 535 2402 te
594 2343 1037 2428 perciperent,
1109 2354 1170 2409 et
1261 2345 1399 2410 sive
1463 2345 1784 2429 defuncti,
1874 2346 2014 2410 sive

473 2452 762 2534 liberati,
846 2478 1259 2544 nequaquam
1323 2458 1507 2546 apud
1546 2480 1654 2526 eos
1712 2480 2009 2526 remane-

468 2582 642 2650 rent,
715 2572 806 2638 ad
866 2594 1028 2661 quos
1083 2596 1429 2663 nunqnam
1496 2577 1695 2643 corde
1750 2579 2007 2644 transi-

475 2701 691 2757 erant.

554 2805 831 2879 Potest
863 2807 962 2895 (d)
1011 2807 1262 2881 etiam
1307 2807 1523 2882 forte
1581 2828 1743 2880 non
1816 2809 2013 2884 reci-

456 2940 668 3012 pere,
726 2921 912 3014 quia
945 2924 1415 3017 Baptismus
1471 2924 1826 2998 flaminis
1860 2926 2013 3000 sibi

470 3035 908 3124 sufficeret,
947 3041 1013 3113 si
1080 3047 1419 3135 propter
1463 3045 2007 3121 reverentiam

461 3155 843 3229 Ecclesiae
932 3159 1179 3232 talem
1284 3159 1530 3243 vitet;
1645 3161 2008 3254 pensatis

465 3274 728 3345 tamen
806 3276 1200 3361 omnibUS‚
1272 3276 1556 3350 melius
1658 3279 2008 3363 videtur,

458 3393 663 3482 quod
733 3412 779 3464 a
857 3393 1002 3467 tali
1058 3394 1430 3487 recipiat,
1496 3415 1735 3488 quam
1810 3397 2007 3488 quod

475 3509 566 3582 de
592 3509 762 3584 vita
793 3509 941 3583 hac
986 3511 1158 3584 sine
1199 3512 1622 3605 Baptismo
1655 3513 2007 3586 decedat.

543 3630 946 3710 Quantum
978 3630 1077 3720 (c)
1112 3634 1385 3703 autem
1418 3631 1513 3702 ad
1548 3631 2004 3722 parvulum,

457 3744 525 3818 si
568 3745 838 3819 nullus
883 3746 1143 3840 possit
1176 3745 1461 3820 haberi
1529 3767 1690 3820 non
1734 3748 2016 3842 praeci-

368 3849 373 3858 ’
449 3884 612 3945 sus,
663 3863 794 3954 qui
835 3885 1018 3937 eum
1072 3864 1554 3958 baptizaret,
1617 3869 1698 3939 et
1750 3863 2014 3938 immi-

446 3982 633 4053 neat
673 3980 1124 4073 periculum
1218 3982 1427 4073 quod
1512 4002 1669 4055 non
1752 3982 2012 4075 possit

459 4096 876 4190 expectari
936 4098 1236 4170 habere
1327 4097 1800 4172 ministrum
1859 4098 2012 4172 ido·

458 4233 724 4296 neum,
777 4215 1106 4287 tenetur
1142 4233 1377 4287 neces
1398 4201 1626 4287 sario
1662 4215 1795 4288 ille
1832 4214 2012 4289 offe-

464 4351 551 4401 re
587 4330 1018 4422 parvulum
1054 4351 1290 4403 suum
1326 4331 1701 4423 praeciso.
1740 4332 2007 4405 Nimis

458 4447 672 4518 enim
707 4447 998 4519 durum
1039 4453 1257 4522 esset
1290 4449 1582 4532 dicere,
1684 4449 1832 4542 qud
1892 4457 2008 4526 te-

458 4569 701 4639 netur
773 4565 1205 4658 parvulum
1298 4587 1534 4640 suum
1610 4574 2004 4662 perpetuo

457 4683 827 4757 damnari
900 4684 1408 4777 permittere,
1492 4708 1673 4759 cum
1746 4688 2008 4780 possit

460 4798 756 4873 habere
797 4800 1183 4895 aliquem,
1231 4803 1365 4897 qui
1405 4824 1584 4876 eum
1623 4804 2003 4898 baptizet,

461 4937 644 4989 cum
679 4918 1049 4993 salvetur
1088 4938 1135 4991 a
1197 4941 1702 5013 quocumque
1751 4922 2008 5015 bapti-

454 5037 708 5118 zetur,
745 5034 1071 5109 etiamsi
1108 5055 1470 5129 paganus
1522 5039 2005 5131 baptizaret,

451 5152 890 5224 Secundum
955 5151 1171 5235 illud,
1245 5156 1327 5222 de
1391 5177 1643 5225 consec.
1708 5159 1865 5225 dist.
1931 5158 1996 5228 4.

463 5286 609 5353 cap.
658 5267 1102 5340 Romanus.

3553 419 3674 480 509

2572 701 3233 766 COMMENTARIUS.

2217 929 2302 1018 (a)
2344 932 2463 997 Hic
2492 931 2932 1015 distinquitur
2970 932 3053 997 de
3091 933 3288 1012 male,
3344 943 3470 998 etc.
3529 934 3683 998 Haec

2126 1044 2457 1114 distinctio
2486 1046 2565 1112 de
2616 1046 2782 1113 malo
2834 1048 3082 1113 notorie
3114 1046 3529 1135 intelligitur,
3572 1048 3681 1114 vel

2124 1166 2236 1253 qui
2270 1175 2367 1232 est
2400 1164 2733 1244 toleratus,
2772 1163 2872 1230 vel
2905 1165 3014 1251 qui
3046 1177 3147 1232 est
3182 1165 3523 1252 praecisus,
3557 1165 3683 1230 hoc

2123 1295 2246 1362 est,
2301 1303 2416 1369 per
2468 1281 3236 1361 excommunicationem,
3310 1282 3679 1368 degradati-

2125 1419 2342 1481 onem,
2379 1410 2490 1464 aut
2527 1397 2721 1463 etiam
2763 1398 3266 1485 suspensionem
3307 1419 3345 1464 a
3386 1397 3684 1465 ministe-

2125 1514 2224 1581 rio
2269 1516 2858 1581 Sacramentoruin.
2899 1518 2980 1580 Ut
3010 1515 3174 1581 bene
3204 1527 3420 1581 autem
3454 1515 3682 1581 adver—

2123 1635 2201 1701 tit
2245 1632 2668 1710 Scholiastes,
2747 1631 3076 1716 praecisus
3136 1643 3282 1719 post
3338 1637 3680 1700 Decretum
3808 1710 3817 1719 ,
3862 1711 3873 1721 ,

2123 1747 2636 1816 Constantiensis
2667 1747 2958 1827 Concilii,
2996 1746 3383 1835 intelligitur
3442 1749 3681 1816 notori-
3739 1707 4001 1837 ἕξζξζῗζξζ,

2126 1886 2203 1933 us
2262 1865 2489 1931 Clerici
2531 1884 2903 1952 percussor,
2948 1876 3059 1931 aut
3108 1864 3218 1953 qui
3262 1865 3683 1934 denuntiatus

2123 1993 2245 2061 est,
2276 2002 2424 2069 quae
2456 1993 2554 2047 est
2585 1979 2877 2047 doctrina
2907 1981 3300 2062 communis,
3338 1983 3490 2070 quia
3530 2005 3678 2051 cum

2125 2098 2255 2165 illis
2304 2110 2553 2164 tantum
2604 2098 2983 2185 prohibetur
3028 2100 3494 2166 communicari
3571 2123 3688 2188 per

2124 2214 2283 2282 illud
2329 2219 2693 2297 Decretum,
2758 2236 2887 2302 quo
2954 2216 3341 2304 mitigantur
3378 2222 3674 2285 Canones

2122 2330 2398 2418 antiqui.
2445 2331 2722 2397 Dubium
2755 2331 2967 2399 solum
3010 2345 3109 2401 est
3155 2332 3234 2400 de
3285 2335 3682 2402 concubina·
3714 2336 4035 2425 Dubiumne

2123 2445 2222 2512 rio
2267 2447 2544 2526 notorie,
2607 2447 2793 2534 cujus
2841 2449 3103 2515 Missam
3188 2450 3414 2517 audire
3465 2451 3681 2538 prohi·
3727 2437 4037 2488 ⁰⁰¹¹⁰¹¹b³⁰³·

3825 2503 3921 2551 rio·

2123 2564 2360 2630 bentur
2391 2562 2642 2645 fideles,
2682 2575 2745 2629 et
2786 2566 3206 2631 Sacramenta
3245 2566 3325 2633 ab
3384 2587 3460 2633 eo
3517 2567 3683 2634 acci·
3743 2561 4012 2678 {eassffitiffl

3851 1005 3897 1056 1.

1914 2696 1921 2705 ‘
2000 2698 2003 2701 ’
2121 2701 2300 2766 pere,
2343 2693 2416 2746 ut
2448 2691 2621 2767 patet
2654 2680 2846 2747 titulo
2888 2681 2970 2747 de
3008 2681 3497 2748 cohabitatione
3531 2683 3683 2748 Cle·
3750 2689 3991 2743 Trident.

2124 2799 2250 2865 ric.
2296 2807 2355 2862 et
2387 2798 2740 2864 mulierum
2797 2820 2852 2864 c.
2902 2798 3160 2879 ultimo,
3210 2820 3355 2885 cap.
3409 2799 3677 2878 NulluS,

2123 2935 2270 2999 cap.
2308 2915 2583 2994 Proeter,
2652 2914 2808 2980 dist.
2869 2916 2934 2980 Ξ).
2998 2925 3061 2981 et
3125 2914 3292 2981 aliis.
3354 2918 3687 2982 Navarrus

2123 3039 2336 3095 autem
2381 3030 2456 3095 in
2487 3030 2813 3108 manuali,
2848 3050 2997 3116 cap.
3033 3032 3142 3095 25.
3189 3051 3369 3095 num.
3417 3032 3528 3096 80.
3587 3049 3687 3096 as·

2125 3145 2286 3213 serit
2343 3149 2634 3214 Canones
2699 3146 3004 3234 antiquos
3074 3145 3394 3213 revixisse
3475 3144 3687 3235 quoad

2125 3263 2621 3331 concubinarios
2676 3285 2757 3330 ex
2813 3263 3199 3331 Tridentino
3246 3285 3401 3329 sess.
3478 3267 3562 3329 25
3608 3263 3688 3329 de

2123 3382 2473 3465 reformat.
2518 3401 2572 3444 c.
2615 3383 2719 3445 14.
2775 3378 2881 3444 ubi
2933 3378 3196 3446 mandat
3233 3377 3686 3446 concubinari-

2124 3518 2197 3564 os
2231 3496 2440 3585 poenis
2490 3518 2525 3562 a
2565 3496 2772 3563 sacris
2821 3497 3225 3575 CanonibuS,
3272 3495 3376 3562 vel
3425 3493 3687 3562 statutis

2121 3613 2596 3682 Ecclesiasticis
2628 3612 2870 3700 puniri.
2911 3612 3034 3679 Sed
3069 3612 3441 3700 oppositum
3486 3612 3685 3699 hujus
3762 3609 4003 3684 OPP9⁸i²⁸

2120 3735 2346 3799 verius
2392 3742 2494 3799 est
2536 3752 2616 3797 ex
2670 3731 2815 3816 ipso
2863 3729 3172 3811 Concili0,
3229 3729 3401 3817 quod
3460 3729 3687 3796 statuit
3714 3688 4040 3790 Coissrtissitia-

2121 3848 2418 3914 ordinem
2461 3846 2874 3935 procedendi‚
2921 3858 2985 3912 et
3042 3846 3331 3925 modum,
3378 3845 3492 3934 qui
3546 3866 3681 3912 ser·
3746 3814 4006 3933 ηοέιξεω

2121 3964 2318 4031 vandi
2369 3976 2523 4030 sunt
2566 3963 2645 4029 de
2686 3964 2836 4051 jure
2868 3974 3091 4028 contra
3131 3960 3675 4039 concubinarios;
3740 3939 4001 3992 praemsos.

2123 4080 2427 4166 primum,
2472 4091 2542 4145 ut
2579 4078 2772 4146 tertia
2804 4088 2986 4165 parte
3046 4078 3378 4144 fructuum
3431 4087 3495 4143 et
3531 4097 3679 4163 pro·

2122 4208 2441 4264 ventuum
2493 4196 2624 4263 sint
2657 4194 2871 4281 puniti
2921 4194 3063 4281 ipso
3100 4194 3293 4275 fact0,
3351 4193 3405 4260 si
3448 4194 3680 4280 primae
3738 4236 3920 4288 Modus
3958 4243 4009 4288 et

2126 4312 2469 4379 monitioni
2518 4332 2647 4377 non
2688 4312 3055 4398 paruerint;
3113 4310 3165 4377 si
3207 4309 3513 4378 secundae
3569 4330 3677 4377 ve·
3712 4303 4040 4415 conffissmaeos

2122 4448 2196 4493 ro
2265 4425 2609 4495 mo'nitioni
2675 4447 2802 4493 non
2850 4426 3208 4514 paruerint,
3281 4445 3410 4492 non
3460 4425 3669 4492 solum
3710 4425 4036 4494 procedendi.

2120 4544 2432 4611 omnibus
2474 4544 2794 4611 fructibus
2845 4554 2909 4609 et
2951 4541 3380 4629 proventibus
3428 4541 3676 4611 benefl-

2121 4662 2374 4727 ciorum
2417 4673 2479 4727 et
2512 4670 2948 4748 proventuum
2985 4659 3352 4746 priventur,
3382 4659 3494 4726 sed
3537 4679 3678 4725 sus·

2125 4775 2495 4862 pendantur
2546 4774 2623 4841 ad
2685 4774 3031 4841 arbitrium
3107 4795 3137 4841 a
3209 4774 3679 4843 beneficiorum

2121 4887 2726 4967 administratione;
2779 4887 2834 4954 si
2893 4886 3199 4974 deinceps
3274 4908 3402 4954 non
3480 4886 3680 4954 corri-

2121 5017 2386 5094 gantur,
2465 5004 2808 5091 priventur
2867 5003 3173 5071 omnibus
3229 5017 3293 5070 et
3368 5003 3678 5092 singulis,

2119 5136 2253 5190 tam
2296 5120 2634 5188 beneficiis
2711 5141 2904 5208 quam
2959 5119 3216 5200 officiiS,
3272 5133 3389 5188 etc.
3448 5142 3680 5208 perpe-

2119 5252 2234 5306 tuo
2267 5239 2401 5305 sint
2451 5237 2777 5304 inhabiles
2816 5236 2895 5303 ad
2948 5255 3386 5325 quaecumque
3433 5235 3677 5302 beneli-
3739 5212 3745 5219 ⁸

2120 5356 2221 5423 cia
2253 5368 2315 5422 et
2347 5354 2563 5421 officia
2602 5352 3064 5432 ecclesiastica,
3110 5353 3317 5420 donec
3367 5364 3514 5440 post
3548 5372 3681 5419 ma-

2121 5472 2431 5540 nifestam
2462 5470 2986 5538 emendationem
3011 5492 3046 5537 a
3071 5471 3208 5538 suis
3227 5469 3678 5558 superioribus

2123 5613 2206 5658 ex
2239 5611 2434 5658 causa
2471 5591 2688 5658 visum
2718 5589 2915 5657 fuerit
2960 5610 3106 5658 cum
3149 5589 3229 5656 iis
3268 5588 3675 5674 dispensare3
