4287 6313
1100 688 1740 754 COMMENTARIUS.

1775 415 1920 478 ΜΒ.
1954 415 2056 477 tv.
2091 412 2693 478 SENTENTIARUM

2299 574 2525 653 gnatio
2584 580 2845 653 spectat
2886 577 2971 638 ad
3029 577 3539 672 fundamen-tum
3581 578 3851 641 alterius

2303 692 2691 767 quaestionis
2766 691 2849 754 de
2919 694 3222 773 subjecto
3264 698 3509 775 gratiae,
3560 696 3730 756 sicut
3781 700 3851 756 et

2301 808 2530 880 tertiae,
2611 808 2693 868 de
2768 811 3007 888 quibus
3062 826 3181 873 suo
3239 813 3385 873 loco
3458 814 3669 892 magis
3743 819 3847 873 est

716 912 811 994 (b)
840 915 958 974 Hic
997 919 1083 975 est
1128 913 1366 989 opinio,
1419 916 1545 974 etc.
1580 911 1782 972 variae
1830 917 1984 970 sunt
2038 908 2185 985 opi·
2298 919 2783 983 disserendum,

281 1012 575 1139 snbjiktum
643 1029 876 1090 niones
921 1029 1273 1090 Doctorum
1327 1027 1395 1089 in
1434 1027 1560 1088 hac
1604 1025 1995 1104 quaestione,
2046 1040 2182 1084 ma-

277 1133 611 1187 characteris.
641 1147 743 1227 gis
812 1146 1061 1225 prolixe
1140 1161 1338 1225 quam
1424 1144 1717 1222 proficue
1795 1147 2176 1205 tractantur.

640 1263 833 1323 Sotus
905 1261 1186 1340 imponit
1254 1259 1591 1332 Durando,
1658 1257 1836 1338 quod
1910 1255 2173 1338 subjec-

639 1381 773 1438 tum
841 1377 985 1456 ejus
1042 1379 1129 1439 sit
1183 1392 1463 1453 corpus;
1528 1373 1647 1437 sed
1706 1375 1831 1435 hoc
1900 1388 2033 1435 non
2087 1373 2176 1432 vi·

636 1491 830 1555 detur
911 1495 1297 1567 asseruisse,
1383 1507 1607 1569 neque
1706 1490 1832 1551 dici
1930 1493 2170 1565 potest,

632 1609 785 1686 quia
830 1625 868 1669 a
907 1608 1211 1672 Conciliis
1271 1606 1579 1668 definitur
1612 1623 1760 1669 esse
1806 1608 1871 1667 in
1928 1605 2170 1675 anima,

634 1729 1123 1805 consequenter
1172 1731 1395 1787 tamen
1452 1723 1536 1785 ad
1600 1722 1978 1800 opinionem
2034 1721 2167 1780 Du-

629 1840 818 1902 randi
873 1850 1100 1920 posset
1142 1842 1270 1905 dici
1326 1842 1703 1921 subjectum
1761 1856 1908 1901 esse
1967 1844 2169 1900 totum

626 1957 979 2033 hominem,
1042 1960 1197 2021 licet
1246 1961 1546 2036 vasquez
1601 1958 1788 2018 aliter
1840 1957 2162 2032 interpre-

628 2082 802 2140 tetur
846 2093 1019 2138 eum.
1070 2075 1391 2138 Aureolus
1439 2076 1504 2135 in
1548 2073 1606 2135 4.
1655 2074 1798 2133 dist.
1850 2074 1910 2133 4.
1946 2075 2164 2147 quaest.

629 2197 683 2256 l.
746 2199 871 2254 art.
922 2195 985 2255 4.
1061 2191 1215 2254 dicit
1283 2189 1640 2270 subjectari
1732 2189 1796 2248 in
1882 2188 2166 2247 essentia

628 2310 880 2381 animae,
942 2324 1142 2389 quam
1211 2307 1610 2369 sententiam
1708 2307 1977 2366 secutus
2067 2307 2169 2365 est

621 2425 939 2488 Marsilius
1012 2431 1221 2502 quaest.
1256 2424 1313 2485 4.
1362 2430 1487 2485 art.
1539 2423 1593 2482 1.
1642 2423 1729 2484 ad
1771 2422 1829 2481 2.
1870 2421 2162 2481 dubium.

620 2547 864 2610 Suarez
906 2546 1070 2621 disp.
1138 2548 1232 2608 11.
1333 2549 1483 2603 sect.
1528 2542 1595 2601 4.
1648 2540 1949 2617 vasquez
2000 2539 2161 2613 disp.

626 2665 761 2728 134.
819 2681 961 2741 cap.
1035 2664 1097 2725 4.
1150 2662 1412 2724 Gabriel
1457 2659 1863 2738 probabilem
1924 2657 2160 2724 existi·

625 2789 763 2844 mat
835 2788 1050 2859 quaest.
1113 2783 1174 2842 2.
1236 2786 1362 2840 art.
1425 2781 1482 2841 3.
1541 2780 1690 2841 dub.
1757 2780 1818 2839 2.
1880 2777 2163 2847 alensis,

624 2897 952 2966 Albertus‚
1000 2898 1075 2957 D.
1134 2897 1590 2957 Bonavontura
1651 2898 1943 2955 statuunt
2015 2909 2163 2954 esse

385 1735 509 1785 Esse

304 1799 566 1850 hominem
577 1836 588 1848 .

321 2937 521 3111 ὶῑὶῗὲῗέ·
623 3018 689 3077 in
731 3015 1044 3092 imagine,
1076 3010 1143 3072 id
1189 3015 1312 3082 est,
1385 3011 1722 3071 voluntate
1757 3015 1822 3070 et
1862 3010 2163 3072 intellec-

360 3077 444 3111 cu
503 3101 515 3113 ’
624 3136 720 3201 tu,
799 3128 919 3191 sed
1003 3124 1426 3207 principalius
1496 3128 1563 3189 in
1630 3127 1992 3190 intellectu.
2086 3128 2160 3186 D.

618 3246 902 3309 Thomas
945 3245 1027 3305 ab
1073 3243 1399 3322 aliquibus
1460 3245 1695 3304 citatur
1750 3258 1867 3319 pro
1930 3241 2164 3303 eadem

621 3365 933 3440 opinione
966 3368 1185 3448 quaest.
1217 3360 1320 3420 63.
1356 3365 1482 3421 art.
1534 3358 1593 3419 4.
1644 3362 2024 3435 aryumento
2082 3360 2172 3419 ad

622 3481 1025 3557 oppositum;
1055 3479 1463 3553 responsione
1510 3481 1733 3537 autem
1763 3477 1867 3536 ad·
1906 3477 2167 3537 tertium

619 3598 903 3658 sustinet
948 3609 1095 3655 esse
1128 3596 1194 3655 in
1238 3592 1599 3664 intellectu,
1632 3608 1832 3670 quem
1866 3607 2160 3668 sequun-

621 3716 726 3774 tur
795 3711 1173 3790 cajetanus,
1236 3717 1299 3772 et
1353 3708 1590 3788 reliqui
1661 3711 1805 3789 ejus
1865 3707 2165 3786 discipuli

624 3844 771 3889 cuin
843 3825 1162 3889 Richardo
1208 3827 1353 3886 dist.
1414 3827 1474 3886 5.
1536 3830 1660 3886 art.
1721 3827 1782 3886 2.
1844 3830 2059 3900 quaest.
2099 3826 2158 3885 2.

297 3978 575 4044 Dispositio
705 3946 879 4005 Hanc
924 3945 1267 4021 impugnat
1316 3942 1557 4004 Doctor
1594 3942 1661 4001 in
1702 3945 2007 4018 praesenti
2035 3941 2076 4020 ‘g
2106 3945 2157 4003 l.

267 4055 573 4153 petz-{affinis
624 4060 778 4140 quia
820 4059 1032 4138 gratia
1078 4061 1179 4119 est
1221 4060 1286 4119 in
1329 4057 1616 4118 essentia
1661 4056 1891 4156 animae
1946 4074 2029 4122 ex
2086 4061 2155 4120 D.

304 4168 551 4294 sgffiffo,
622 4178 868 4241 'l'homa
915 4177 983 4237 in
1046 4177 1097 4236 1.
1147 4177 1290 4236 dist.
1340 4175 1401 4236 2.
1456 4179 1513 4235 et
1567 4180 1740 4250 part.
1790 4181 2007 4251 quaest.
2054 4179 2157 4238 77.

268 4292 559 4406 estiusc‘vffla
627 4302 751 4358 art.
783 4296 844 4357 6.
909 4294 1243 4356 character
1298 4298 1519 4353 autem
1552 4297 1653 4354 est
1693 4291 2027 4370 dispositio
2075 4295 2159 4356 ad

570 4393 582 4405 ⁶
620 4413 930 4494 gratiam;
970 4427 1128 4490 ergo
1174 4426 1306 4472 non
1339 4415 1440 4470 est
1493 4410 1557 4470 in
1604 4410 1820 4487 aliquo
1882 4427 2155 4488 suscep·

623 4532 749 4593 livo
822 4529 1167 4606 posteriori
1222 4527 1367 4604 ipsa
1425 4527 1722 4600 ,essentia
1794 4513 2023 4591 animae
2095 4530 2157 4590 in

618 4664 748 4727 qua
798 4651 899 4709 est
952 4645 1182 4726 gratia.
1243 4649 1714 4723 Argumentum
1759 4645 1884 4707 hoc
1914 4647 2151 4707 intelli·

611 4766 679 4846 gi
739 4763 942 4826 debet
987 4761 1069 4825 de
1112 4761 1538 4839 dispositione
1586 4766 2040 4838 permanente,
2091 4769 2157 4823 et

609 4897 743 4944 non
798 4885 1051 4942 tantum
1095 4877 1177 4939 de
1227 4875 1655 4955 dispositione
1712 4877 1975 4940 tollente
2033 4880 2154 4938 im-

609 4998 1067 5079 pedimentum
1121 4994 1362 5056 formae.
1412 4994 1542 5056 Sed
1594 4995 1745 5073 quia
1786 4995 1978 5056 variis
2008 5010 2150 5056 mo-

611 5120 708 5180 dis
737 5117 1019 5180 sumitur
1060 5113 1424 5191 dispositio,
1474 5113 1625 5176 ideo
1674 5114 1848 5174 varie
1881 5113 2153 5192 quidem

602 5231 1035 5311 respondent,
1067 5230 1173 5291 vel
1206 5227 1516 5309 negando
1566 5229 2019 5289 characterem
2052 5245 2150 5290 es-

606 5370 679 5415 se
710 5349 1204 5428 dispositionem
1249 5348 1484 5410 saltem
1528 5349 1816 5424 proprie,
1860 5347 1967 5409 vel
1996 5348 2147 5408 sim-

605 5467 861 5546 pliciter
890 5465 955 5525 in
985 5476 1237 5544 genere
1294 5463 1569 5542 physico
1602 5469 1713 5524 aut
1743 5464 1994 5536 morali,
2030 5463 2152 5525 sed

613 5603 746 5650 non
795 5586 977 5648 lubet
1012 5584 1154 5663 jam
1202 5582 1299 5642 his
1357 5581 1704 5643 inhaerere.
1753 5582 1890 5643 Alia
1932 5582 2152 5659 impu-

2861 1147 3276 1207 SCHOLIUM.

2364 1342 2802 1400 characterem
2834 1345 3179 1416 subJectari
3211 1348 3276 1403 in
3324 1349 3668 1406 voluntate.
3702 1351 3853 1406 Pri-

2294 1453 2412 1505 mo,
2438 1443 2584 1510 quia
2611 1444 2832 1511 gratia,
2866 1459 3005 1514 quae
3036 1450 3129 1501 est
3164 1446 3380 1502 eadem
3420 1448 3734 1515 charitati,
3768 1464 3848 1504 ex

2287 1541 2341 1592 2.
2369 1536 2428 1592 d.
2462 1541 2554 1593 26.
2592 1538 2972 1609 subJectatur
3005 1544 3070 1598 in
3103 1558 3192 1599 ea.
3232 1545 3538 1613 Secundo,
3571 1546 3722 1617 quia
3755 1550 3852 1601 est

2288 1638 2542 1705 signum
2573 1639 2973 1709 obligationis
3002 1645 3230 1698 animae
3266 1642 3341 1699 ad
3377 1647 3589 1711 Deum,
3622 1650 3682 1701 et
3710 1655 3848 1708 ani-

2290 1750 2388 1791 ma
2422 1735 2772 1793 formaliter
2828 1744 2888 1794 et
2924 1741 3365 1811 principaliter
3405 1757 3519 1814 per
3547 1746 3845 1806 volunta-

2285 1838 2408 1888 tem
2440 1834 2775 1906 obligatur.

2370 2062 2468 2151 (c)
2542 2062 2743 2137 Dico
2823 2084 3024 2157 ergo
3103 2070 3197 2141 ad
3268 2075 3828 2163 quaestionem,
3999 2071 4052 2121 ⁴·

2283 2181 2799 2270 supponendo
2847 2182 3022 2265 hoc,
3078 2188 3284 2276 quod
3329 2190 3833 2265 declaratum

2282 2297 2405 2368 est
2446 2299 2512 2366 2.
2551 2300 2665 2366 lib.
2702 2302 2858 2369 dist.
2897 2303 3004 2374 26.
3054 2302 3362 2377 scilicet
3405 2308 3499 2379 de
3530 2310 3829 2398 gratia,

2283 2413 2487 2503 quod
2556 2420 2680 2488 est
2743 2417 2944 2489 idem
3017 2440 3201 2491 cum
3270 2421 3696 2507 charitate,
3752 2432 3835 2501 et

2281 2550 2427 2620 per
2467 2550 2988 2623 consequens,
3053 2539 3175 2608 est
3233 2538 3501 2629 primo
3566 2541 3647 2612 in
3702 2564 3831 2634 po-

2283 2646 2565 2729 tentia,
2665 2648 2975 2723 scilicet
3064 2652 3144 2724 in
3222 2655 3670 2737 voluntate,
3751 2662 3831 2730 et

2278 2761 2649 2847 ulteriuS,
2731 2768 2934 2858 quod
3004 2768 3162 2841 ista
3228 2770 3656 2864 dispositio
3734 2776 3829 2847 ad

2280 2877 2631 2950 formam
2682 2887 2805 2955 est
2874 2883 2953 2955 in
3022 2886 3295 2957 eodem
3366 2890 3826 2981 susceptivo

2280 3014 2461 3067 cum
2533 2996 2840 3080 sorma;
2923 2999 3357 3077 character
3415 3008 3688 3078 autem
3758 3009 3828 3080 si

2281 3117 2637 3203 ponatur
2668 3113 2746 3185 in
2780 3137 2933 3198 esse,
2986 3120 3565 3193 convenienter
3604 3126 3830 3216 poni-

2281 3232 2417 3300 tur
2490 3228 2921 3321 dispositio
2992 3234 3086 3306 ad
3135 3237 3492 3326 gratiam
3555 3258 3830 3313 sacra-

2280 3344 2741 3430 mentalem,
2835 3352 2921 3420 ut
3017 3354 3431 3424 ostensum
3527 3357 3649 3428 est
3750 3357 3824 3428 in

2280 3462 2685 3534 solutione
2756 3467 3278 3556 praecedentis
3357 3473 3825 3563 quaestionis

2277 3577 2365 3647 de
2408 3576 2888 3652 charactere
2932 3581 3011 3653 in
3064 3582 3329 3674 prima
3380 3607 3823 3680 congruen-

2278 3692 2437 3773 tia;
2519 3713 2717 3784 ergo
2796 3716 3243 3788 congruum
3321 3706 3446 3775 est
3524 3723 3823 3795 ponere

2278 3808 2838 3886 characterem
2884 3811 3349 3890 formaliter
3407 3819 3486 3891 in
3542 3823 3821 3896 volun-

2274 3928 2471 4000 tate.

2367 4045 2466 4116 Et
2499 4043 2650 4119 ho'c
2684 4049 3248 4136 confirmatur,
3288 4056 3475 4146 quia
3522 4057 3587 4129 si
3631 4058 3820 4130 cha-
3867 4069 4132 4140 onmem

2280 4165 2555 4235 racter
2600 4171 2724 4238 est
2776 4167 3121 4260 signum,
3173 4172 3298 4242 vel
3355 4172 3823 4248 fundamen-
3847 4139 4150 4267 gssigffiffi

2276 4282 2447 4351 tum
2502 4279 3021 4371 obligationis
3056 4285 3346 4358 animae
3397 4291 3489 4361 ad
3530 4291 3814 4376 Deum,
3876 4274 4141 4373 af‘iffin.

2276 4394 2760 4469 rationabile
2785 4406 2935 4482 est,
2964 4403 3166 4492 quod
3193 4408 3541 4495 ponatur
3565 4408 3641 4480 in
3674 4408 3820 4480 illa

2275 4513 2662 4603 potentia,
2709 4517 2938 4608 cujus
2979 4522 3102 4592 est
3137 4522 3401 4611 primo
3439 4524 3814 4617 obligari,

2273 4628 2396 4699 vel
2457 4651 2634 4702 esse
2698 4634 3099 4706 rationem
3145 4638 3581 4729 obligandi;
3630 4643 3821 4716 talis

2272 4751 2542 4820 autem
2593 4753 2715 4820 est
2777 4750 3177 4834 voluntas,
3235 4755 3422 4845 quia
3485 4760 3825 4849 praeciso

2273 4883 2417 4953 per
2474 4863 2646 4956 ejus
2711 4869 2984 4939 actum
3035 4867 3332 4962 aliquis
3389 4893 3473 4944 se
3518 4874 3827 4966 obligat

2272 4979 2877 5072 principaliter;
2928 4984 3068 5055 illa
3118 4988 3360 5070 enim,
3427 5010 3602 5081 quae
3644 5012 3828 5064 con-

2268 5101 2612 5170 currunt
2678 5097 2783 5170 ibi
2858 5120 2955 5170 ex
3029 5108 3260 5193 parte
3330 5105 3822 5193 intellectus,

2267 5214 2392 5284 vel
2452 5215 2794 5288 alterius
2875 5221 3258 5310 potentiae
3329 5224 3406 5294 in
3470 5224 3820 5312 homine,

2267 5351 2425 5402 non
2470 5336 2655 5405 sunt
2705 5333 2860 5405 nisi
2906 5337 3261 5426 quaedam
3325 5343 3823 5430 praeambula

2267 5448 2362 5519 ad
2394 5447 2718 5519 firmum
2754 5450 2984 5532 velle,
3029 5453 3234 5544 quod
3288 5460 3412 5528 est
3466 5458 3822 5533 rationa-

2265 5565 2541 5639 biliter
2584 5589 3061 5661 proponere,
3129 5574 3252 5644 vel
3302 5596 3623 5658 vovere,
3689 5581 3820 5652 vel
