4287 6313
1677 387 1872 449 Dls'r.
1906 387 2004 449 Vl.
2041 385 2406 463 QUAEs'mo
2434 389 2535 452 IX.

525 547 902 633 explicitum
963 559 1027 614 et
1090 549 1531 629 convincens;
1621 569 1748 637 qua
1818 549 2070 614 ratione.

522 665 753 729 Doctor
803 675 999 751 negat
1055 665 1220 732 hanc
1267 665 1608 731 veritatem
1643 686 1723 731 ex
1776 664 2074 730 Patribus

522 782 747 847 haberi
813 803 1152 870 expresse,
1232 796 1302 850 ut
1359 784 1888 861 convincentem,
1963 792 2074 850 aut

523 896 884 984 Scriptura.

613 1016 937 1081 Caeterum
998 1015 1163 1082 ratio
1224 1016 1529 1103 superius
1590 1015 1953 1104 praemissa,
2013 1026 2078 1082 et

526 1129 785 1197 traditio
841 1132 1153 1200 Ecclesiae
1219 1153 1296 1199 ac
1331 1131 1627 1198 definitio
1671 1143 1735 1198 et
1790 1151 2079 1199 commu-

527 1248 629 1312 nis
681 1247 1233 1315 Scholasticorum
1294 1268 1680 1328 consensuS,
1743 1247 1855 1334 qui
1913 1247 2081 1312 hanc

526 1362 939 1431 traditionem
1009 1366 1306 1454 sequitur
1371 1386 1672 1432 asserens
1758 1364 1822 1429 in
1870 1362 2078 1450 Bapti-

530 1499 672 1545 smo
723 1501 841 1547 nos
879 1482 1258 1569 consignari
1293 1503 1409 1568 per
1468 1480 1712 1568 aliquid
1746 1480 2079 1547 diversum

531 1597 610 1662 ab
662 1597 805 1682 ipsa
863 1600 1075 1685 gratia
1123 1598 1687 1680 sanctificationis,
1747 1597 1917 1686 quod
1952 1616 2081 1663 non

531 1712 808 1781 habetur
864 1727 1047 1781 extra
1102 1717 1590 1782 Sacramentum
1642 1735 1760 1800 per
1796 1712 2082 1780 sanctiti-

534 1828 854 1896 cationem
926 1828 1075 1898 fidei
1134 1845 1198 1897 et
1254 1830 1567 1911 flaminis,
1650 1829 1879 1916 probat
1908 1829 2087 1895 hunc

532 1945 831 2014 effectum
866 1949 1267 2015 characteris
1299 1945 1767 2034 comprehendi
1811 1946 1877 2011 in
1927 1967 2084 2012 sen-

533 2083 611 2130 su
653 2063 915 2131 litterali
979 2065 1301 2131 dictorum
1339 2063 1716 2144 verborum,
1777 2075 1841 2128 et
1879 2061 2081 2128 inter-

535 2177 962 2263 pretationem
998 2176 1450 2265 chrysostomi
1500 2177 1735 2243 dictam
1778 2175 2082 2241 aliorum-

535 2313 662 2380 que
684 2296 946 2361 Patrum
979 2294 1533 2381 comprehendere
1563 2303 1769 2360 totum
1800 2290 2083 2357 collecti-

540 2428 622 2473 ve
652 2407 949 2474 effectum
1003 2407 1678 2494 Baptismicausatum
1729 2406 1796 2471 in
1838 2405 2076 2481 anima,

542 2524 844 2611 quamvis
874 2523 1468 2591 denominationem
1503 2532 1766 2590 sumant
1804 2544 1839 2589 a
1880 2520 2085 2609 potio-

545 2638 958 2736 ri·forma,ad
991 2662 1186 2728 quam
1220 2640 1514 2728 disponit
1544 2639 1682 2727 ipse
1721 2640 2084 2719 character;

542 2756 700 2823 falso
729 2777 887 2843 ergo
919 2758 1214 2824 haeretici
1261 2771 1503 2845 negant
1541 2759 1719 2824 hunc
1784 2756 2086 2823 effectum

545 2891 673 2937 non
713 2872 930 2958 colligi
974 2894 1053 2938 ex
1088 2873 1450 2959 Scriptura,
1501 2872 1851 2942 accedente
1890 2870 2087 2937 tradi-

541 2990 717 3056 tione
758 3004 822 3057 et
852 2989 1282 3058 declaratione
1322 2995 1580 3057 Patrum
1623 3002 1687 3058 et
1750 2990 2082 3070 Ecclesiae,

543 3107 647 3174 vel
679 3106 874 3174 etiam
908 3128 1036 3174 non
1078 3108 1395 3176 contineri
1434 3108 1502 3174 in
1536 3107 1898 3195 Scriptura.

240 3226 473 3339 Altffiim
636 3225 930 3292 Alterum
1007 3224 1373 3291 membrum
1437 3222 1613 3291 illius
1689 3222 2091 3311 probationis

190 3351 672 3477 offiffii'gffiem’
745 3340 917 3426 quod
986 3362 1199 3428 neque
1272 3361 1354 3407 ex
1430 3340 1730 3406 Patribus
1833 3339 2090 3427 probari

210 3475 498 3545 Responsio
550 3458 756 3544 possit
829 3457 1186 3525 character.
1255 3457 1673 3544 Respondent
1728 3455 1928 3544 aliqui
2011 3477 2091 3521 ex

243 3537 488 3590 allorum.
705 3574 718 3587 .
1011 3573 1022 3584 .
1081 3573 1094 3585 .
1292 3573 1304 3586 .
1388 3572 1401 3585 .
1838 3572 1849 3584 .
2033 3572 2045 3583 .

199 3599 505 3651 Auctoritas
551 3574 849 3641 Patribus
877 3573 1122 3660 colligi,
1174 3586 1590 3660 pot1ssimum
1650 3594 1732 3639 ex
1780 3576 2092 3659 Dionysio

189 3662 939 3789 nossissffssssagAreopagita
1001 3691 1082 3757 de
1139 3691 1604 3756 Ecclesiastica
1679 3689 2085 3768 hierarchia,

210 3786 497 3839 intentum.
551 3829 698 3894 cap.
734 3810 806 3873 2.
852 3806 976 3873 Sed
1028 3807 1195 3873 hanc
1242 3807 1698 3873 auctoritatem
1751 3807 1982 3871 merito
2032 3815 2095 3869 et

550 3922 900 3991 efficaciter
998 3922 1286 3990 excludit
1374 3927 1608 3989 Doctor
1692 3922 1758 3987 in
1853 3921 2089 3998 littera,

547 4060 744 4128 quem
783 4038 1080 4125 sequitur
1108 4038 1176 4103 in
1206 4038 1330 4103 hac
1367 4036 1712 4104 Durandus
1740 4046 1806 4101 et
1866 4034 2095 4100 Gabri-

549 4156 631 4237 el,
670 4155 828 4244 quin
876 4155 1069 4221 etiam
1107 4157 1423 4241 Vasquez.

202 4326 207 4329 -
273 4302 464 4368 objicit
640 4272 764 4339 Sed
794 4282 1016 4338 contra
1051 4270 1387 4337 insimulat
1424 4272 1617 4337 Sotus
1656 4289 1734 4333 ex
1768 4266 2097 4334 Walden·

216 4370 520 4481 ᾆῖζῇῗθξξῑ,
553 4387 608 4454 si
687 4386 1124 4473 corruptelam
1186 4384 1666 4471 intelligentiae,
1714 4393 1778 4448 et
1823 4383 2099 4474 recurrit

553 4507 745 4571 Sotus
785 4504 863 4569 ad
905 4514 1146 4569 textum
1198 4503 1520 4576 Graecum,
1557 4520 1749 4586 quem
1801 4498 1896 4566 sic
1947 4496 2100 4565 licet

551 4622 952 4689 transferre:
999 4621 1173 4685 Eum
1213 4640 1367 4685 vero
1407 4619 1690 4705 (nempe
1745 4617 1823 4682 ad
1882 4615 2100 4701 Bapti-

548 4758 766 4804 smum
806 4734 1273 4822 accedentem)
1305 4734 1544 4800 divina
1584 4733 1938 4811 beatitudO,
1975 4752 2088 4798 seu

551 4854 788 4919 divina
822 4854 1136 4939 majestas
1168 4852 1236 4917 in
1277 4872 1465 4915 suam
1504 4849 2101 4935 participationem

550 4970 815 5055 recipit,
864 4977 924 5033 et
960 4967 1241 5053 proprio
1275 4965 1528 5030 lumine
1568 4974 1882 5050 tanquam
1941 4983 2104 5049 quo-

552 5084 705 5150 dam
748 5085 882 5171 ipsi
907 5084 1101 5169 siqno
1135 5080 1368 5159 tradit,
1415 5080 1722 5146 divinum
1746 5079 2104 5165 perficiens

553 5212 613 5267 et
677 5202 1271 5268 communicantem
1329 5199 1719 5265 divinorum
1754 5198 1996 5282 partis,
2043 5205 2104 5260 et

551 5341 760 5385 sacra»
806 5318 1283 5401 ordinationis,
1356 5327 1483 5382 etc.
1557 5318 1882 5379 Hactenus
1948 5331 2106 5397 ergo

558 5455 687 5499 non
730 5436 1017 5522 loquitur
1048 5434 1129 5500 de
1159 5432 1524 5509 hierarcha,
1565 5430 1629 5494 id
1669 5441 1792 5507 est,
1828 5428 1906 5491 dc
1938 5432 2106 5492 Pon-

559 5552 755 5632 tifice,
810 5554 922 5619 sed
966 5553 1158 5640 plane
1217 5549 1296 5615 de
1337 5553 1490 5629 De0,
1554 5546 1665 5634 qui
1710 5543 2103 5631 baptizatum

3632 390 3745 452 611

2184 552 2357 636 facit
2420 553 2529 617 sui
2587 553 3014 639 participem,
3081 565 3208 621 etc.
3264 557 3406 620 Non
3452 563 3552 619 est
3591 552 3754 631 mihi

2186 662 2264 728 ad
2291 682 2555 729 manum
2589 673 2805 731 textus
2837 667 3100 732 Graecus
3127 665 3415 752 Dionysii
3447 688 3462 744 ;
3521 663 3575 730 si
3623 684 3751 728 non

2189 779 2439 865 placeat
2515 780 2667 846 Soto
2723 781 2943 847 versio
3020 781 3476 860 vercellensiS,
3539 778 3751 866 ‘legat

2186 893 2374 975 alios,
2412 917 2536 982 ego
2576 897 2743 963 hanc
2793 897 3001 983 ipsam
3052 896 3421 963 versionem
3478 896 3743 983 permit-

2190 1021 2278 1089 to,
2363 1021 2427 1077 et
2488 1012 2651 1078 nihil
2698 1013 3071 1092 convincit;
3126 1013 3250 1080 alia
3289 1026 3508 1080 tamen
3539 1014 3743 1079 offero

2190 1147 2272 1193 ex
2345 1129 2749 1196 correctione
2846 1129 3153 1196 moderna
3231 1131 3403 1196 Petri
3465 1129 3740 1197 Lanselii

2192 1243 2653 1331 Gravelingani
2731 1245 3069 1312 Societatis
3136 1249 3313 1327 Jesu,
3361 1258 3424 1312 ct
3472 1246 3748 1313 habetur

2197 1357 2274 1422 in
2297 1359 2701 1426 Bibliotheca
2733 1360 3015 1427 Patrum
3041 1362 3388 1427 Colonien.
3425 1360 3748 1427 editionis

2195 1482 2347 1540 tom.
2387 1479 2449 1540 1.

2283 1590 2374 1655 Ita
2448 1591 2623 1657 enim
2692 1592 2758 1656 in
2815 1593 3387 1681 contemplatione,
3443 1615 3590 1680 cap.
3673 1596 3736 1659 2.

2198 1704 2392 1770 habet
2434 1706 2809 1793 DionysiuS,
2854 1731 3192 1796 exponens
3236 1710 3556 1798 quomodo
3587 1730 3743 1777 sen-

2197 1822 2321 1888 sim
2400 1821 2482 1888 ab
2534 1822 3127 1910 imperfectioribus
3223 1826 3302 1893 ad
3361 1826 3747 1912 perfectiora

2195 1937 2524 2023 procedat,
2595 1949 2944 2027 antequam
3030 1940 3110 2006 ad
3185 1940 3475 2007 divinam
3535 1939 3746 2007 uncti-

2195 2076 2388 2123 onem
2443 2055 2842 2141 pervenerit,
2927 2067 2991 2124 et
3057 2057 3313 2123 subdit:
3375 2058 3588 2145 Hujus
3652 2068 3750 2123 est

2191 2178 2515 2264 proeclari
2561 2179 2779 2243 sancti
2818 2177 3098 2244 Ordinis
3127 2180 3346 2265 imayo
3399 2182 3542 2266 ejus
3570 2230 3586 2256 ,
3634 2178 3749 2265 qui

2197 2292 2453 2358 accedit
2484 2291 2762 2382 (supple
2804 2292 2883 2358 ad
2924 2291 3352 2380 Baptismum)
3407 2293 3650 2379 pudor,
3688 2303 3750 2358 ct

2198 2431 2447 2489 eorum,
2515 2430 2658 2495 quoe
2714 2409 2806 2475 ad
2876 2430 2944 2474 se
3017 2410 3301 2474 attinent
3360 2410 3734 2495 emptor-ata,

2199 2526 2506 2609 certaque
2562 2525 2874 2610 coynitiO,
2933 2545 3077 2610 quae
3128 2525 3254 2589 viae
3304 2525 3395 2590 ad
3461 2526 3744 2608 Pontifi-

2199 2661 2337 2705 cem
2374 2640 2658 2724 ferentis
2702 2661 3086 2726 sponsorem
3132 2641 3322 2706 habet
3381 2640 3608 2707 ducem
3643 2641 3746 2730 (id

2200 2766 2321 2832 est,
2369 2776 2518 2822 eum
2561 2755 2671 2842 qui
2714 2755 2990 2842 spondet
3057 2777 3174 2842 pro
3215 2757 3359 2843 ejus
3417 2758 3749 2823 conversi-

2198 2871 2366 2956 one)
2408 2891 2577 2948 eum,
2633 2875 2747 2957 qui
2779 2872 2874 2937 ita
2913 2872 3270 2938 deducitur
3317 2873 3595 2961 (supple
3636 2895 3751 2961 per

2199 3009 2583 3074 sponsorem
2626 2990 2705 3056 ad
2745 2991 3216 3081 hierarcham)
3243 2993 3432 3058 beata
3498 2994 3751 3058 divini-

2204 3115 2302 3172 tas
2339 3107 2413 3173 in
2445 3109 2969 3175 communionem
2999 3110 3108 3175 sui
3131 3111 3389 3197 recipit.
3414 3111 3599 3198 eique
3647 3113 3746 3179 lu-

2202 3243 2351 3287 men
2388 3245 2580 3289 suum
2610 3226 2803 3311 quasi
2845 3225 3109 3313 siynum
3150 3226 3381 3305 tradit,
3428 3226 3587 3292 dum
3641 3228 3751 3294 di-

2201 3340 2359 3405 vino
2426 3362 2572 3406 eum
2635 3343 2909 3407 numine
2982 3342 3205 3425 afflat,
3276 3344 3600 3429 sortisque
3672 3366 3752 3410 ac

2201 3455 2467 3523 ordinis
2514 3478 2761 3537 eorum,
2807 3459 2923 3545 qui
2980 3458 3213 3524 divino
3278 3461 3552 3525 numine
3598 3482 3752 3547 per-

2204 3574 2366 3639 moti
2414 3585 2588 3654 sunt,
2635 3576 3042 3660 participem
3092 3577 3304 3662 facit;
3346 3598 3490 3663 quce
3527 3579 3756 3643 omnia

2203 3691 2541 3777 siqnisicat
2596 3694 2862 3779 siynum
2915 3693 3169 3771 Crucis,
3218 3694 3392 3780 quod
3429 3696 3755 3778 Pontifex

2206 3804 2323 3870 dat
2417 3809 2728 3887 venienti,
2808 3809 3350 3896 sacerdotumque
3433 3811 3752 3875 salutaris

2213 3922 2339 3986 illa
2403 3922 2785 4009 descriptiO,
2851 3934 2975 3991 etc.
3028 3945 3262 4013 nempe
3319 3946 3446 4011 qua
3516 3945 3752 3993 nomen

2207 4039 2572 4106 accedentis
2610 4050 2677 4107 et
2715 4043 3054 4128 sponsoris
3084 4042 3418 4110 scribitur.

2297 4157 2393 4221 Ex
2450 4155 2555 4223 his
2613 4157 2831 4223 nescio
2893 4157 3066 4224 unde
3121 4159 3330 4244 possit
3393 4158 3613 4248 colligi
3681 4181 3756 4226 ex

2211 4283 2427 4337 mente
2484 4271 2807 4358 Dionysii,
2879 4285 2990 4340 aut
3059 4295 3138 4341 ex
3214 4274 3436 4342 verbis
3510 4286 3753 4356 textuS,

2211 4406 2360 4452 eum
2432 4407 2627 4473 agere
2673 4387 2754 4453 de
2803 4389 3155 4474 BaptismO,
3224 4391 3288 4456 in
3356 4391 3758 4477 contempla-

2216 4502 2391 4569 tione
2452 4525 2733 4589 namque
2793 4507 3061 4592 exponit
3110 4508 3454 4594 mysticam
3504 4506 3760 4594 signifi·

2214 4619 2536 4686 cationem
2570 4622 3138 4703 caeremoniarum,
3200 4645 3348 4711 quae
3393 4636 3764 4711 praeparant

2216 4745 2280 4801 et
2323 4735 2818 4822 praemittuntur
2864 4739 2943 4804 ad
2993 4739 3422 4825 Baptismum,
3476 4740 3557 4807 de
3614 4740 3762 4829 qui-

2221 4850 2344 4917 bus
2397 4852 2535 4938 egit
2595 4851 2660 4918 in
2715 4852 2904 4919 titulo
2954 4852 3345 4940 praecedenti
3413 4853 3493 4921 de
3536 4857 3766 4921 Sacra-

2223 4978 2442 5034 mento
2475 4966 2950 5051 illustrationiS,
2990 4970 3100 5037 ubi
3133 4969 3295 5056 ipsae
3325 4972 3762 5052 caeremoniae,

2220 5083 2389 5150 sicut
2447 5082 2678 5149 ordine
2717 5105 2836 5151 suo
2876 5096 3353 5173 proponuntur,
3419 5087 3508 5153 ita
3575 5088 3768 5154 etiam

2221 5201 2285 5266 in
2386 5201 2932 5287 contemplatione
3035 5203 3312 5289 mystica
3361 5204 3762 5285 earumdem,

2224 5315 2450 5381 ordine
2491 5336 2610 5381 suo
2651 5328 3092 5402 exponuntur.

2313 5432 2603 5499 Primum
2645 5455 2804 5520 ergo
2870 5444 2991 5514 cst,
3037 5446 3106 5500 ut
3146 5435 3459 5502 accedens
3510 5437 3585 5501 ad
3649 5441 3768 5502 Ba-

2221 5549 2539 5634 ptismum
2591 5560 2840 5635 quaerat
2899 5571 3278 5634 sponsorem
3356 5552 3636 5639 aliquem
3689 5574 3769 5618 ex

3913 4214 3996 4264 20.

3817 5485 4122 5594 Progrpssus

3936 5562 3965 5595 a
