4287 6313
1722 384 1918 447 DlST.
1968 385 2067 446 v1.
2103 383 2463 459 QUAESTIO
2498 387 2598 447 ix.

523 536 712 606 liat.
757 540 1055 608 historiae
1084 544 1586 626 Ecclesiasticoe,
1624 569 1781 634 cap.
1811 553 1878 614 8.
1937 550 2062 633 Cy-

516 637 701 720 rillus
803 659 1388 746 ‚ierosolymitanus
1490 663 1555 728 in
1679 663 2064 749 praefatione

514 773 933 842 catechistica
1006 776 1238 845 tribuit
1314 780 1373 846 ei
1471 780 1658 867 plura
1744 779 2057 867 epitheta,

519 897 582 951 et
639 887 810 954 inter
866 888 988 958 alia
1055 893 1228 980 quod
1287 894 1373 961 sit
1427 897 1850 982 siqnaculum
1909 916 2062 961 san·

517 1020 690 1074 ctum
745 1022 806 1077 et
843 1014 1218 1095 indelebile,
1276 1017 1552 1084 Basilius
1610 1018 2063 1108 exhortatione

520 1123 597 1190 ad
671 1127 1098 1214 Baptismum,
1154 1130 1309 1197 dicit
1371 1133 1820 1199 characterem
1876 1133 2064 1199 inde·

202 1278 449 1330 Nazianz.
516 1243 1055 1327 prcltensibilem‚
1119 1248 1559 1313 Nazianzenus
1597 1249 1904 1313 orat-ione
1949 1251 2057 1312 40.

516 1378 594 1422 ex
654 1379 783 1443 quo
824 1363 1144 1427 mutuavit
1217 1365 1388 1429 hunc
1450 1363 1715 1429 modum
1758 1362 2057 1442 dicendi;

517 1476 955 1541 Damascenus
1040 1478 1318 1556 Donum,
1434 1478 1669 1566 inquit,
1754 1500 2064 1544 vocamus

513 1591 829 1674 qratiam,
875 1592 1308 1678 Bapewmnm
1364 1595 1763 1671 unctionem,
1807 1594 2065 1658 illumi-

514 1710 875 1787 nationem,
959 1720 1075 1775 ete.
1130 1713 1652 1797 regenerationis
1697 1712 2057 1790 lavacrum,

517 1824 840 1910 siqillum‚
885 1835 1003 1893 etc.
1048 1827 1382 1912 Siyillum,
1433 1827 1664 1913 inquit,
1719 1831 1877 1912 quia
1916 1850 2064 1894 con-

521 1943 810 2006 servatio
840 1953 953 2020 est,
1000 1964 1077 2007 ac
1115 1941 1596 2008 dominationis
1624 1945 2059 2029 siqnisicatio.

190 2051 475 2118 Augu-tin.
526 2056 840 2123 Similiter
891 2057 1325 2142 Augustiriu3‚
1379 2058 1489 2144 qui
1542 2057 1741 2124 variis
1793 2058 1857 2124 in
1908 2059 2066 2126 locis

518 2172 656 2258 agit
694 2171 772 2237 de
809 2174 1181 2239 charactere
1225 2173 1617 2259 baptismali,
1652 2177 1893 2261 saepius
1932 2177 2067 2262 agit

514 2301 743 2355 contra
789 2290 1179 2368 Donatistas‚
1220 2291 1396 2356 hunc
1428 2292 1639 2377 ipsum
1678 2291 2066 2380 quandoque

518 2405 801 2492 appellat
832 2407 1322 2474 Sacramentum
1365 2409 1703 2493 Baptismi,
1743 2420 1812 2474 ut
1846 2408 1958 2476 lib.
1995 2415 2057 2475 2.

516 2536 738 2590 contra
786 2516 1126 2609 epistolam
1172 2524 1579 2590 Parmeniani
1620 2546 1765 2590 eum
1809 2546 2064 2612 compa-

524 2659 676 2708 rans
731 2640 1086 2705 characteri
1145 2640 1416 2717 militiae,
1462 2641 1570 2727 qui
1620 2640 1683 2705 in
1734 2641 2065 2707 desertore

520 2768 811 2822 correcto
854 2776 980 2820 non
1023 2755 1297 2834 deletur,
1346 2756 1457 2822 sed
1500 2756 1894 2843 approbatur
1942 2779 1957 2835 ;
2004 2768 2064 2821 et

521 2873 781 2939 subdit:
811 2874 916 2938 An
937 2874 1112 2955 sorte
1141 2874 1361 2937 minus
1380 2875 1631 2939 licerent
1672 2874 2063 2938 Sacramen-

524 3000 592 3055 ta
621 2990 1017 3069 christiana,
1070 3011 1262 3075 quam
1340 2990 1712 3075 corporalis
1741 2989 1877 3054 hcec
1908 3000 2062 3054 nota

516 3128 660 3173 cum
712 3107 1055 3175 videamus
1093 3130 1211 3174 nec
1265 3118 1600 3195 apostatas
1648 3127 1877 3172 carere
1926 3107 2059 3172 Ba-

508 3227 777 3315 ptismo,
849 3226 1081 3313 quibus
1135 3228 1360 3312 utique
1430 3246 1552 3311 per
1604 3226 2063 3310 pcenitentiam

513 3342 956 3421 redeuntibus,
995 3364 1129 3408 non
1157 3342 1553 3419 restituitur,
1584 3353 1643 3407 et
1666 3341 1813 3406 ideo
1845 3345 2066 3407 aniitti

518 3479 653 3524 non
680 3481 866 3546 posse
877 3460 1251 3546 judicatur,
1298 3472 1431 3525 eto.

611 3581 724 3644 Hae
798 3574 1214 3645 auctoritates
1282 3577 1539 3640 Patrum
1596 3575 1937 3641 obscuram
2005 3587 2068 3641 et

523 3716 651 3760 non
707 3704 947 3760 certam
1016 3690 1258 3758 faciunt
1343 3691 1816 3777 probationem,
1917 3691 2065 3778 quia

521 3809 1019 3898 appellationem
1061 3807 1262 3892 sigilli
1312 3819 1376 3872 et
1426 3808 1818 3874 characteris
1866 3808 2068 3873 tribu-

523 3936 639 3991 unt
707 3924 832 4011 ipsi
873 3926 1286 3989 Sacramento
1327 3922 1391 3987 in
1428 3933 1625 4000 rect0,
1681 3943 1808 3988 non
1849 3935 2065 3989 autem

520 4040 777 4108 effectui
837 4040 1025 4127 ejus;
1090 4039 1247 4104 etsi
1316 4038 1574 4125 quando
1643 4038 1927 4119 effectui,
2003 4051 2070 4104 ut

520 4178 601 4223 ex
667 4155 964 4221 Patribus
1022 4174 1219 4240 supra
1280 4154 1492 4220 citatis
1561 4165 1758 4239 patet,
1859 4155 2068 4241 magis

516 4272 897 4359 exprimunt
937 4268 1218 4355 gratiam
1272 4268 1809 4347 sanctificantem,
1876 4290 2066 4355 quam

520 4387 820 4453 effectum
854 4385 1078 4463 alium,
1129 4385 1210 4449 de
1262 4405 1390 4470 quo
1439 4385 1576 4469 jam
1635 4384 2068 4470 disputamuS,

526 4501 682 4569 illud
723 4514 973 4569 certum
1015 4512 1113 4567 est
1183 4500 1575 4587 baptizatum
1618 4500 1953 4585 obsignari
2009 4500 2072 4566 in

533 4619 882 4705 Baptismo
950 4619 1185 4684 ethaeo
1224 4630 1323 4683 est
1354 4616 1595 4683 veritas
1644 4617 1944 4703 explicita
1996 4638 2075 4682 ex

535 4736 866 4822 Scriptura
907 4747 969 4801 et
1009 4734 1345 4801 Patribus⁴
1385 4739 1475 4799 An
1518 4746 1732 4800 autem
1780 4733 1924 4800 haec
1971 4734 2078 4799 ob·

538 4852 822 4937 signatio
920 4851 1081 4917 sacta
1156 4851 1240 4916 sit
1309 4850 1522 4936 ipsum
1593 4851 2079 4915 Sacramentum

541 4967 968 5056 susceptum?
998 4988 1078 5033 an
1110 4968 1380 5033 effectus
1410 4968 1639 5053 gratiae
1680 4966 2083 5033 sanctifican-

543 5085 650 5164 tis,
722 5097 916 5179 atque
973 5084 1179 5170 ipsius
1241 5082 1538 5169 justitiae,
1597 5103 1675 5148 an
1735 5104 1889 5148 vero
1966 5083 2087 5149 alia

550 5201 787 5278 forma,
833 5201 912 5265 de
953 5220 1077 5285 qua
1140 5219 1311 5264 nunc
1384 5198 1745 5285 loquimur;
1818 5220 1942 5265 non
2008 5200 2090 5264 ita

545 5315 859 5401 explicite
897 5315 1220 5380 declarant
1265 5317 1511 5391 Patres,
1576 5328 1637 5379 et
1704 5314 1825 5379 boc
1899 5334 2094 5379 sensu

546 5429 703 5496 dicit
744 5433 972 5494 Doctor
1029 5429 1188 5494 locis
1238 5449 1433 5515 supra
1468 5428 1680 5494 citatis
1723 5429 1888 5493 banc
1946 5449 2096 5515 pro—

556 5543 878 5611 bationem
964 5563 1090 5609 non
1176 5562 1322 5608 esse
1387 5543 1596 5629 quoad
1636 5542 1778 5609 haec
1834 5542 2099 5609 omnino

3607 386 3724 447 613

2179 559 2450 627 certam,
2506 548 2569 614 id
2603 561 2729 629 est,
2795 570 3176 635 expressam
3241 561 3304 614 et
3356 548 3742 614 convincen-

2179 674 2338 729 tem.

2265 781 2615 858 Caeterum,
2675 783 2896 846 Patres
2957 781 3319 847 intendisse
3390 781 3729 846 veritatem
3887 793 3969 845 23.

2176 893 2595 971 Catholicam‚
2677 916 2826 982 quae
2884 896 3230 962 traditione
3293 897 3726 963 conservaba-
3760 857 4089 992 etifsstssssn-

2174 1024 2301 1088 tur,
2341 1029 2466 1075 non
2508 1023 2607 1076 est
2647 1009 2943 1090 dubium,
2980 1026 3044 1079 et
3073 1013 3156 1078 ita
3192 1013 3576 1080 Scholastici
3609 1034 3720 1080 eos
3756 984 4086 1096 Ρξξῗῗᾷῗζῗξθ

2174 1123 2657 1203 intellexerunt,
2713 1125 2881 1192 sicut
2938 1138 2998 1192 et
3042 1140 3258 1192 noster
3305 1131 3560 1204 Doctor,
3610 1128 3721 1214 qui
3761 1106 4080 1221 ῗξζξξέξξῇξξ

2177 1238 2412 1303 asserit
2442 1241 2858 1306 auctoritates
2892 1240 3113 1325 plures
3145 1261 3370 1307 eorum
3420 1262 3550 1306 non
3582 1262 3729 1308 esse

2176 1374 2542 1440 expressaS,
2590 1368 2701 1420 aut
2730 1356 3194 1422 concludentes
3231 1378 3310 1422 ex
3347 1357 3551 1422 forma
3585 1378 3726 1423 ver·

2179 1476 2404 1543 borum
2484 1477 2811 1563 explicita,
2905 1498 3031 1543 non
3109 1491 3327 1544 autem
3404 1477 3726 1564 implicita

2181 1591 2535 1658 intentione
2568 1604 2630 1657 et
2689 1593 3034 1657 sententia.
3086 1591 3180 1657 Ad
3257 1593 3447 1679 cujus
3531 1591 3730 1658 intel-

2184 1708 2526 1774 lectionem
2580 1720 2643 1773 et
2721 1707 3179 1775 resolutionem
3248 1707 3719 1775 advertendum

2189 1839 2287 1892 est
2322 1826 2492 1915 quod
2527 1846 2721 1891 causa
2752 1837 2968 1892 sumat
3007 1825 3603 1892 denominationem
3656 1826 3734 1891 ab

2178 1942 2434 2022 effectu,
2479 1953 2543 2008 et
2577 1943 2858 2008 maxime
2911 1942 2974 2007 in
3018 1942 3209 2028 signo
3240 1955 3303 2007 et
3360 1941 3617 2028 signato
3669 1941 3729 2008 id

2177 2060 2576 2136 verificatur,
2622 2060 2775 2146 quia
2812 2059 3077 2145 signum
3115 2080 3230 2145 pro
3262 2059 3522 2145 signato
3569 2080 3729 2144 sup-

2179 2176 2382 2261 ponit¹¹
2432 2175 2703 2251 Quando
2734 2195 2892 2261 ergo
2927 2177 3145 2240 Patres
3196 2195 3309 2260 per
3395 2174 3726 2260 appellati-

2178 2313 2366 2357 onem
2446 2291 2754 2377 Baptismi
2806 2291 3154 2377 designant
3182 2290 3325 2377 ejus
3394 2289 3718 2372 effectum,
3779 2323 4076 2388 Baptismus

2179 2416 2249 2472 ut
2280 2404 2451 2492 quod
2486 2404 2566 2469 sit
2606 2405 3038 2483 illuminatio„
3084 2405 3330 2490 qratia,
3417 2407 3720 2491 signame-
3773 2402 4049 2498 diciffifsi-

2179 2522 2335 2600 lum,
2375 2533 2500 2586 etc.
2538 2510 2776 2585 locutio
2807 2533 2906 2586 est
2937 2521 3240 2600 causalis,
3279 2532 3342 2586 et
3366 2541 3524 2587 usus
3546 2521 3721 2608 signi
3754 2512 4022 2576 8¹¹⁸⁰¹¹¹¹¹¹¹¹
4054 2515 4074 2564 ἲ

2177 2634 2439 2720 practici
2476 2656 2591 2720 pro
2616 2655 2735 2701 suo
2779 2634 3062 2720 signam,
3142 2636 3311 2723 quod
3383 2655 3509 2701 non
3605 2636 3722 2701 ob-

2177 2770 2370 2816 scure
2421 2750 2724 2835 designat
2753 2751 3195 2818 Nazianzenus
3235 2750 3374 2816 loco
3414 2751 3717 2837 praefato:

2167 2865 2780 2956 Quemadmodum,
2847 2864 3082 2950 inquit,
3158 2866 3463 2930 Christus
3528 2866 3726 2950 liujus

2172 2983 2389 3060 dator,
2427 2982 2654 3046 multis
2675 3003 2752 3045 ac
2774 2980 3057 3046 diversis
3085 2981 3461 3047 nominibus
3491 2981 3718 3067 appel·
3754 3004 4065 3055 Nazianzen.

2177 3098 2378 3177 latur,
2455 3100 2552 3163 ita
2621 3100 2839 3185 ipsum
2896 3118 3149 3185 quoque
3222 3098 3470 3164 donum
3527 3100 3721 3164 varia
3777 3071 4067 3181 dengffiina-

2176 3217 2451 3281 nomina
2488 3216 2791 3292 sortitur,
2830 3215 2970 3280 sive
3018 3214 3093 3279 id
3149 3215 3341 3279 nobis
3372 3215 3450 3281 ob
3482 3217 3724 3281 miram
3807 3194 4023 3305 cadffilis

2181 3330 2539 3419 quamdam
2594 3332 2699 3396 rei
2730 3331 3033 3396 laetitiam
3073 3330 3357 3410 aecidat,
3395 3343 3524 3397 etc.
3585 3334 3725 3399 sive
3755 3320 3821 3369 ab
3848 3318 4044 3367 effectu.

2177 3447 2352 3535 quod
2408 3447 2766 3531 multiplex
2829 3446 3028 3531 liujus
3069 3445 3374 3528 beneficii
3430 3446 3715 3525 utilitas,

2178 3565 2423 3629 multas
2461 3583 2714 3649 quoque
2751 3562 3237 3647 appellationes
3274 3562 3463 3627 nobis
3523 3583 3724 3648 pepe-

2178 3680 2294 3758 rit,
2339 3692 2463 3745 etc.
2509 3678 2767 3742 utilitas
2804 3675 3108 3762 designat
3155 3674 3425 3742 effectus
3501 3676 3718 3763 Bapti-

2180 3794 2305 3861 smi
2356 3794 2421 3859 in
2479 3793 2720 3868 anima.
2775 3813 2902 3879 qua
2941 3801 3041 3858 est
3072 3791 3359 3858 medium
3421 3791 3497 3856 ad
3552 3791 3730 3858 salu-

2181 3921 2335 3989 tem,
2390 3930 2426 3975 a
2474 3909 2714 3998 quibus
2758 3907 3104 3993 multiplex
3153 3906 3501 3995 appellatio
3550 3908 3722 3974 sumi
3791 3932 3802 3951 ¹

2180 4038 2415 4112 potest.

2270 4157 2533 4226 Accedit
2601 4169 2919 4244 praeterea
2981 4177 3129 4222 cum
3174 4155 3526 4224 Donatistis
3594 4178 3722 4223 non
3757 4186 4068 4237 Controver-

2185 4275 2388 4341 l'uisse
2434 4274 2947 4340 controversiam
3023 4273 3398 4359 primariam
3460 4273 3539 4340 de
3578 4274 3727 4340 effe-
3814 4250 4025 4360 p,{}.{,m

2184 4402 2253 4458 tu
2329 4378 2636 4477 Baptismi
2699 4389 2847 4475 (illi
2908 4391 3082 4455 enim
3136 4410 3262 4455 non
3322 4388 3732 4456 affirmabant
3774 4388 4072 4488 Dorfaffrisstis.

2189 4507 2594 4594 Baptismum
2654 4508 2775 4572 rite
2826 4506 3132 4573 collatum
3197 4527 3387 4593 posse
3430 4505 3728 4592 iterari),

2189 4623 2303 4690 sed
2354 4623 2434 4689 de
2475 4622 2701 4688 valore
2753 4622 3086 4708 Baptismi,
3131 4643 3214 4688 an
3254 4621 3504 4689 scilicet
3563 4632 3737 4687 extra

2191 4751 2431 4804 sectam
2477 4735 2765 4816 illorum,
2811 4756 3006 4822 quam
3051 4736 3363 4822 putabant
3403 4734 3607 4801 solam
3641 4757 3741 4801 es-

2194 4875 2266 4920 se
2308 4851 2690 4931 Ecclesiam,
2751 4851 3066 4917 celebrari
3138 4851 3353 4917 valide
3401 4852 3630 4937 possit,
3678 4864 3747 4918 ut

2196 4969 2276 5034 ab
2353 4966 2712 5048 haereticiS,
2790 4967 2893 5033 vel
2964 4967 3158 5033 etiam
3251 4966 3751 5051 peccatoribus?

2206 5084 2370 5149 Hinc
2410 5086 2634 5149 Patres
2685 5096 2909 5149 contra
2960 5083 3138 5170 ipsos
3181 5082 3579 5149 definierunt
3620 5104 3750 5148 ma-

2205 5199 2413 5266 litiam
2458 5199 2744 5266 ministri
2777 5219 2906 5264 non
2955 5197 3269 5285 derogare
3309 5200 3748 5264 Sacramenta

2208 5327 2272 5382 et
2351 5314 2639 5381 validum
2709 5336 2853 5383 esse
2928 5314 2992 5380 in
3055 5313 3245 5393 fict03
3327 5314 3470 5380 sive
3536 5327 3752 5381 autem

2215 5441 2483 5498 utantur
2571 5430 3005 5517 appellatione
3074 5430 3497 5508 Sacramenti,
3584 5431 3754 5517 quod

2213 5556 2319 5613 est
2378 5544 2661 5630 signatio
2703 5543 3007 5623 visibilis,
3072 5563 3187 5631 per
3234 5564 3427 5630 quam
3486 5544 3632 5631 quis
3687 5544 3754 5609 fit
