4287 6313
493 448 611 511 358

485 612 1193 689 contaminationibus,
1282 611 1432 681 eto.
1524 611 1600 679 et
1687 608 1779 678 de
1868 607 2032 678 illis

495 729 870 816 quatuor,
908 725 1085 806 duo,
1124 724 1435 799 scilicet
1489 725 1897 797 abstinere
1940 724 2036 795 ab

491 839 950 914 idololatris
981 844 1063 914 et
1096 840 1664 923 fornicatione,
1691 850 1877 917 sunt
1908 853 2075 915 ne-'

492 957 966 1039 cessaria,et
993 957 1163 1030 ideo
1198 959 1667 1051 specialiter
1686 962 1802 1032 eis
1836 961 2038 1034 scri-

495 1075 768 1155 benda,
822 1075 1007 1166 quia
1076 1077 1166 1147 de
1233 1076 1395 1148 illis
1457 1083 1735 1168 gentes
1774 1078 2037 1150 minus

494 1192 1097 1265 curabant.Duo
1141 1193 1651 1276 alia‚scilicet
1686 1198 1889 1286 quod
1932 1200 2040 1264 ab·

495 1312 788 1376 scineant
846 1333 887 1376 a
942 1314 1270 1398 suffocato
1327 1316 1832 1400 etasanyuine‚
1880 1333 2041 1385 non

176 1418 297 1467 ΑΜ·
354 1417 435 1467 ¹5·
499 1429 736 1497 erant
777 1426 1267 1509 necessaria,
1307 1428 1434 1498 ses!
1472 1426 1664 1498 bone
1702 1448 2041 1519 congru-

498 1540 761 1623 ebant,
799 1545 886 1614 ut
928 1547 1207 1632 gentes
1250 1563 1664 1614 conversae
1706 1544 1803 1615 ab
1847 1544 2043 1636 ipsis

501 1653 1031 1732 abstinerent,
1102 1676 1200 1726 ne
1242 1664 1515 1731 essent
1557 1658 2044 1731 abominabi-

497 1770 614 1840 les
656 1771 952 1842 Judaeis
991 1796 1005 1852 3
1053 1770 1261 1844 sicut
1296 1772 1375 1842 in
1422 1773 1812 1847 societate
1852 1776 2048 1848 bene

210 1908 422 1979 Propter
504 1886 751 1966 decet,
809 1885 1010 1977 quod
1058 1885 1298 1958 homo
1345 1888 1747 1962 abstineat
1798 1909 1845 1960 a
1889 1890 2050 1980 qui-

159 1969 456 2082 8ῗὲἔῖἷέἕῖ
506 2001 839 2072 busdam
965 2023 1137 2093 quae
1215 2009 1401 2076 sunt
1479 2005 2053 2078 abominabilia

184 2093 481 2208 Ἶξῆῗζξῖξῖξθ
514 2117 781 2198 sociis,
855 2119 1041 2191 licet
1110 2140 1269 2190 non
1339 2123 1499 2196 sint
1571 2123 2056 2215 simpliciter

503 2234 835 2313 illicita3
873 2254 1070 2326 ergo
1097 2238 1526 2309 secundum
1564 2245 1876 2332 tempus
1915 2243 2060 2312 Ba-

509 2349 812 2440 ptismi,
886 2372 931 2421 a
1002 2352 1401 2445 principio
1474 2355 1594 2424 sui
1684 2357 2059 2429 totaliter

514 2463 700 2538 fecit
820 2467 1538 2540 Circumcisionem
1652 2470 2051 2552 illicitam,

513 2587 902 2672 quantum
945 2582 1038 2654 ad
1090 2587 1370 2674 gentes
1422 2603 1884 2671 conversas,
1932 2588 2056 2659 vel

515 2699 799 2769 saltem
846 2703 1028 2790 post
1079 2704 1396 2792 tempus
1445 2703 1670 2776 tertii
1717 2707 2058 2780 Concilii

513 2815 1082 2905 ,ierosolymis
1153 2818 1243 2887 de
1295 2839 1450 2909 quo
1500 2841 1707 2893 nunc
1750 2826 2058 2897 tactum

511 2932 661 3010 est,
705 2931 797 3002 de
868 2953 1020 3023 quo
1092 2932 1459 3006 seniores
1525 2938 2060 3013 decreverunt

511 3048 768 3138 legem
819 3068 975 3119 non
1019 3049 1307 3123 debere
1350 3051 1654 3143 imponi
1690 3055 2062 3145 gentibus

515 3165 934 3239 conversis
975 3167 1282 3239 decimo
1328 3174 1622 3260 quarto
1686 3172 1807 3243 vel
1865 3173 2063 3245 deci-

520 3303 650 3353 mo
723 3282 1002 3373 quinto
1073 3303 1281 3354 anno
1344 3290 1528 3376 post
1604 3289 2062 3379 passionem

521 3397 854 3473 Christi.

613 3511 759 3585 Sed
807 3517 1192 3603 quantum
1245 3516 1338 3587 ad
1381 3518 1700 3589 Judaeos
1735 3540 2065 3593 conver-

290 3659 372 3711 15,
524 3652 683 3713 SOS,
758 3629 1189 3702 secundum
1259 3636 1578 3724 tempus
1635 3635 2059 3727 Baptismi,

521 3766 666 3818 nec
716 3766 762 3817 a
813 3746 1216 3838 principio
1270 3749 1418 3829 sui,
1463 3768 1599 3819 nec
1651 3757 1832 3843 post
1870 3756 2067 3825 Con-

523 3861 802 3934 cilium
848 3860 1037 3933 illud
1071 3864 1407 3936 tertium
1452 3867 2061 3957 Apostolorum,

523 3976 871 4052 exclusit
949 3978 1275 4050 omnino
1347 3979 2067 4056 Circumcisionem

526 4098 910 4186 tanquam
969 4094 1369 4177 illicitam,
1434 4117 1578 4169 nec
1636 4097 1798 4169 alia
1868 4098 2070 4191 lega-

528 4211 659 4292 lia,
719 4211 850 4283 sed
909 4211 1168 4283 multo
1215 4214 1396 4302 post
1440 4217 1807 4303 tempore
1850 4213 2070 4288 licite

529 4347 612 4399 se
625 4327 1014 4399 rvabantu
1032 4347 1092 4397 r.

977 4703 1619 4772 COMMENTARIUS.

282 5033 396 5147 ᾗῇ,
615 5052 686 5135 (s)
744 5057 1063 5125 Quantum
1106 5072 1258 5133 erqo
1314 5061 1404 5120 ad
1461 5061 1653 5120 istum
1697 5064 2075 5136 articulum,

212 5164 475 5287 ffiffigffi
537 5176 661 5232 etc.
696 5173 838 5233 Duo
874 5177 1170 5251 tempora
1217 5176 1522 5252 Baptismi
1554 5177 1887 5241 discernit.
1941 5181 2070 5241 Pri·

538 5302 740 5357 mum,
787 5290 856 5346 ut
889 5292 1030 5348 erat
1072 5288 1195 5349 sub
1231 5290 1498 5352 consilio
1526 5311 1542 5365 ;
1576 5292 1970 5370 secundum,
2003 5302 2078 5358 ut

538 5406 679 5463 erat
704 5403 828 5464 sub
863 5412 1224 5483 praeceptO.
1266 5410 1628 5488 Utrumque
1659 5414 1920 5487 tempus
1966 5414 2076 5474 ad-

534 5523 801 5584 mittunt
857 5526 1293 5587 communiter
1330 5528 1671 5607 Theologi,
1729 5530 1846 5591 sed
1919 5548 2067 5591 con-

541 5640 850 5705 troversia
920 5645 1042 5717 est,
1118 5644 1382 5724 quando
1453 5643 1574 5708 fuit
1661 5650 2079 5710 terminatum

1623 449 1770 511 LIB.
1804 450 1905 509 lv.
1939 447 2540 512 SENTEN'HARUM

2153 615 2416 687 tempus
2447 612 2752 688 primum,
2802 598 2935 690 quo*
2973 614 3341 690 Baptismus
3386 617 3526 673 erat
3566 605 3704 674 sub'

2152 727 2444 801 consili0,
2480 734 2547 788 et
2594 728 2858 806 quando
2906 730 3151 806 incepit
3182 745 3328 790 esse
3375 731 3496 791 sub
3529 746 3690 807 prae-

2152 848 2345 919 cepto
2376 863 2390 914 ;
2421 843 2592 905 inter
2630 844 2762 905 haec
2796 846 3066 906 enimin
3115 862 3188 906 re
3220 862 3352 906 non
3382 844 3505 906 fuit
3552 862 3697 906 me-

2153 957 2333 1020 dium
2390 962 2650 1036 tempus
2709 976 2786 1021 ex
2863 964 3092 1022 natura
3156 961 3274 1035 rei,
3360 963 3699 1038 supposita

2153 1073 2554 1135 institutione
2612 1076 2943 1151 Baptismi,
3001 1082 3073 1137 ut
3156 1075 3422 1137 duraret
3481 1090 3696 1153 usque

2153 1187 2239 1250 ad
2269 1187 2466 1250 finem
2499 1191 2748 1263 mundi,
2783 1192 2951 1252 sicut
2995 1193 3099 1255 lex
3141 1209 3331 1266 nova,
3377 1192 3567 1272 cujus
3598 1197 3700 1255 est

2158 1279 2492 1384 proprium
2536 1308 3051 1383 Sacramentum,
3084 1311 3177 1370 sic
3217 1312 3318 1370 est
3362 1307 3693 1370 duratura.

2156 1426 2300 1483 Non
2345 1422 2675 1501 obligasse
2721 1425 3121 1500 Baptismum
3151 1440 3364 1503 usque
3394 1423 3478 1484 ad
3525 1440 3696 1485 mor·
3822 1470 3936 1518 Non

2161 1544 2292 1599 tem
2324 1537 2578 1611 Christi,
2626 1543 2724 1598 est
2776 1540 3141 1601 communis
3183 1543 3509 1601 sententia
3536 1539 3699 1600 The·
3776 1532 4020 1594 ⁰b¹58¹¹⁹¹t

3732 1592 4021 1658 Baptismus

2160 1654 2499 1731 ologorum
2536 1672 2550 1713 ε
2599 1669 2679 1714 an
2712 1659 2934 1715 aulem
2966 1660 3113 1732 post
3139 1661 3420 1716 mortem
3458 1655 3695 1726 statim,
3759 1654 4023 1766 uffrffffiessd

2164 1773 2231 1830 et
2297 1773 2449 1831 ante
2521 1769 2975 1845 Pentecosten,
3058 1775 3159 1831 est
3236 1772 3698 1833 controversia.
3785 1779 3998 1863 Chgisii.

2164 1887 2236 1945 D.
2307 1885 2587 1946 Thomas
2658 1888 2892 1948 asserit
2931 1888 2995 1946 in
3055 1894 3288 1958 morte,
3361 1904 3482 1950 seu
3556 1845 3807 1966 postD'
3865 1844 4040 1892 thom.

2165 2007 2448 2064 mortem
2504 2000 2755 2071 Christi,
2813 2000 3145 2079 obligasse
3190 2004 3589 2079 Baptismum
3637 2006 3704 2064 in

2167 2119 2225 2179 4.
2262 2119 2405 2179 ἀίει.
2447 2118 2504 2176 2.
2554 2120 2769 2192 quaest.
2809 2118 2862 2177 l.
2897 2121 3023 2176 arc.
3056 2117 3117 2179 4.
3150 2119 3616 2193 quaestiuncula
3646 2120 3704 2181 3.

2170 2240 2226 2296 ct
2269 2238 2414 2296 disc.
2456 2236 2513 2296 3.
2566 2239 2784 2309 quaesc.
2843 2235 2893 2292 l.
2956 2241 3082 2295 arc.
3133 2237 3193 2297 5.
3247 2237 3714 2310 quaeslitmcula

2169 2351 2227 2410 3.
2264 2356 2319 2409 et
2347 2349 2406 2410 3.
2463 2353 2640 2425 part.
2697 2356 2916 2424 quaest.
2963 2349 3060 2411 66.
3097 2356 3222 2410 art.
3268 2353 3329 2412 7.
3373 2366 3574 2429 quem
3603 2365 3708 2412 se-

2170 2467 2389 2544 quitur
2430 2463 2785 2526 Richardus
2817 2467 2960 2526 dist.
3014 2467 3064 2527 l.
3103 2474 3319 2543 quaesc.
3353 2469 3415 2530 6.
3461 2467 3713 2528 Duran·
3765 2443 3768 2444 ⁷

3744 2646 4051 2700 RicharduS.

2172 2592 2295 2653 dus
2339 2595 2554 2668 quoest.
2613 2592 2672 2652 9.
2733 2591 2881 2652 Soto
2940 2608 3142 2668 supra
3218 2595 3465 2666 citatus,
3546 2610 3713 2672 quos

3753 2711 4050 2762 Durandns.

2172 2714 2395 2790 plures
2439 2712 2629 2773 etiam
2662 2711 2962 2774 moderni
2991 2729 3186 2791 supra
3219 2719 3607 2792 sequuntur.
3815 2775 3961 2823 som·

2205 2829 2655 2892 .Contrariam
2729 2830 3115 2892 sententiam
3197 2837 3425 2892 tractat
3474 2831 3713 2894 Doctor
3774 2798 4039 2887 Sentessim

2171 2948 2504 3024 hic,que1n
2537 2953 2904 3023 sequuntur
2929 2947 3165 3023 reliqui
3198 2949 3342 3026 ejus
3374 2947 3709 3026 discipuli;
3749 2898 4054 3017 ΙᾨῨοὲὲξιῖν.

2176 3067 2275 3124 est
2318 3064 2393 3122 D.
2428 3063 2896 3124 Bonaventurae
2923 3064 2990 3122 in
3018 3063 3141 3122 hac
3182 3065 3323 3126 disc.
3359 3067 3417 3125 2.
3444 3083 3514 3141 p.
3567 3067 3710 3126 dist.
3759 3028 4031 3143 Αᾶἷξῖξζᾎζῗ

2175 3185 2390 3256 quaesc.
2464 3180 2524 3239 2.
2596 3179 2918 3240 Aureolus
2976 3188 3191 3256 quaest.
3264 3184 3326 3242 4.
3406 3182 3716 3245 Rubionis
3798 3156 4026 3269 1ζῖξὲξᾷ

2177 3296 2471 3373 quaest.3.
2500 3300 2625 3355 arc.
2659 3295 3045 3357 2.Gabrielis
3083 3300 3147 3359 d.
3189 3299 3240 3358 l.
3275 3315 3335 3374 q.
3370 3300 3427 3359 4.
3456 3299 3716 3361 Suarez.

2177 3421 2329 3474 tom.
2386 3413 2444 3473 3.
2496 3412 2565 3475 in
2615 3414 2673 3472 3.
2722 3419 2913 3490 parte
2977 3414 3139 3489 disp.
3191 3415 3291 3475 27.
3334 3422 3480 3476 sect.
3540 3419 3600 3475 4.
3647 3419 3723 3476 de

2178 3532 2300 3608 leq.
2336 3533 2446 3593 lib.
2504 3533 2596 3594 10.
2638 3550 2780 3609 cap.
2832 3532 2890 3592 4.
2941 3531 3193 3593 citantis
3262 3529 3421 3591 alios
3488 3529 3552 3590 in
3584 3528 3723 3606 ejus

2175 3648 2488 3711 favorem.
2551 3651 2622 3710 Et
2678 3650 2844 3708 hanc
2888 3649 3279 3708 sententiam
3354 3654 3724 3726 sequuntur
3822 3688 3825 3692 ι

2179 3767 2427 3841 PatreS,
2461 3767 2572 3842 qui
2605 3770 2851 3844 negant
2882 3763 3100 3825 datam
3134 3779 3280 3824 esse
3308 3764 3572 3827 formam
3599 3766 3719 3826 Ba-

2182 3883 2399 3959 ptismi
2429 3888 2578 3942 ante
2613 3881 2881 3941 Matthaei
2911 3881 3234 3953 ultimum,
3284 3886 3356 3940 ut
3386 3882 3510 3941 Leo
3544 3882 3719 3958 Papa

2184 4005 2249 4060 et
2279 3998 2407 4071 alii,
2441 4013 2607 4076 quos
2638 4013 2836 4073 supra
2882 3996 3243 4071 citavimus,
3296 4011 3493 4074 quam
3541 4003 3727 4058 tenet

2185 4121 2382 4179 etiam
2439 4117 2622 4193 llugo
2688 4115 2828 4192 jam
2883 4115 3140 4187 citatuS,
3202 4114 3351 4191 quia
3422 4114 3725 4175 instituti·

2184 4247 2381 4294 onem
2412 4229 2850 4309 universalem
2895 4229 3203 4305 Baptismi
3233 4227 3317 4289 ad
3362 4226 3522 4290 illud
3570 4234 3728 4291 tem-

2184 4365 2309 4428 pus
2339 4347 2558 4420 refert,
2605 4347 2827 4422 ibique
2857 4346 3095 4407 factam
3142 4343 3361 4406 docet.

2265 4465 2602 4535 Probatur,
2678 4463 2826 4539 quia
2894 4460 3267 4537 Baptismus
3339 4477 3470 4521 non
3541 4461 3733 4521 aliter
3874 4473 3955 4545 40.

2183 4581 2303 4643 fuit
2333 4580 2616 4641 indictus
2645 4587 2794 4655 post
2841 4583 3147 4649 mortem,
3201 4584 3312 4639 aut
3360 4593 3479 4655 per
3520 4579 3729 4656 ipsam
3759 4537 4077 4669 Βῧρξζὲἷῖωω

2186 4706 2466 4762 mortem
2498 4699 2747 4767 Christi,
2799 4702 2865 4759 et
2901 4697 3477 4768 resurrectionem,
3532 4712 3731 4774 quam
3788 4661 4051 4787 υζᾞᾷξθῗῗ

2187 4820 2399 4881 fuerat
2430 4817 2625 4877 datus
2654 4820 2808 4876 ante
2850 4819 3148 4888 mortem,
3190 4813 3310 4875 sed
3362 4819 3513 4875 ante
3560 4829 3726 4874 mor·
3760 4785 4080 4898 difssosfgf‘

2191 4941 2320 4997 tem
2354 4933 2471 4996 fuit
2500 4934 2621 4994 sub
2669 4931 2936 4995 consilio
2977 4936 3255 5006 tantum,
3305 4935 3372 4992 et
3428 4946 3561 4992 non
3605 4932 3728 4993 sub

2191 5056 2556 5131 praecepl03
2612 5065 2769 5128 ergo
2823 5052 2883 5108 el
2937 5048 3192 5125 reliquo
3255 5052 3573 5125 tempore.
3622 5049 3730 5109 Se·

2193 5169 2433 5238 cund0,
2469 5166 2617 5245 quia
2650 5166 2757 5226 lex
2787 5182 2954 5225 nova
2986 5180 3119 5226 non
3165 5164 3361 5241 coepit
3411 5166 3731 5244 obligare,

2190 5287 2356 5347 sicut
2385 5299 2605 5362 neque
2649 5283 2780 5343 ulla
2811 5281 2912 5342 lex
2945 5286 3097 5342 ante
3132 5280 3734 5359 promulgationem

2189 5402 2524 5481 Baptismi,
2596 5415 2816 5478 neque
2869 5399 2935 5459 in
2993 5400 3133 5475 ipsa
3211 5403 3444 5466 morte,
3511 5413 3728 5474 neque

3756 3924 3857 3973 Leo
3903 3923 4037 3987 Papa
4052 3959 4065 3971 .

2193 5531 2341 5605 post
2370 5530 2640 5586 mortem
2669 5542 2683 5593 ;
2717 5522 2874 5584 licet
2918 5521 3143 5582 datum
3191 5520 3274 5579 sit
3329 5525 3729 5595 praeceptum

2193 5645 2337 5724 ejus
2380 5643 2729 5704 novissime
2779 5645 2931 5704 ante
2989 5640 3469 5713 ascensionem,
3512 5644 3726 5699 tamen
