4287 6313
652 425 771 487 524

648 609 866 658 smum
908 592 1236 674 collatum,
1288 614 1418 661 non
1460 606 1560 662 est
1599 595 1935 662 sufficiens
1966 593 2194 681 regula

646 707 981 796 operandi,
1024 724 1140 777 aut
1169 711 1612 799 suspendendi
1646 734 1838 799 opus,
1876 711 2046 799 quod
2091 722 2192 777 est

646 827 712 893 in
755 840 1104 914 praeceptO,
1145 829 1326 895 verbi
1384 830 1621 916 gratia,
1659 830 1714 897 si
1758 830 2191 917 scrupulosus

647 965 778 1010 non
809 944 1035 1012 recitet
1066 944 1493 1025 officium,‘ad
1535 947 1702 1034 quod
1737 967 1817 1013 ex
1860 959 2192 1033 praecepto

644 1072 930 1138 tenetur,
979 1081 1059 1126 ex
1098 1080 1171 1126 ea
1212 1060 1654 1147 suspicatione
1687 1082 1813 1147 qua
1845 1060 2030 1127 timet
2058 1060 2191 1130 dis-

646 1178 926 1258 tractim,
973 1193 1035 1248 et
1065 1181 1207 1248 sine
1236 1186 1616 1265 attentione,
1671 1197 1781 1253 aut
1823 1182 2195 1251 reverentia

644 1294 859 1362 debita
897 1319 968 1363 se
1007 1298 1333 1367 dicturum
1374 1300 1686 1383 officium,
1728 1314 1795 1367 ut
1846 1301 2037 1368 debet
2111 1319 2194 1366 ex

648 1426 970 1499 praecepto
1038 1415 1401 1503 religionis,
1476 1431 1759 1504 peccat;
1833 1419 1928 1485 sic
1995 1421 2190 1487 etiam

647 1528 975 1616 obligatus
1007 1530 1085 1596 ad
1119 1533 1448 1620 jejunium
1480 1555 1610 1601 non
1689 1548 2040 1602 excusatur
2109 1557 2190 1602 ex

649 1644 776 1711 levi
851 1647 1247 1732 suspicione,
1319 1670 1513 1736 quam
1601 1651 1797 1717 habet
1863 1653 2191 1740 jejunium

654 1761 1021 1828 nociturum
1064 1763 1323 1829 sanitati
1365 1766 1708 1852 corporali.
1745 1768 1814 1831 ln
1862 1767 2196 1854 proposito

344 1948 605 2004 Praesm'n-
655 1888 868 1942 autem
911 1878 1006 1944 sic
1054 1880 1400 1968 contingit,
1472 1882 1622 1968 quia
1672 1882 1960 1969 suspicio
2031 1883 2195 1949 levis

414 2017 520 2089 ptio
658 1993 736 2058 de
779 2006 985 2060 morte
1023 2017 1224 2081 puero
1275 1996 1633 2077 inferenda,
1680 1999 1849 2067 sicut
1911 2021 2037 2065 non
2094 2014 2195 2067 est

313 2078 637 2196 33:¹⁵8&ng
662 2109 887 2195 regula
934 2111 1244 2197 operandi
1289 2113 1607 2199 proxima,
1632 2115 1725 2181 sic
1756 2135 1882 2181 non
1924 2126 2195 2182 excusat

370 2215 564 2324 Jeffi‘ffg·
660 2227 1062 2295 omittentem
1108 2242 1504 2317 praeceptum
1563 2231 1858 2298 divinum
1902 2244 1964 2299 et
2003 2244 2194 2299 natu-

658 2341 812 2423 rale,
858 2365 985 2431 qua
1015 2358 1272 2413 tenetur
1302 2345 1647 2433 providere
1688 2348 1879 2413 saluti
1924 2347 2194 2417 infantis

656 2460 1028 2528 moribundi
1104 2462 1205 2555 ³¹¹,
1237 2462 1343 2529 illa
1414 2464 1838 2543 necessitate3
1911 2464 2197 2552 suscipio

652 2577 827 2642 enim
879 2577 985 2643 illa
1034 2579 1420 2666 concipitur,
1465 2581 1568 2646 vel
1623 2601 1702 2647 ex
1750 2580 1967 2647 causis
2019 2602 2192 2647 mor·

654 2694 737 2759 tis
769 2714 897 2759 non
937 2695 1476 2778 subsistentibus,
1522 2697 1626 2763 vel
1669 2696 1856 2764 valde
1897 2698 2190 2778 remotiS,

651 2810 754 2876 vel
813 2831 960 2897 quae
1029 2811 1380 2897 praeveniri
1462 2811 1646 2879 facile
1717 2825 2014 2899 possunt,
2088 2813 2194 2880 vel

657 2923 1026 2994 inefficaces
1146 2939 1303 2995 sunt
1404 2928 1481 2994 ad
1567 2928 1749 2995 illum
1858 2929 2185 3011 effectum,

651 3042 930 3132 ideoque
971 3065 1098 3110 non
1141 3057 1455 3112 excusant
1514 3067 1550 3112 a
1609 3059 1933 3133 praecepto
1990 3047 2195 3134 bapti-

652 3161 862 3240 zandi,
915 3161 1068 3248 quia
1143 3182 1354 3250 neque
1408 3163 1735 3251 applicant
1796 3176 2193 3250 praeceptum

652 3279 731 3345 de
788 3280 1137 3359 contrario,
1186 3281 1371 3346 verbi
1437 3282 1672 3368 gratia,
1726 3303 1858 3348 non
1913 3283 2190 3361 occider,

651 3417 727 3461 eo
779 3396 969 3461 modo
1038 3407 1101 3462 et
1165 3396 1581 3480 sufficientia,
1627 3420 1753 3488 qua
1813 3412 1911 3467 est
1967 3400 2195 3488 regula

652 3511 968 3579 inducens
1041 3511 1509 3600 obligationem
1570 3515 1633 3581 in
1697 3516 1816 3582 bac
1897 3518 2189 3598 materia,

653 3628 804 3716 quia
844 3629 921 3695 ad
963 3629 1087 3697 hoc
1134 3631 1490 3719 requiritur
1526 3632 1848 3720 judicium
1890 3633 2194 3702 determi-

652 3759 900 3813 natum.

742 3866 1067 3940 Quantum
1134 3864 1212 3931 ad
1292 3868 1827 3936 irracionabilem
1878 3891 2194 3956 prcesum-

325 3984 598 4061 lrmubna-
650 3979 964 4063 ptionem,
1004 4000 1151 4065 quae
1213 3981 1361 4047 l'acit
1410 3980 1732 4069 judicium
1800 3981 2194 4050 determina·

348 4072 624 4186 uidbssnsticit.
652 4104 789 4158 tum
832 4104 895 4160 et
934 4094 1401 4163 conscientiam
1442 4117 1808 4178 erroneam,
1846 4100 2197 4186 respondet

333 4201 599 4311 oesffiffi}
650 4229 797 4276 eum
841 4231 986 4278 esse
1028 4212 1433 4300 perplexum,
1480 4235 1608 4280 non
1642 4237 1715 4281 ex
1758 4215 1899 4303 lege
1943 4215 2188 4295 divina,

341 4325 600 4436 ”gffiffint
651 4328 802 4418 quia
862 4328 1076 4416 reipsa
1133 4348 1260 4396 non
1319 4344 1741 4410 concurrunt,
1789 4353 1999 4421 neque
2059 4333 2187 4414 hic,

344 4453 590 4519 obligare.
652 4465 863 4533 neque
908 4445 973 4512 in
1017 4445 1141 4512 alia
1173 4447 1463 4528 materia,
1503 4447 1627 4515 duo
1660 4462 1984 4537 praecepta
2024 4449 2191 4539 legis

649 4562 895 4630 divinae
956 4564 1302 4644 contraria,
1365 4578 1679 4653 quantum
1750 4565 1827 4632 ad
1888 4567 2188 4655 obligati-

646 4700 838 4751 onem
874 4702 1183 4769 unquam,
1225 4681 1325 4748 vel
1359 4682 1423 4749 in
1466 4681 1616 4748 ullis
1645 4682 2182 4763 circumstantiiS,

644 4801 796 4888 quia
836 4798 930 4866 sic
969 4811 1138 4866 esset
1193 4798 1618 4885 impossibilis
1675 4820 1898 4866 eorum
1969 4801 2189 4869 obser-

640 4917 861 4984 vantia
920 4928 1143 4984 contra
1197 4917 1493 4984 Trident.
1554 4940 1707 4985 scsS.
1753 4921 1818 4987 6.
1864 4941 2008 5006 cap.
2076 4924 2182 4988 11.

641 5052 790 5097 can.
858 5035 963 5099 18.
1036 5030 1187 5119 quia
1256 5031 1473 5097 minus
1557 5032 1726 5099 cedit
1812 5034 2064 5122 majori,
2130 5035 2185 5101 si

643 5148 775 5214 sint
806 5147 1214 5214 diversarum
1248 5149 1590 5229 virtutum,
1627 5149 1729 5215 vel
1762 5149 1815 5214 si
1860 5149 2179 5237 ejusdem,

645 5272 1006 5342 secundum
1070 5267 1405 5335 diversum
1482 5266 1801 5348 ordinem,
1848 5290 1976 5358 quo
2046 5271 2184 5358 ipsa

1804 432 1949 496 [ΑΒ.
1996 433 2092 495 Ν.
2130 432 2729 497 SENTENTIARUM

2303 594 2515 661 virtus
2546 595 2875 683 sequenda
2928 606 3064 674 est;
3108 593 3210 661 vel
3252 591 3535 677 denique
3574 608 3656 653 ex
3694 586 3847 652 sub·

2302 711 2711 779 ordinatione
2760 712 2840 779 ad
2893 713 3198 791 invicem,
3262 709 3430 776 sicut
3488 706 3842 793 positivum

2301 831 2764 898 subordinatur
2840 830 3162 908 naturali;
3247 839 3345 894 est
3408 837 3624 892 tamen
3695 844 3843 911 per-

2300 948 2530 1036 plexus
2562 971 2641 1016 ex
2674 949 2946 1016 scientia
2978 949 3076 1015 vel
3113 946 3511 1014 conscientia
3542 961 3836 1019 erronea,

2300 1086 2375 1133 ac
2404 1065 2678 1152 proinde
2710 1078 2954 1152 peccat,
2992 1065 3044 1132 si
3078 1063 3358 1138 omittat,
3394 1060 3546 1151 quia
3570 1079 3699 1126 non
3731 1058 3842 1124 ha·
3890 1041 4174 1154 sceggnlo-

2303 1180 2410 1247 bet
2450 1181 2883 1268 ignorantiam
2946 1178 3418 1258 invincibilem,
3473 1188 3586 1243 aut
3630 1176 3842 1262 impo-
3872 1164 4184 1296 pgffiffffiss·

2303 1296 2571 1363 tentiam
2612 1295 3002 1363 observandi
3054 1305 3454 1381 praeceptum
3516 1290 3846 1377 baptizan-

2305 1414 2393 1480 di.
2431 1416 2656 1480 Peccat
2699 1413 2894 1480 etiam
2934 1412 2988 1478 si
3030 1410 3335 1498 baptizat,
3369 1408 3521 1497 quia
3581 1418 3845 1474 tenetur

2307 1550 2433 1596 non
2503 1529 2757 1615 operari
2835 1540 3056 1596 contra
3113 1525 3606 1605 conscientiam,
3644 1524 3842 1590 etiam

2304 1665 2669 1722 erroneam,
2711 1646 2862 1733 quia
2892 1645 2987 1711 sic
3024 1643 3378 1728 operandO,
3424 1655 3488 1709 et
3527 1641 3843 1730 judicans

2305 1759 2731 1826 determinate
2797 1781 2868 1826 se
2926 1761 3139 1827 facere
3188 1771 3410 1825 contra
3443 1766 3843 1845 praeceptum

2306 1882 2441 1961 Dei,
2477 1893 2578 1948 est
2636 1893 3047 1968 contemptor
3092 1881 3429 1968 praecepti,
3487 1878 3844 1946 secundum

2302 2020 2556 2067 omneS.
2594 1999 2762 2077 Quid
2818 2020 2977 2086 ergo
3029 1996 3426 2086 agendum?
3476 1998 3847 2084 Respondet

2305 2119 2539 2181 Doctor
2595 2135 2740 2181 esse
2826 2113 3301 2200 deponendam,
3368 2133 3517 2200 quae
3554 2110 3846 2179 doctrina
3961 2150 4130 2200 Debet

3949 2209 4162 2281 deponi·

2304 2242 2401 2296 est
2430 2230 2823 2309 communis,
2861 2230 3010 2316 quia
3050 2250 3177 2295 non
3229 2228 3414 2316 ligat,
3461 2228 3584 2294 nisi
3616 2247 3847 2316 quarn-

2306 2344 2415 2411 diu
2469 2357 2570 2410 est
2616 2365 2697 2411 ex
2739 2344 3189 2431 suppositione
3259 2343 3636 2425 credentiae,
3725 2363 3849 2429 qua

2304 2460 2729 2528 determinate
2801 2470 2982 2548 putat
3048 2481 3118 2527 se
3209 2459 3486 2546 obligari
3520 2468 3845 2544 praecepto

2304 2576 2550 2655 divine,
2626 2594 2688 2645 et
2748 2577 3033 2644 ostendit
3108 2576 3368 2644 modum
3452 2597 3580 2664 quo
3615 2574 3850 2663 deponi

2306 2706 2516 2782 potest
2554 2716 2634 2761 ex
2665 2694 3189 2761 consideratione
3221 2694 3340 2772 rei,
3385 2694 3537 2781 quia
3596 2694 3849 2759 fatuum

2304 2822 2404 2877 est
2464 2823 2691 2897 putare
2748 2832 2830 2877 ex
2891 2809 3142 2877 modica
3212 2831 3402 2899 aqua,
3460 2830 3586 2897 qua
3637 2808 3852 2874 infans

2304 2929 2594 3017 tangitur
2627 2928 3006 3015 baptizando
3047 2928 3287 3014 ipsum,
3317 2927 3543 2994 inferri
3579 2938 3850 2993 mortem
3875 3004 3892 3017 .

2306 3045 2409 3112 vel
2467 3045 2661 3112 etiam
2712 3046 3082 3129 accelerari,
3138 3046 3289 3133 quia
3359 3066 3477 3112 nec
3545 3066 3626 3111 ex
3678 3044 3850 3132 prin-

2305 3162 2492 3248 cipiis
2543 3174 2814 3242 naturae,
2889 3174 3000 3228 aut
3044 3162 3173 3229 ulla
3206 3163 3414 3250 praxi,
3488 3173 3599 3228 aut
3674 3173 3847 3228 statu

2306 3278 2575 3346 infantis
2643 3278 2707 3346 id
2773 3279 3127 3367 colligitur,
3190 3301 3340 3346 cum
3404 3292 3466 3346 et
3570 3278 3848 3345 infantes

2302 3396 2640 3464 tenerrimi
2672 3395 2865 3463 etiam
2896 3417 3097 3464 causa
3138 3395 3372 3464 salutis
3413 3416 3583 3484 aqua
3631 3395 3846 3483 tepida

2303 3514 2686 3581 abluantur.

2393 3629 2515 3698 Sed
2585 3630 2741 3717 quid
2799 3630 2855 3696 si
2915 3630 3064 3702 talis
3133 3650 3263 3696 non
3306 3628 3639 3716 deponens
3694 3650 3846 3697 con·

2306 3745 2646 3813 scientiam
2726 3735 3028 3834 baptizet,
3103 3746 3315 3813 eritne
3378 3746 3761 3833 irregularis
3810 3745 3843 3811 ἱ)

2304 3862 2675 3952 Respondet
2708 3884 2834 3930 non
2889 3883 3035 3930 esse
3092 3863 3549 3950 irregularem,
3612 3861 3725 3929 sed
3774 3883 3849 3929 se

2302 3979 2539 4047 debere
2577 4001 2807 4067 gerere
2838 3991 2909 4047 ut
2961 3980 3414 4067 irregularem,
3478 3978 3684 4047 donec
3731 3978 3846 4045 de-

2307 4108 2498 4185 ponat
2532 4118 2845 4164 errorem.
2885 4099 3037 4164 llaec
3087 4097 3406 4185 principia
3490 4098 3847 4184 plurimum

2305 4213 2645 4280 advertant
2699 4212 3065 4300 scrupulosi
3125 4214 3190 4279 in
3223 4213 3566 4301 quibusvis
3590 4215 3855 4282 materi-

2306 4328 2386 4409 is,
2421 4329 2572 4417 quia
2606 4329 2728 4415 ipsi
2762 4329 2887 4396 sibi
2915 4329 3117 4396 nodos
3152 4340 3214 4396 et
3247 4328 3513 4418 laqueos
3554 4330 3853 4419 alligant,

2302 4458 2674 4534 quaerentes
2733 4467 2956 4532 pacem
2991 4445 3436 4527 conscientiae,
3474 4447 3847 4528 destruunt,

2301 4562 2366 4630 in
2428 4566 2566 4651 ipsa
2629 4565 2987 4633 meridiana
3039 4566 3183 4633 luce
3223 4566 3408 4652 quasi
3471 4565 3549 4633 ad
3585 4566 3851 4633 umbras

2296 4683 2633 4771 caligant3
2710 4682 2882 4750 unde
2931 4683 2986 4749 si
3020 4703 3246 4769 pacem
3305 4693 3629 4770 quaerant,
3693 4684 3851 4750 obe-

2299 4796 2479 4866 diant
2510 4797 2653 4864 aliis
2676 4798 3127 4884 spiritualibus
3175 4811 3239 4865 et
3260 4796 3493 4880 doctis,
3538 4799 3676 4866 suis
3714 4798 3849 4865 chi-

2300 4915 2546 4998 maeris,
2585 4937 2746 5004 quas
2799 4916 3036 4983 humor
3086 4916 3596 4984 melancholicus
3664 4917 3847 5006 inge·

2298 5044 2508 5113 nerat,
2546 5054 2675 5100 non
2709 5033 2993 5113 subsint,
3031 5043 3094 5100 et
3126 5034 3251 5101 sibi
3282 5033 3658 5102 diffidentes
3692 5057 3847 5124 qua-

2297 5150 2352 5216 si
2394 5149 2470 5217 ad
2515 5171 2746 5218 manus
2777 5149 3051 5218 aliorum
3083 5150 3484 5220 directorum
3511 5152 3842 5238 incedant,

2297 5270 2506 5339 donec
2550 5269 2774 5338 videre
2817 5272 3156 5359 incipiant.

3879 2275 4195 2324 conscientia

3922 2351 4164 2388 erronea.
