4287 6313
1612 408 1807 471 DlS'l'.
1855 408 1900 470 l.
1947 404 2308 483 QUAEs'rlo
2357 412 2402 475 l.
3566 433 3642 497 63

428 564 862 637 determinata
889 580 954 638 et
985 573 1377 652 necessaria,
1423 584 1487 639 et
1519 571 1771 639 nullum
1807 571 1975 657 pati·
2020 614 2027 621 -

426 705 549 752 ens
579 686 1146 773 impedimentum,
1190 701 1254 758 et
1284 711 1321 756 a
1361 690 1539 758 nullo
1570 690 1971 778 dependenS,

432 807 504 863 ut
534 798 696 866 dixi.

518 915 762 982 Deinde
826 931 1050 1006 ageret
1135 921 1762 1009 imperceptibiliter,
1825 942 1974 991 cum

425 1043 654 1119 ageret
717 1034 973 1102 actione
1028 1047 1409 1106 transeunte
1456 1051 1640 1107 extra
1678 1040 1976 1127 supposi-

423 1160 592 1229 tum,
626 1150 772 1218 sine
801 1151 932 1219 ulla
981 1156 1340 1222 mutatione
1388 1156 1635 1243 praevia
1675 1158 1976 1245 supposi-

422 1263 473 1329 ti
533 1267 600 1330 in
632 1287 763 1353 quo
800 1279 997 1351 esset,
1054 1290 1264 1360 neque
1294 1272 1478 1359 prius
1517 1293 1676 1361 ergo
1714 1273 1975 1341 videre-

419 1393 534 1448 tur
572 1381 859 1451 fiendum
901 1407 1094 1474 quam
1130 1387 1405 1468 sactum;
1443 1390 1787 1478 principia,
1827 1411 1993 1479 quae⁴

423 1497 1031 1586 imperceptibiliter
1068 1515 1276 1589 agunt
1326 1503 1392 1571 in
1434 1506 1776 1593 supposito
1843 1527 1973 1573 non

420 1614 705 1681 subsunt
734 1616 1074 1697 voluntati,
1123 1639 1335 1708 neque
1375 1619 1755 1689 intellectui.

511 1732 758 1800 Deinde
814 1735 1140 1817 voluntaS,
1214 1739 1518 1824 quamvis
1579 1740 1750 1807 inter
1814 1740 1974 1808 alias

417 1849 754 1916 naturales
790 1853 1109 1937 potentias
1142 1855 1373 1921 babeat
1403 1854 1793 1938 dominium,
1843 1878 1969 1924 non

417 1979 809 2052 sequeretur
839 1970 1009 2055 quod
1044 1971 1110 2036 in
1143 1971 1315 2038 illam
1351 1993 1499 2059 quae
1529 1987 1628 2040 est
1660 1996 1970 2062 superna-

416 2081 652 2149 turalis
718 2095 783 2149 et
839 2085 1052 2169 potior
1109 2085 1245 2172 ipsa
1321 2088 1683 2169 voluntate,
1758 2089 1973 2158 domi-

420 2196 606 2262 nium
639 2190 930 2279 haberet,
969 2202 1118 2287 quia
1151 2222 1232 2268 ex
1274 2215 1502 2270 natura
1533 2225 1652 2271 sua
1683 2205 1808 2292 ipsi
1843 2228 1972 2274 non

416 2314 984 2399 subordinaretur,
1047 2340 1196 2386 cum
1238 2319 1490 2387 nullum
1547 2323 1625 2388 ad
1668 2343 1807 2389 eam
1858 2345 1975 2411 per

416 2452 489 2497 se
539 2432 783 2501 diceret
821 2437 1118 2504 ordinem
1159 2459 1241 2504 ex
1290 2439 1481 2506 modo
1520 2441 1758 2528 agendi
1807 2443 1971 2508 acti-

414 2568 545 2614 one
591 2558 703 2615 aut
735 2553 1017 2617 termino
1072 2553 1373 2635 actionis,
1413 2576 1624 2643 neque
1653 2556 1808 2623 ordo
1840 2568 1968 2624 sta-

416 2663 703 2732 tuendus
743 2677 843 2734 est
882 2667 1026 2760 sipe
1066 2671 1476 2738 necessitate.

503 2784 691 2861 Item,
727 2782 871 2850 haec
910 2785 1360 2854 subordinatio
1400 2808 1530 2854 non
1564 2789 1855 2879 exigitur
1885 2813 1968 2860 ex

413 2902 812 2971 radicatione
852 2905 916 2971 in
967 2905 1195 2973 eodem
1243 2911 1610 2997 suppositO,
1657 2914 1807 3001 quia
1870 2914 1969 2981 in·

412 3017 712 3085 tellectus
751 3030 815 3086 et
845 3041 1083 3089 sensus
1133 3043 1263 3089 non
1304 3025 1819 3095 subordinantur
1855 3050 1964 3095 vo-
1988 3077 2019 3101 .

412 3132 647 3201 luntati
687 3134 754 3202 in
785 3137 924 3204 suis
955 3137 1346 3220 actionibuS,
1404 3141 1529 3209 nisi
1570 3155 1640 3209 ut
1678 3166 1964 3232 sequun-

410 3259 517 3315 tur
558 3250 988 3337 voluntatem,
1030 3276 1155 3321 non
1197 3266 1415 3322 autem
1450 3269 1521 3323 ut
1552 3260 1964 3344 praeveniunt

409 3366 611 3446 illam,
642 3389 771 3436 non
793 3369 877 3435 ob
907 3371 1031 3438 hoc
1056 3373 1464 3460 praeexigunt
1492 3386 1708 3442 actum
1735 3377 1966 3444 volun-

404 3484 556 3551 tatis
589 3485 962 3552 necessario
993 3485 1072 3552 ad
1102 3507 1255 3553 suos
1286 3501 1492 3556 actus.
1533 3493 1775 3559 Demus
1807 3513 1966 3581 ergo

406 3610 466 3666 et
504 3599 738 3686 gratie,
785 3601 958 3687 quod
991 3604 1279 3688 potentia
1326 3605 1613 3673 creativa
1665 3608 1967 3676 subesset

409 3715 755 3795 voluntati,
801 3737 931 3783 non
972 3718 1124 3786 inde
1173 3720 1474 3807 sequitur
1514 3723 1689 3809 quod
1741 3743 1964 3791 neces·
2012 3785 2031 3794 ,

407 3831 575 3898 sario
631 3833 1068 3923 praeexigeret
1111 3837 1520 3905 voluntatem
1576 3852 1687 3906 aut
1744 3852 1961 3908 actum

408 3946 573 4031 ejus,
627 3946 801 4014 sicut
837 3968 1050 4037 neque
1101 3948 1249 4017 aliae
1298 3952 1610 4038 potentiae
1644 3974 1793 4021 eum
1829 3955 1964 4021 exi-

411 4076 596 4148 gunt,
652 4086 735 4131 ex
777 4085 905 4152 quo
953 4077 1081 4133 stat
1120 4067 1417 4154 probatio
1461 4069 1756 4137 Doctoris
1797 4091 1964 4156 prae·

415 4179 637 4248 missa.

500 4293 759 4363 Instare
796 4296 991 4363 etiam
1032 4296 1182 4365 licet
1236 4298 1317 4365 de
1358 4299 1669 4367 nutritiva
1716 4311 1780 4367 et
1852 4323 1965 4369 au-

411 4412 838 4498 gmentative,
875 4433 1025 4499 quae
1054 4412 1427 4480 radicantur
1457 4414 1523 4480 in
1554 4415 1961 4503 eodemsup·

412 4529 646 4614 posito,
688 4540 757 4595 et
803 4527 983 4596 nullo
1028 4530 1219 4596 modo
1249 4528 1618 4616 dependent
1658 4553 1694 4598 a
1728 4533 1958 4599 volun-

412 4654 559 4724 tate,
616 4645 743 4710 nisi
802 4644 1013 4732 quoad
1079 4645 1584 4732 applicationem
1636 4649 1955 4728 materiae,

414 4783 557 4849 quae
597 4761 927 4828 mediante
980 4764 1272 4849 potentia
1312 4764 1579 4845 motiva,
1626 4787 1777 4852 quae
1846 4788 1956 4834 su·

414 4877 550 4945 best
596 4876 945 4958 voluntati,
988 4879 1310 4966 applicato
1363 4881 1698 4962 alimento,
1753 4895 1961 4970 agunt

412 4993 775 5061 dormiente
812 4994 1148 5062 voluntate
1177 5019 1192 5074 ;
1225 4996 1513 5063 creativa
1547 5018 1706 5065 vero
1748 5020 1962 5087 neque

416 5110 493 5175 ab
540 5111 681 5197 ipsa
720 5111 995 5178 materia
1034 5112 1385 5200 dependet.

494 5227 822 5294 Concludo
864 5247 1025 5314 ergo
1073 5229 1388 5315 majorem
1428 5230 1748 5311 Doctoris,
1784 5230 1956 5317 quod

413 5344 631 5409 nullus
667 5355 857 5410 actus
924 5344 1364 5411 accidentalis
1416 5349 1792 5413 necessario
1848 5368 1958 5414 re-

2089 573 2276 658 cujus
2323 578 2617 661 probatio
2648 582 2991 667 praemissa
3023 606 3104 653 ex
3134 587 3323 658 dictis
3353 606 3632 664 constat.

2179 691 2403 777 Neque
2460 695 2795 783 quidpiam
2842 702 3064 770 valent
3121 703 3188 770 in
3255 709 3628 794 oppositum
3678 703 3955 828 {gfflffig

2088 803 2421 875 instantiae
2453 813 2760 893 Durandi,
2807 818 2959 904 quia
2986 822 3358 909 propositio
3396 829 3634 894 Docto·
3687 838 3953 953 Dfflsstrffioa

2089 939 2183 986 ris
2250 944 2522 1008 praecise
2560 931 2770 1017 tangit
2832 937 3189 1020 potentiam
3247 943 3629 1026 creativam,
3936 940 3949 953 ’

2090 1047 2157 1101 et
2214 1059 2341 1106 non
2418 1042 2634 1124 aliam,
2681 1068 2830 1135 quae
2887 1050 3207 1138 dependet
3252 1077 3288 1123 a
3331 1060 3629 1140 materia,

2087 1172 2122 1217 a
2181 1153 2415 1223 mediis
2452 1159 2838 1231 extrinsecis
2905 1186 2941 1233 a
3006 1172 3368 1240 remotione
3419 1174 3631 1263 impe-

2086 1267 2549 1356 dimentorum,
2586 1288 2651 1343 et
2680 1278 3056 1367 hujusmodi
3082 1286 3220 1372 jam
3253 1287 3637 1378 dictis,quo-

2087 1404 2233 1451 rum
2294 1407 2498 1454 unum
2549 1404 2646 1457 est
2720 1393 3251 1468 indeterminatio
3318 1408 3632 1490 potentiae

2086 1500 2407 1586 proximae
2454 1508 2841 1591 executivae,
2908 1512 3031 1580 nisi
3093 1517 3460 1604 applicetur
3520 1545 3636 1610 per

2082 1616 2368 1704 aliquam
2436 1624 2881 1709 superioremz
2947 1630 3096 1697 talis
3162 1647 3264 1701 est
3345 1640 3632 1723 potentia

2086 1733 2353 1815 motiva,
2391 1758 2540 1823 quae
2580 1739 2935 1811 intervenit
2965 1745 3031 1812 in
3064 1750 3373 1819 omnibus
3404 1766 3470 1821 et
3498 1756 3634 1821 sin-

2083 1848 2260 1934 gulis
2298 1851 2687 1935 actionibus,
2742 1858 2809 1924 in
2867 1861 3107 1948 quibus
3149 1866 3347 1934 instat
3387 1873 3636 1938 Duran-

2084 1962 2230 2046 dus,
2280 1978 2348 2033 ut
2390 1968 2455 2035 in
2496 1971 2837 2041 effectibus
2869 1979 3055 2059 artiS,
3109 1994 3173 2049 et
3205 1986 3480 2053 naturali
3511 2008 3632 2075 ge-

2086 2080 2466 2162 nerationis,
2505 2084 2568 2151 in
2627 2109 2753 2175 qua
2813 2093 3093 2176 praecise
3150 2118 3475 2183 generans
3532 2115 3636 2169 est

2083 2215 2408 2281 generans
2440 2200 2828 2289 inquantum
2862 2208 3105 2279 decidit
3136 2235 3385 2284 semen.
3439 2220 3631 2286 Dein-

2082 2311 2536 2400 deprobatum
2612 2334 2735 2402 est,
2783 2326 2956 2413 quod
3015 2348 3143 2396 non
3202 2331 3267 2398 in
3323 2337 3634 2404 omnibus

2082 2431 2392 2515 operibus
2439 2442 2898 2523 cognoscentis
2942 2444 3297 2516 intervenit
3337 2454 3632 2540 cognitio

2082 2544 2420 2626 directiva,
2493 2566 2604 2622 aut
2651 2558 2878 2625 volitio
2924 2563 3358 2648 applicativa;
3405 2572 3635 2656 probet

2081 2682 2240 2750 ergo
2282 2669 2624 2737 Durandus
2665 2672 2899 2742 debere
2947 2677 3351 2750 intervenire
3393 2684 3633 2774 hujus-

2080 2779 2251 2846 modi
2311 2788 2678 2853 necessario
2746 2801 2809 2856 et
2873 2813 3166 2880 semper,
3238 2800 3477 2866 actioni
3520 2823 3633 2888 po-

2082 2897 2306 2964 tentiae
2342 2902 2673 2984 creativae,
2711 2906 2767 2972 si
2800 2907 3087 2992 daretur,
3125 2924 3195 2980 ut
3224 2919 3626 2989 contrarium

2079 3023 2191 3079 aut
2255 3018 2833 3090 contradictorium
2917 3037 3159 3094 statuat
3217 3033 3385 3119 ejus,
3447 3035 3624 3122 quod

2077 3130 2355 3198 assumit
2387 3137 2661 3218 Doctor;
2716 3138 3049 3211 instantiae
3104 3146 3281 3214 enim
3342 3152 3625 3236 particu-

2079 3242 2247 3314 lares
2313 3262 2492 3333 sunt,
2552 3273 2634 3320 ex
2682 3256 2923 3343 quibus
2985 3280 3116 3327 non
3168 3263 3448 3333 infertur
3487 3267 3631 3335 uni-

2080 3364 2389 3433 versaliS.

2168 3480 2434 3566 Deinde,
2481 3496 2552 3552 ut
2581 3487 2720 3574 jam
2777 3490 3092 3573 diximuS,
3143 3496 3268 3564 alia
3308 3513 3408 3567 est
3458 3503 3621 3571 ratio

2081 3596 2372 3666 veritatis
2414 3600 2480 3667 in
2538 3602 2691 3684 illis,
2758 3627 2952 3695 quam
3012 3612 3099 3678 sit
3158 3618 3628 3704 propositionis
3684 3606 3954 3720 (ἶλζξηῗξξὲο

2074 3712 2490 3796 universalis,
2555 3740 2751 3806 quam
2828 3727 3138 3812 supponit
3210 3731 3409 3815 idem,
3474 3757 3623 3824 quae
3651 3733 3969 3846 Jgflgffiz‘tssa

2075 3826 2236 3895 falsa
2276 3844 2399 3915 est,
2453 3853 2686 3922 nempe
2743 3839 2909 3921 haec,
2955 3844 3128 3929 quod
3168 3867 3398 3914 omnes
3464 3813 3963 3924 acti-cognitione.

2073 3962 2255 4027 oneS,
2310 3968 2460 4034 quae
2509 3949 2575 4017 in
2635 3955 2976 4023 materiam
3017 3972 3355 4030 externam
3405 3977 3622 4036 trans·

2074 4071 2234 4126 eunt
2265 4064 2345 4128 ab
2395 4065 2663 4134 homine
2700 4082 2960 4157 agente,
2999 4078 3297 4161 proxima
3327 4082 3625 4149 executi-

2076 4194 2159 4241 va
2220 4176 2481 4247 illarum
2531 4194 2631 4251 est
2688 4189 2980 4272 potentia
3037 4194 3306 4278 motiva,
3352 4218 3501 4285 quae
3540 4220 3623 4265 ex

2074 4312 2147 4358 se
2204 4313 2334 4360 non
2402 4297 2599 4366 habet
2657 4301 3264 4377 determinationem
3336 4313 3415 4379 ad
3472 4314 3627 4380 acti·
3691 4358 3696 4361 >

2074 4429 2292 4490 onem,
2359 4434 2571 4502 neque
2616 4417 2696 4484 ad
2743 4420 3006 4488 modum
3048 4425 3348 4508 actionis,
3393 4429 3509 4495 sed
3542 4450 3624 4496 ex

2077 4522 2618 4600 determinatione
2671 4537 2981 4621 potentiae
3018 4541 3353 4610 rationalis
3393 4546 3624 4614 volun-

2071 4642 2224 4708 tatis
2274 4642 2657 4732 imperantis
2699 4663 2762 4717 et
2803 4651 3174 4724 intellectus
3244 4657 3618 4746 dirigentiS.

2161 4758 2344 4827 Addo
2403 4762 2700 4847 ulteriuS,
2754 4770 2926 4855 quod
2969 4792 3182 4859 neque
3222 4775 3617 4861 intellectus,
3673 4821 3824 4874 Ratio
3877 4824 3933 4874 i„

2073 4896 2285 4964 neque
2345 4879 2644 4950 voluntas
2699 4883 2766 4950 in
2822 4888 3083 4971 creatis,
3150 4892 3432 4961 habeant
3471 4886 3964 5017 diri-cregfflgstm

2070 5012 2229 5078 gere
2259 5007 2371 5063 aut
2408 4998 2737 5084 applicare
2765 5002 2845 5069 ad
2878 5004 3073 5073 ullam
3112 5010 3433 5080 actionem
3467 5017 3620 5083 sub·
3641 5012 3871 5085 proxjme
3899 5013 3967 5065 ”d

2069 5113 2439 5181 stantialem
2518 5118 2839 5204 proxime,
2931 5125 3083 5212 quia
3170 5128 3379 5198 forma
3456 5137 3614 5204 artis
3667 5088 3941 5189 31ῗὲῗὲἓὲ

2067 5247 2194 5293 non
2241 5241 2338 5296 est
2385 5233 2860 5317 substantialis,
2931 5252 2995 5307 et
3054 5241 3299 5313 decisio
3340 5251 3614 5320 seminis
3731 5200 3887 5253 alem.

2067 5365 2196 5411 non
2252 5360 2351 5415 est
2387 5349 2555 5417 actio
2595 5353 3072 5440 substantialis,
3126 5380 3341 5451 neque
3378 5366 3616 5436 altera·

3774 3545 3854 3597 65.

411 5463 697 5546 quiritur
728 5463 803 5527 in
834 5471 1102 5526 creante
1136 5461 1599 5542 substantiam,
1637 5473 1957 5562 tanquam
2064 5461 2157 5528 tio
2214 5464 2509 5547 seminis,
2566 5480 2677 5535 aut
2713 5474 3051 5557 generatio
3108 5478 3458 5550 animantis
3496 5484 3612 5552 de-

409 5578 594 5664 prior
630 5575 1019 5644 necessario
1056 5576 1204 5666 ipso
1244 5579 1526 5645 termino
1565 5579 1950 5661 creationis,
2062 5576 2290 5665 inceps
2346 5579 2669 5670 dependet
2734 5607 2771 5654 a
2817 5589 3176 5676 voluntate,
3236 5608 3349 5665 aut
3388 5600 3469 5666 ab
3508 5600 3607 5667 in-
