<?xml version="1.0" encoding="UTF-8"?>
<!DOCTYPE html PUBLIC "-//W3C//DTD XHTML 1.0 Transitional//EN"
    "http://www.w3.org/TR/xhtml1/DTD/xhtml1-transitional.dtd">
<html xmlns="http://www.w3.org/1999/xhtml" xml:lang="en" lang="en">
 <head>
  <title>
</title>
<meta http-equiv="Content-Type" content="text/html;charset=utf-8" />
  <meta name='ocr-system' content='tesseract 3.04.00' />
  <meta name='ocr-capabilities' content='ocr_page ocr_carea ocr_par ocr_line ocrx_word'/>
</head>
<body>
  <div class='ocr_page' id='page_1' title='image "./joannisdunsscot01waddgoog_0592.png"; bbox 0 0 4287 6313; ppageno 0'>
   <div class='ocr_carea' id='block_1_1' title="bbox 260 4064 571 4240">
    <p class='ocr_par' dir='ltr' id='par_1_1' title="bbox 260 4064 571 4240">
     <span class='ocr_line' id='line_1_1' title="bbox 260 4064 571 4117; baseline 0.006 -4"><span class='ocrx_word' id='word_1_1' title='bbox 260 4064 304 4114; x_wconf 85' lang='grc' dir='ltr'><strong>Ι)</strong></span> <span class='ocrx_word' id='word_1_2' title='bbox 315 4102 330 4117; x_wconf 88' lang='grc'><strong>.</strong></span> <span class='ocrx_word' id='word_1_3' title='bbox 386 4065 547 4115; x_wconf 82' lang='lat' dir='ltr'><strong>Thom</strong></span> <span class='ocrx_word' id='word_1_4' title='bbox 558 4102 571 4115; x_wconf 92' lang='lat'><strong>.</strong></span> 
     </span>
     <span class='ocr_line' id='line_1_2' title="bbox 316 4128 532 4177; baseline -0.005 0"><span class='ocrx_word' id='word_1_5' title='bbox 316 4128 532 4177; x_wconf 85' lang='lat' dir='ltr'><strong>Tollitur</strong></span> 
     </span>
     <span class='ocr_line' id='line_1_3' title="bbox 286 4191 552 4240; baseline -0.004 0"><span class='ocrx_word' id='word_1_6' title='bbox 286 4205 400 4240; x_wconf 83' lang='lat' dir='ltr'><strong>seru</strong></span> <span class='ocrx_word' id='word_1_7' title='bbox 439 4191 552 4240; x_wconf 83' lang='lat' dir='ltr'><strong>ulus</strong></span> 
     </span>
    </p>
   </div>
   <div class='ocr_carea' id='block_1_2' title="bbox 279 4314 558 4441">
    <p class='ocr_par' dir='ltr' id='par_1_2' title="bbox 279 4314 558 4441">
     <span class='ocr_line' id='line_1_4' title="bbox 279 4314 558 4366; baseline 0.011 -3"><span class='ocrx_word' id='word_1_8' title='bbox 279 4314 558 4366; x_wconf 84' lang='lat' dir='ltr'><strong>intentione</strong></span> 
     </span>
     <span class='ocr_line' id='line_1_5' title="bbox 285 4377 538 4441; baseline 0.02 -15"><span class='ocrx_word' id='word_1_9' title='bbox 285 4377 508 4441; x_wconf 80' lang='lat' dir='ltr'><strong>legitima</strong></span> <span class='ocrx_word' id='word_1_10' title='bbox 524 4417 538 4431; x_wconf 91' lang='lat'><strong>.</strong></span> 
     </span>
    </p>
   </div>
   <div class='ocr_carea' id='block_1_3' title="bbox 602 361 721 423">
    <p class='ocr_par' dir='ltr' id='par_1_3' title="bbox 602 361 721 423">
     <span class='ocr_line' id='line_1_6' title="bbox 602 361 721 423; baseline 0.008 -2"><span class='ocrx_word' id='word_1_11' title='bbox 602 361 721 423; x_wconf 85' lang='lat'><strong>576</strong></span> 
     </span>
    </p>
   </div>
   <div class='ocr_carea' id='block_1_4' title="bbox 584 525 2127 732">
    <p class='ocr_par' dir='ltr' id='par_1_4' title="bbox 584 525 2127 732">
     <span class='ocr_line' id='line_1_7' title="bbox 584 525 2127 618; baseline 0.005 -30"><span class='ocrx_word' id='word_1_12' title='bbox 584 535 728 590; x_wconf 90' lang='lat' dir='ltr'><strong>ctus</strong></span> <span class='ocrx_word' id='word_1_13' title='bbox 795 525 1115 613; x_wconf 82' lang='lat' dir='ltr'><strong>dependet</strong></span> <span class='ocrx_word' id='word_1_14' title='bbox 1175 532 1254 597; x_wconf 90' lang='lat' dir='ltr'><strong>ab</strong></span> <span class='ocrx_word' id='word_1_15' title='bbox 1331 533 1475 618; x_wconf 88' lang='lat' dir='ltr'><strong>ejus</strong></span> <span class='ocrx_word' id='word_1_16' title='bbox 1534 532 1919 611; x_wconf 89' lang='lat' dir='ltr'><strong>intentione,</strong></span> <span class='ocrx_word' id='word_1_17' title='bbox 1999 549 2127 617; x_wconf 89' lang='lat' dir='ltr'><strong>qua</strong></span> 
     </span>
     <span class='ocr_line' id='line_1_8' title="bbox 586 639 2125 732; baseline 0.003 -29"><span class='ocrx_word' id='word_1_18' title='bbox 586 639 969 706; x_wconf 89' lang='lat' dir='ltr'><strong>Procurator</strong></span> <span class='ocrx_word' id='word_1_19' title='bbox 1035 663 1316 729; x_wconf 77' lang='lat' dir='ltr'><strong>operans</strong></span> <span class='ocrx_word' id='word_1_20' title='bbox 1373 657 1472 710; x_wconf 85' lang='lat' dir='ltr'><strong>est</strong></span> <span class='ocrx_word' id='word_1_21' title='bbox 1533 646 1721 732; x_wconf 88' lang='lat' dir='ltr'><strong>juxta</strong></span> <span class='ocrx_word' id='word_1_22' title='bbox 1808 643 2125 709; x_wconf 87' lang='lat' dir='ltr'><strong>instituti-</strong></span> 
     </span>
    </p>
   </div>
   <div class='ocr_carea' id='block_1_5' title="bbox 582 758 2143 5621">
    <p class='ocr_par' dir='ltr' id='par_1_5' title="bbox 582 758 2140 3273">
     <span class='ocr_line' id='line_1_9' title="bbox 583 758 2126 848; baseline 0.002 -28"><span class='ocrx_word' id='word_1_23' title='bbox 583 775 775 822; x_wconf 87' lang='lat' dir='ltr'><strong>onem</strong></span> <span class='ocrx_word' id='word_1_24' title='bbox 840 758 1227 839; x_wconf 89' lang='lat' dir='ltr'><strong>mandantis,</strong></span> <span class='ocrx_word' id='word_1_25' title='bbox 1284 774 1346 826; x_wconf 89' lang='lat' dir='ltr'><strong>et</strong></span> <span class='ocrx_word' id='word_1_26' title='bbox 1412 762 1802 848; x_wconf 82' lang='lat' dir='ltr'>inquantum</span> <span class='ocrx_word' id='word_1_27' title='bbox 1865 758 2126 825; x_wconf 89' lang='lat' dir='ltr'><strong>manda-</strong></span> 
     </span>
     <span class='ocr_line' id='line_1_10' title="bbox 583 872 2127 958; baseline 0.003 -24"><span class='ocrx_word' id='word_1_28' title='bbox 583 879 732 951; x_wconf 89' lang='lat' dir='ltr'><strong>tur;</strong></span> <span class='ocrx_word' id='word_1_29' title='bbox 769 872 940 958; x_wconf 89' lang='lat' dir='ltr'><strong>quod</strong></span> <span class='ocrx_word' id='word_1_30' title='bbox 991 873 1045 939; x_wconf 94' lang='lat' dir='ltr'><strong>si</strong></span> <span class='ocrx_word' id='word_1_31' title='bbox 1107 875 1370 940; x_wconf 88' lang='lat' dir='ltr'><strong>modum</strong></span> <span class='ocrx_word' id='word_1_32' title='bbox 1429 888 1493 942; x_wconf 89' lang='lat' dir='ltr'><strong>et</strong></span> <span class='ocrx_word' id='word_1_33' title='bbox 1552 875 1929 941; x_wconf 90' lang='lat' dir='ltr'><strong>mandatum</strong></span> <span class='ocrx_word' id='word_1_34' title='bbox 1998 893 2127 939; x_wconf 89' lang='lat' dir='ltr'><strong>non</strong></span> 
     </span>
     <span class='ocr_line' id='line_1_11' title="bbox 582 991 2129 1078; baseline 0.003 -26"><span class='ocrx_word' id='word_1_35' title='bbox 582 999 824 1065; x_wconf 89' lang='lat' dir='ltr'><strong>servat,</strong></span> <span class='ocrx_word' id='word_1_36' title='bbox 889 1010 1016 1055; x_wconf 89' lang='lat' dir='ltr'><strong>non</strong></span> <span class='ocrx_word' id='word_1_37' title='bbox 1094 991 1228 1076; x_wconf 90' lang='lat' dir='ltr'><strong>agit</strong></span> <span class='ocrx_word' id='word_1_38' title='bbox 1295 1003 1366 1057; x_wconf 93' lang='lat' dir='ltr'><strong>ut</strong></span> <span class='ocrx_word' id='word_1_39' title='bbox 1425 996 1831 1071; x_wconf 80' lang='lat' dir='ltr'>Procurator,</span> <span class='ocrx_word' id='word_1_40' title='bbox 1917 1012 2129 1078; x_wconf 91' lang='lat' dir='ltr'><strong>neque</strong></span> 
     </span>
     <span class='ocr_line' id='line_1_12' title="bbox 583 1106 2126 1195; baseline 0.004 -28"><span class='ocrx_word' id='word_1_41' title='bbox 583 1115 955 1170; x_wconf 85' lang='lat' dir='ltr'><strong>contractus</strong></span> <span class='ocrx_word' id='word_1_42' title='bbox 1003 1106 1197 1172; x_wconf 87' lang='lat' dir='ltr'><strong>valet.</strong></span> <span class='ocrx_word' id='word_1_43' title='bbox 1261 1108 1503 1174; x_wconf 86' lang='lat' dir='ltr'><strong>Deinde</strong></span> <span class='ocrx_word' id='word_1_44' title='bbox 1568 1129 1778 1195; x_wconf 91' lang='lat' dir='ltr'><strong>neque</strong></span> <span class='ocrx_word' id='word_1_45' title='bbox 1827 1108 1956 1186; x_wconf 86' lang='lat' dir='ltr'><strong>lex,</strong></span> <span class='ocrx_word' id='word_1_46' title='bbox 2019 1128 2126 1173; x_wconf 92' lang='lat' dir='ltr'><strong>ne-</strong></span> 
     </span>
     <span class='ocr_line' id='line_1_13' title="bbox 586 1201 2131 1310; baseline 0.003 -25"><span class='ocrx_word' id='word_1_47' title='bbox 586 1239 713 1305; x_wconf 87' lang='lat' dir='ltr'><strong>que</strong></span> <span class='ocrx_word' id='word_1_48' title='bbox 791 1221 1232 1289; x_wconf 74' lang='lat' dir='ltr'><strong>mandatarius</strong></span> <span class='ocrx_word' id='word_1_49' title='bbox 1317 1201 1670 1291; x_wconf 89' lang='lat' dir='ltr'><strong>voluerunt</strong></span> <span class='ocrx_word' id='word_1_50' title='bbox 1763 1223 2131 1310; x_wconf 79' lang='lat' dir='ltr'><strong>dependere</strong></span> 
     </span>
     <span class='ocr_line' id='line_1_14' title="bbox 588 1339 2129 1407; baseline 0.004 -6"><span class='ocrx_word' id='word_1_51' title='bbox 588 1348 992 1404; x_wconf 90' lang='lat' dir='ltr'><strong>contractum</strong></span> <span class='ocrx_word' id='word_1_52' title='bbox 1055 1339 1135 1405; x_wconf 91' lang='lat' dir='ltr'><strong>ab</strong></span> <span class='ocrx_word' id='word_1_53' title='bbox 1195 1339 1449 1407; x_wconf 90' lang='lat' dir='ltr'><strong>interna</strong></span> <span class='ocrx_word' id='word_1_54' title='bbox 1500 1353 1564 1407; x_wconf 90' lang='lat' dir='ltr'><strong>et</strong></span> <span class='ocrx_word' id='word_1_55' title='bbox 1620 1341 1869 1407; x_wconf 90' lang='lat' dir='ltr'><strong>occulta</strong></span> <span class='ocrx_word' id='word_1_56' title='bbox 1921 1341 2129 1407; x_wconf 86' lang='lat' dir='ltr'><strong>inten-</strong></span> 
     </span>
     <span class='ocr_line' id='line_1_15' title="bbox 588 1454 2126 1546; baseline 0.003 -27"><span class='ocrx_word' id='word_1_57' title='bbox 588 1454 765 1521; x_wconf 86' lang='lat' dir='ltr'><strong>tione</strong></span> <span class='ocrx_word' id='word_1_58' title='bbox 829 1457 1299 1538; x_wconf 83' lang='lat' dir='ltr'><strong>ProcuratoriS,</strong></span> <span class='ocrx_word' id='word_1_59' title='bbox 1371 1461 1450 1525; x_wconf 91' lang='lat' dir='ltr'><strong>de</strong></span> <span class='ocrx_word' id='word_1_60' title='bbox 1517 1480 1643 1546; x_wconf 88' lang='lat' dir='ltr'><strong>qua</strong></span> <span class='ocrx_word' id='word_1_61' title='bbox 1714 1458 1935 1546; x_wconf 89' lang='lat' dir='ltr'><strong>nequit</strong></span> <span class='ocrx_word' id='word_1_62' title='bbox 1998 1458 2126 1540; x_wconf 72' lang='lat' dir='ltr'><strong>leX,</strong></span> 
     </span>
     <span class='ocr_line' id='line_1_16' title="bbox 585 1575 2134 1664; baseline 0.002 -24"><span class='ocrx_word' id='word_1_63' title='bbox 585 1586 696 1640; x_wconf 91' lang='lat' dir='ltr'><strong>aut</strong></span> <span class='ocrx_word' id='word_1_64' title='bbox 752 1575 1131 1662; x_wconf 84' lang='lat' dir='ltr'><strong>principalis</strong></span> <span class='ocrx_word' id='word_1_65' title='bbox 1181 1577 1506 1664; x_wconf 89' lang='lat' dir='ltr'><strong>judicare.</strong></span> <span class='ocrx_word' id='word_1_66' title='bbox 1565 1582 1635 1644; x_wconf 91' lang='lat' dir='ltr'><strong>ln</strong></span> <span class='ocrx_word' id='word_1_67' title='bbox 1697 1577 2134 1644; x_wconf 79' lang='lat' dir='ltr'><strong>sacramentis</strong></span> 
     </span>
     <span class='ocr_line' id='line_1_17' title="bbox 583 1692 2134 1780; baseline 0.001 -24"><span class='ocrx_word' id='word_1_68' title='bbox 583 1703 758 1775; x_wconf 91' lang='lat' dir='ltr'><strong>patet</strong></span> <span class='ocrx_word' id='word_1_69' title='bbox 789 1692 974 1758; x_wconf 88' lang='lat' dir='ltr'><strong>aliter</strong></span> <span class='ocrx_word' id='word_1_70' title='bbox 1007 1692 1272 1772; x_wconf 79' lang='lat' dir='ltr'><strong>sactum,</strong></span> <span class='ocrx_word' id='word_1_71' title='bbox 1308 1714 1389 1760; x_wconf 82' lang='lat' dir='ltr'><strong>ex</strong></span> <span class='ocrx_word' id='word_1_72' title='bbox 1438 1694 1799 1761; x_wconf 90' lang='lat' dir='ltr'><strong>rationibus</strong></span> <span class='ocrx_word' id='word_1_73' title='bbox 1841 1692 2134 1780; x_wconf 74' lang='lat' dir='ltr'><strong>praemis·</strong></span> 
     </span>
     <span class='ocr_line' id='line_1_18' title="bbox 585 1805 2139 1896; baseline 0.003 -26"><span class='ocrx_word' id='word_1_74' title='bbox 585 1805 703 1885; x_wconf 88' lang='lat' dir='ltr'><strong>sis,</strong></span> <span class='ocrx_word' id='word_1_75' title='bbox 757 1808 910 1894; x_wconf 90' lang='lat' dir='ltr'><strong>quia</strong></span> <span class='ocrx_word' id='word_1_76' title='bbox 970 1808 1112 1875; x_wconf 89' lang='lat' dir='ltr'><strong>sine</strong></span> <span class='ocrx_word' id='word_1_77' title='bbox 1153 1810 1513 1876; x_wconf 91' lang='lat' dir='ltr'><strong>intentione</strong></span> <span class='ocrx_word' id='word_1_78' title='bbox 1573 1808 1852 1876; x_wconf 89' lang='lat' dir='ltr'><strong>ministri</strong></span> <span class='ocrx_word' id='word_1_79' title='bbox 1915 1808 2139 1896; x_wconf 90' lang='lat' dir='ltr'><strong>nequit</strong></span> 
     </span>
     <span class='ocr_line' id='line_1_19' title="bbox 585 1924 2135 2015; baseline 0.001 -28"><span class='ocrx_word' id='word_1_80' title='bbox 585 1942 852 1988; x_wconf 91' lang='lat' dir='ltr'><strong>manere</strong></span> <span class='ocrx_word' id='word_1_81' title='bbox 902 1924 1317 2003; x_wconf 73' lang='lat' dir='ltr'><strong>caeremonia,</strong></span> <span class='ocrx_word' id='word_1_82' title='bbox 1373 1936 1443 1991; x_wconf 90' lang='lat' dir='ltr'><strong>ut</strong></span> <span class='ocrx_word' id='word_1_83' title='bbox 1482 1937 1582 1991; x_wconf 90' lang='lat' dir='ltr'><strong>est</strong></span> <span class='ocrx_word' id='word_1_84' title='bbox 1620 1924 1831 1990; x_wconf 91' lang='lat' dir='ltr'><strong>oblata</strong></span> <span class='ocrx_word' id='word_1_85' title='bbox 1865 1924 1945 2015; x_wconf 27' lang='lat' dir='ltr'><strong>,in</strong></span> <span class='ocrx_word' id='word_1_86' title='bbox 2002 1924 2135 1991; x_wconf 92' lang='lat' dir='ltr'><strong>cul-</strong></span> 
     </span>
     <span class='ocr_line' id='line_1_20' title="bbox 587 2039 2132 2130; baseline 0.001 -27"><span class='ocrx_word' id='word_1_87' title='bbox 587 2052 724 2104; x_wconf 91' lang='lat' dir='ltr'><strong>tum</strong></span> <span class='ocrx_word' id='word_1_88' title='bbox 795 2039 1158 2126; x_wconf 86' lang='lat' dir='ltr'><strong>religionis,</strong></span> <span class='ocrx_word' id='word_1_89' title='bbox 1225 2062 1373 2130; x_wconf 86' lang='lat' dir='ltr'><strong>quae</strong></span> <span class='ocrx_word' id='word_1_90' title='bbox 1426 2039 1870 2127; x_wconf 86' lang='lat' dir='ltr'><strong>principaliter</strong></span> <span class='ocrx_word' id='word_1_91' title='bbox 1910 2041 2132 2107; x_wconf 79' lang='lat' dir='ltr'><strong>sunda·</strong></span> 
     </span>
     <span class='ocr_line' id='line_1_21' title="bbox 590 2154 2137 2246; baseline 0.002 -27"><span class='ocrx_word' id='word_1_92' title='bbox 590 2165 697 2220; x_wconf 91' lang='lat' dir='ltr'><strong>tur</strong></span> <span class='ocrx_word' id='word_1_93' title='bbox 746 2154 811 2220; x_wconf 89' lang='lat' dir='ltr'><strong>in</strong></span> <span class='ocrx_word' id='word_1_94' title='bbox 878 2155 1157 2222; x_wconf 79' lang='lat' dir='ltr'><strong>internis</strong></span> <span class='ocrx_word' id='word_1_95' title='bbox 1219 2158 1499 2234; x_wconf 88' lang='lat' dir='ltr'><strong>actibus,</strong></span> <span class='ocrx_word' id='word_1_96' title='bbox 1546 2178 1709 2246; x_wconf 89' lang='lat' dir='ltr'><strong>quos</strong></span> <span class='ocrx_word' id='word_1_97' title='bbox 1750 2161 1918 2223; x_wconf 90' lang='lat' dir='ltr'><strong>Deus</strong></span> <span class='ocrx_word' id='word_1_98' title='bbox 1959 2156 2137 2223; x_wconf 89' lang='lat' dir='ltr'><strong>insti-</strong></span> 
     </span>
     <span class='ocr_line' id='line_1_22' title="bbox 593 2274 2136 2363; baseline 0.002 -27"><span class='ocrx_word' id='word_1_99' title='bbox 593 2283 768 2338; x_wconf 88' lang='lat' dir='ltr'><strong>tutor</strong></span> <span class='ocrx_word' id='word_1_100' title='bbox 810 2276 1208 2341; x_wconf 90' lang='lat' dir='ltr'><strong>Sacramenti</strong></span> <span class='ocrx_word' id='word_1_101' title='bbox 1247 2276 1559 2362; x_wconf 90' lang='lat' dir='ltr'><strong>primario</strong></span> <span class='ocrx_word' id='word_1_102' title='bbox 1606 2275 1869 2363; x_wconf 84' lang='lat' dir='ltr'><strong>respicit</strong></span> <span class='ocrx_word' id='word_1_103' title='bbox 1900 2288 1963 2341; x_wconf 88' lang='lat' dir='ltr'><strong>et</strong></span> <span class='ocrx_word' id='word_1_104' title='bbox 2002 2274 2136 2340; x_wconf 85' lang='lat' dir='ltr'><strong>exi-</strong></span> 
     </span>
     <span class='ocr_line' id='line_1_23' title="bbox 595 2386 2138 2480; baseline 0.002 -28"><span class='ocrx_word' id='word_1_105' title='bbox 595 2386 717 2473; x_wconf 92' lang='lat' dir='ltr'><strong>git,</strong></span> <span class='ocrx_word' id='word_1_106' title='bbox 800 2403 864 2455; x_wconf 90' lang='lat' dir='ltr'><strong>et</strong></span> <span class='ocrx_word' id='word_1_107' title='bbox 950 2413 1229 2478; x_wconf 90' lang='lat' dir='ltr'><strong>quorum</strong></span> <span class='ocrx_word' id='word_1_108' title='bbox 1300 2403 1400 2459; x_wconf 86' lang='lat' dir='ltr'><strong>est</strong></span> <span class='ocrx_word' id='word_1_109' title='bbox 1464 2393 1668 2479; x_wconf 84' lang='lat' dir='ltr'><strong>judex</strong></span> <span class='ocrx_word' id='word_1_110' title='bbox 1713 2391 1949 2480; x_wconf 88' lang='lat' dir='ltr'><strong>(quod</strong></span> <span class='ocrx_word' id='word_1_111' title='bbox 2011 2410 2138 2455; x_wconf 89' lang='lat' dir='ltr'><strong>non</strong></span> 
     </span>
     <span class='ocr_line' id='line_1_24' title="bbox 594 2506 2137 2594; baseline 0.002 -26"><span class='ocrx_word' id='word_1_112' title='bbox 594 2506 904 2590; x_wconf 89' lang='lat' dir='ltr'><strong>competit</strong></span> <span class='ocrx_word' id='word_1_113' title='bbox 945 2528 1106 2593; x_wconf 91' lang='lat' dir='ltr'><strong>puro</strong></span> <span class='ocrx_word' id='word_1_114' title='bbox 1148 2506 1448 2594; x_wconf 85' lang='lat' dir='ltr'><strong>homini),</strong></span> <span class='ocrx_word' id='word_1_115' title='bbox 1485 2523 1547 2573; x_wconf 90' lang='lat' dir='ltr'><strong>et</strong></span> <span class='ocrx_word' id='word_1_116' title='bbox 1589 2528 1704 2594; x_wconf 89' lang='lat' dir='ltr'><strong>per</strong></span> <span class='ocrx_word' id='word_1_117' title='bbox 1763 2506 2137 2573; x_wconf 89' lang='lat' dir='ltr'><strong>ministrum</strong></span> 
     </span>
     <span class='ocr_line' id='line_1_25' title="bbox 593 2619 2137 2711; baseline 0.002 -27"><span class='ocrx_word' id='word_1_118' title='bbox 593 2619 800 2685; x_wconf 88' lang='lat' dir='ltr'><strong>voluit</strong></span> <span class='ocrx_word' id='word_1_119' title='bbox 836 2620 941 2687; x_wconf 87' lang='lat' dir='ltr'><strong>illa</strong></span> <span class='ocrx_word' id='word_1_120' title='bbox 980 2622 1228 2702; x_wconf 86' lang='lat' dir='ltr'><strong>offerri,</strong></span> <span class='ocrx_word' id='word_1_121' title='bbox 1274 2634 1580 2711; x_wconf 90' lang='lat' dir='ltr'><strong>tanquam</strong></span> <span class='ocrx_word' id='word_1_122' title='bbox 1612 2643 1871 2689; x_wconf 87' lang='lat' dir='ltr'><strong>causam</strong></span> <span class='ocrx_word' id='word_1_123' title='bbox 1904 2622 2137 2689; x_wconf 90' lang='lat' dir='ltr'><strong>subor-</strong></span> 
     </span>
     <span class='ocr_line' id='line_1_26' title="bbox 593 2734 2138 2826; baseline 0.003 -28"><span class='ocrx_word' id='word_1_124' title='bbox 593 2734 904 2816; x_wconf 90' lang='lat' dir='ltr'><strong>dinatam,</strong></span> <span class='ocrx_word' id='word_1_125' title='bbox 940 2757 1089 2804; x_wconf 91' lang='lat' dir='ltr'><strong>cum</strong></span> <span class='ocrx_word' id='word_1_126' title='bbox 1131 2759 1256 2825; x_wconf 89' lang='lat' dir='ltr'><strong>qua</strong></span> <span class='ocrx_word' id='word_1_127' title='bbox 1289 2738 1430 2826; x_wconf 89' lang='lat' dir='ltr'><strong>ipsa</strong></span> <span class='ocrx_word' id='word_1_128' title='bbox 1465 2738 1840 2825; x_wconf 85' lang='lat' dir='ltr'><strong>principalis</strong></span> <span class='ocrx_word' id='word_1_129' title='bbox 1871 2760 2138 2805; x_wconf 91' lang='lat' dir='ltr'><strong>concur-</strong></span> 
     </span>
     <span class='ocr_line' id='line_1_27' title="bbox 593 2852 2140 2945; baseline 0.003 -28"><span class='ocrx_word' id='word_1_130' title='bbox 593 2852 674 2919; x_wconf 92' lang='lat' dir='ltr'><strong>rit</strong></span> <span class='ocrx_word' id='word_1_131' title='bbox 714 2854 791 2920; x_wconf 88' lang='lat' dir='ltr'><strong>ad</strong></span> <span class='ocrx_word' id='word_1_132' title='bbox 833 2855 1176 2940; x_wconf 85' lang='lat' dir='ltr'><strong>effectum;</strong></span> <span class='ocrx_word' id='word_1_133' title='bbox 1223 2857 1413 2923; x_wconf 88' lang='lat' dir='ltr'><strong>debet</strong></span> <span class='ocrx_word' id='word_1_134' title='bbox 1454 2878 1614 2945; x_wconf 92' lang='lat' dir='ltr'><strong>ergo</strong></span> <span class='ocrx_word' id='word_1_135' title='bbox 1654 2857 1952 2923; x_wconf 79' lang='lat' dir='ltr'><strong>Minister</strong></span> <span class='ocrx_word' id='word_1_136' title='bbox 1988 2876 2140 2923; x_wconf 91' lang='lat' dir='ltr'><strong>con-</strong></span> 
     </span>
     <span class='ocr_line' id='line_1_28' title="bbox 591 2972 2134 3061; baseline 0.001 -25"><span class='ocrx_word' id='word_1_137' title='bbox 591 2985 942 3058; x_wconf 81' lang='lat' dir='ltr'><strong>sequenter</strong></span> <span class='ocrx_word' id='word_1_138' title='bbox 1000 2972 1338 3042; x_wconf 86' lang='lat' dir='ltr'><strong>intendere</strong></span> <span class='ocrx_word' id='word_1_139' title='bbox 1389 2974 1512 3041; x_wconf 90' lang='lat' dir='ltr'><strong>sub</strong></span> <span class='ocrx_word' id='word_1_140' title='bbox 1579 2974 1799 3061; x_wconf 91' lang='lat' dir='ltr'><strong>aliquo</strong></span> <span class='ocrx_word' id='word_1_141' title='bbox 1866 2973 2134 3051; x_wconf 79' lang='lat' dir='ltr'><strong>motiVO,</strong></span> 
     </span>
     <span class='ocr_line' id='line_1_29' title="bbox 595 3085 2138 3178; baseline 0.003 -28"><span class='ocrx_word' id='word_1_142' title='bbox 595 3085 660 3151; x_wconf 92' lang='lat' dir='ltr'><strong>in</strong></span> <span class='ocrx_word' id='word_1_143' title='bbox 702 3108 830 3175; x_wconf 92' lang='lat' dir='ltr'><strong>quo</strong></span> <span class='ocrx_word' id='word_1_144' title='bbox 889 3088 1205 3156; x_wconf 83' lang='lat' dir='ltr'><strong>subsistat</strong></span> <span class='ocrx_word' id='word_1_145' title='bbox 1256 3090 1530 3158; x_wconf 90' lang='lat' dir='ltr'><strong>intentio</strong></span> <span class='ocrx_word' id='word_1_146' title='bbox 1591 3089 1968 3178; x_wconf 89' lang='lat' dir='ltr'><strong>principalis</strong></span> <span class='ocrx_word' id='word_1_147' title='bbox 2034 3089 2138 3155; x_wconf 92' lang='lat' dir='ltr'><strong>cui</strong></span> 
     </span>
     <span class='ocr_line' id='line_1_30' title="bbox 592 3203 1246 3273; baseline 0.008 -5"><span class='ocrx_word' id='word_1_148' title='bbox 592 3203 784 3270; x_wconf 90' lang='lat' dir='ltr'><strong>debet</strong></span> <span class='ocrx_word' id='word_1_149' title='bbox 823 3206 1246 3273; x_wconf 80' lang='lat' dir='ltr'><strong>conformari.</strong></span> 
     </span>
    </p>

    <p class='ocr_par' dir='ltr' id='par_1_6' title="bbox 588 3321 2143 5500">
     <span class='ocr_line' id='line_1_31' title="bbox 680 3321 2141 3411; baseline 0.003 -26"><span class='ocrx_word' id='word_1_150' title='bbox 680 3323 775 3386; x_wconf 85' lang='lat' dir='ltr'><strong>Ex</strong></span> <span class='ocrx_word' id='word_1_151' title='bbox 815 3321 919 3387; x_wconf 80' lang='lat' dir='ltr'><strong>his</strong></span> <span class='ocrx_word' id='word_1_152' title='bbox 953 3336 1231 3410; x_wconf 90' lang='lat' dir='ltr'><strong>negatur</strong></span> <span class='ocrx_word' id='word_1_153' title='bbox 1259 3324 1747 3411; x_wconf 84' lang='lat' dir='ltr'><strong>consequentia,</strong></span> <span class='ocrx_word' id='word_1_154' title='bbox 1787 3344 1905 3389; x_wconf 92' lang='lat' dir='ltr'><strong>nec</strong></span> <span class='ocrx_word' id='word_1_155' title='bbox 1941 3323 2141 3389; x_wconf 80' lang='lat' dir='ltr'><strong>refert</strong></span> 
     </span>
     <span class='ocr_line' id='line_1_32' title="bbox 590 3435 2138 3526; baseline 0.001 -25"><span class='ocrx_word' id='word_1_156' title='bbox 590 3446 660 3501; x_wconf 88' lang='lat' dir='ltr'><strong>ut</strong></span> <span class='ocrx_word' id='word_1_157' title='bbox 707 3457 904 3516; x_wconf 77' lang='lat' dir='ltr'><strong>unuS,</strong></span> <span class='ocrx_word' id='word_1_158' title='bbox 958 3449 1022 3502; x_wconf 89' lang='lat' dir='ltr'><strong>et</strong></span> <span class='ocrx_word' id='word_1_159' title='bbox 1070 3437 1232 3503; x_wconf 90' lang='lat' dir='ltr'><strong>alter</strong></span> <span class='ocrx_word' id='word_1_160' title='bbox 1296 3437 1384 3503; x_wconf 89' lang='lat' dir='ltr'><strong>sit</strong></span> <span class='ocrx_word' id='word_1_161' title='bbox 1441 3435 1788 3526; x_wconf 86' lang='lat' dir='ltr'><strong>perplexus</strong></span> <span class='ocrx_word' id='word_1_162' title='bbox 1837 3458 1918 3502; x_wconf 84' lang='lat' dir='ltr'><strong>ex</strong></span> <span class='ocrx_word' id='word_1_163' title='bbox 1968 3447 2138 3503; x_wconf 91' lang='lat' dir='ltr'><strong>statu</strong></span> 
     </span>
     <span class='ocr_line' id='line_1_33' title="bbox 590 3551 2141 3633; baseline 0.003 -17"><span class='ocrx_word' id='word_1_164' title='bbox 590 3564 653 3617; x_wconf 85' lang='lat' dir='ltr'><strong>et</strong></span> <span class='ocrx_word' id='word_1_165' title='bbox 697 3552 939 3619; x_wconf 89' lang='lat' dir='ltr'><strong>malitia</strong></span> <span class='ocrx_word' id='word_1_166' title='bbox 976 3551 1282 3633; x_wconf 90' lang='lat' dir='ltr'><strong>ministri,</strong></span> <span class='ocrx_word' id='word_1_167' title='bbox 1329 3553 1382 3620; x_wconf 90' lang='lat' dir='ltr'><strong>si</strong></span> <span class='ocrx_word' id='word_1_168' title='bbox 1427 3553 1744 3620; x_wconf 89' lang='lat' dir='ltr'><strong>motivum</strong></span> <span class='ocrx_word' id='word_1_169' title='bbox 1787 3553 2034 3633; x_wconf 87' lang='lat' dir='ltr'><strong>subest,</strong></span> <span class='ocrx_word' id='word_1_170' title='bbox 2078 3566 2141 3620; x_wconf 89' lang='lat' dir='ltr'><strong>et</strong></span> 
     </span>
     <span class='ocr_line' id='line_1_34' title="bbox 588 3667 2143 3757; baseline 0.002 -25"><span class='ocrx_word' id='word_1_171' title='bbox 588 3667 732 3754; x_wconf 89' lang='lat' dir='ltr'><strong>ipso</strong></span> <span class='ocrx_word' id='word_1_172' title='bbox 771 3668 1001 3736; x_wconf 80' lang='lat' dir='ltr'><strong>effectu</strong></span> <span class='ocrx_word' id='word_1_173' title='bbox 1033 3670 1225 3735; x_wconf 90' lang='lat' dir='ltr'><strong>etiam</strong></span> <span class='ocrx_word' id='word_1_174' title='bbox 1270 3669 1565 3757; x_wconf 89' lang='lat' dir='ltr'><strong>privatur</strong></span> <span class='ocrx_word' id='word_1_175' title='bbox 1591 3671 2006 3737; x_wconf 89' lang='lat' dir='ltr'><strong>Sacramento</strong></span> <span class='ocrx_word' id='word_1_176' title='bbox 2079 3679 2143 3736; x_wconf 92' lang='lat' dir='ltr'><strong>et</strong></span> 
     </span>
     <span class='ocr_line' id='line_1_35' title="bbox 593 3784 2139 3874; baseline 0.003 -25"><span class='ocrx_word' id='word_1_177' title='bbox 593 3785 737 3870; x_wconf 91' lang='lat' dir='ltr'><strong>ejus</strong></span> <span class='ocrx_word' id='word_1_178' title='bbox 784 3784 1024 3866; x_wconf 79' lang='lat' dir='ltr'><strong>fructu,</strong></span> <span class='ocrx_word' id='word_1_179' title='bbox 1112 3786 1262 3873; x_wconf 91' lang='lat' dir='ltr'><strong>quia</strong></span> <span class='ocrx_word' id='word_1_180' title='bbox 1312 3807 1504 3853; x_wconf 88' lang='lat' dir='ltr'><strong>casus</strong></span> <span class='ocrx_word' id='word_1_181' title='bbox 1556 3786 1978 3874; x_wconf 87' lang='lat' dir='ltr'><strong>particulares</strong></span> <span class='ocrx_word' id='word_1_182' title='bbox 2011 3807 2139 3853; x_wconf 90' lang='lat' dir='ltr'><strong>non</strong></span> 
     </span>
     <span class='ocr_line' id='line_1_36' title="bbox 601 3902 2142 3987; baseline 0.003 -21"><span class='ocrx_word' id='word_1_183' title='bbox 601 3902 1093 3987; x_wconf 88' lang='lat' dir='ltr'><strong>comprehendit</strong></span> <span class='ocrx_word' id='word_1_184' title='bbox 1157 3902 1285 3970; x_wconf 85' lang='lat' dir='ltr'><strong>lex.</strong></span> <span class='ocrx_word' id='word_1_185' title='bbox 1331 3904 1500 3985; x_wconf 86' lang='lat' dir='ltr'><strong>Dixi,</strong></span> <span class='ocrx_word' id='word_1_186' title='bbox 1547 3904 1603 3970; x_wconf 90' lang='lat' dir='ltr'><strong>si</strong></span> <span class='ocrx_word' id='word_1_187' title='bbox 1654 3903 1971 3969; x_wconf 81' lang='lat' dir='ltr'><strong>motivum</strong></span> <span class='ocrx_word' id='word_1_188' title='bbox 2033 3924 2142 3970; x_wconf 92' lang='lat' dir='ltr'><strong>su-</strong></span> 
     </span>
     <span class='ocr_line' id='line_1_37' title="bbox 606 4017 2141 4108; baseline 0.001 -25"><span class='ocrx_word' id='word_1_189' title='bbox 606 4017 773 4100; x_wconf 87' lang='lat' dir='ltr'><strong>best,</strong></span> <span class='ocrx_word' id='word_1_190' title='bbox 833 4019 982 4105; x_wconf 89' lang='lat' dir='ltr'><strong>quia</strong></span> <span class='ocrx_word' id='word_1_191' title='bbox 1043 4019 1355 4108; x_wconf 90' lang='lat' dir='ltr'><strong>alioquin,</strong></span> <span class='ocrx_word' id='word_1_192' title='bbox 1416 4031 1485 4086; x_wconf 92' lang='lat' dir='ltr'><strong>ut</strong></span> <span class='ocrx_word' id='word_1_193' title='bbox 1535 4020 1700 4086; x_wconf 91' lang='lat' dir='ltr'><strong>bene</strong></span> <span class='ocrx_word' id='word_1_194' title='bbox 1749 4024 1821 4089; x_wconf 90' lang='lat' dir='ltr'><strong>D.</strong></span> <span class='ocrx_word' id='word_1_195' title='bbox 1860 4021 2141 4086; x_wconf 88' lang='lat' dir='ltr'><strong>Thomas</strong></span> 
     </span>
     <span class='ocr_line' id='line_1_38' title="bbox 605 4136 2142 4225; baseline 0.004 -24"><span class='ocrx_word' id='word_1_196' title='bbox 605 4155 824 4222; x_wconf 90' lang='lat' dir='ltr'><strong>supra,</strong></span> <span class='ocrx_word' id='word_1_197' title='bbox 888 4136 943 4203; x_wconf 90' lang='lat' dir='ltr'><strong>si</strong></span> <span class='ocrx_word' id='word_1_198' title='bbox 989 4136 1232 4204; x_wconf 89' lang='lat' dir='ltr'><strong>ablutio</strong></span> <span class='ocrx_word' id='word_1_199' title='bbox 1265 4147 1328 4202; x_wconf 89' lang='lat' dir='ltr'><strong>et</strong></span> <span class='ocrx_word' id='word_1_200' title='bbox 1369 4136 1574 4203; x_wconf 77' lang='lat' dir='ltr'><strong>forma</strong></span> <span class='ocrx_word' id='word_1_201' title='bbox 1606 4149 1779 4204; x_wconf 90' lang='lat' dir='ltr'><strong>recte</strong></span> <span class='ocrx_word' id='word_1_202' title='bbox 1816 4138 2142 4225; x_wconf 90' lang='lat' dir='ltr'><strong>applicen-</strong></span> 
     </span>
     <span class='ocr_line' id='line_1_39' title="bbox 601 4253 2138 4340; baseline 0.003 -22"><span class='ocrx_word' id='word_1_203' title='bbox 601 4264 707 4318; x_wconf 88' lang='lat' dir='ltr'><strong>tur</strong></span> <span class='ocrx_word' id='word_1_204' title='bbox 736 4264 1027 4333; x_wconf 84' lang='lat' dir='ltr'><strong>externe,</strong></span> <span class='ocrx_word' id='word_1_205' title='bbox 1083 4266 1152 4319; x_wconf 92' lang='lat' dir='ltr'><strong>ut</strong></span> <span class='ocrx_word' id='word_1_206' title='bbox 1203 4253 1364 4319; x_wconf 88' lang='lat' dir='ltr'><strong>nihil</strong></span> <span class='ocrx_word' id='word_1_207' title='bbox 1406 4265 1710 4340; x_wconf 88' lang='lat' dir='ltr'><strong>appareat</strong></span> <span class='ocrx_word' id='word_1_208' title='bbox 1743 4256 2138 4322; x_wconf 89' lang='lat' dir='ltr'><strong>contrarium</strong></span> 
     </span>
     <span class='ocr_line' id='line_1_40' title="bbox 600 4369 2140 4457; baseline 0.002 -21"><span class='ocrx_word' id='word_1_209' title='bbox 600 4370 946 4436; x_wconf 88' lang='lat' dir='ltr'><strong>intentioni</strong></span> <span class='ocrx_word' id='word_1_210' title='bbox 1013 4369 1349 4457; x_wconf 86' lang='lat' dir='ltr'><strong>legitimae,</strong></span> <span class='ocrx_word' id='word_1_211' title='bbox 1423 4390 1551 4436; x_wconf 91' lang='lat' dir='ltr'><strong>non</strong></span> <span class='ocrx_word' id='word_1_212' title='bbox 1620 4372 1844 4438; x_wconf 90' lang='lat' dir='ltr'><strong>subest</strong></span> <span class='ocrx_word' id='word_1_213' title='bbox 1911 4371 2140 4439; x_wconf 78' lang='lat' dir='ltr'><strong>funda-</strong></span> 
     </span>
     <span class='ocr_line' id='line_1_41' title="bbox 599 4486 2141 4576; baseline 0.001 -22"><span class='ocrx_word' id='word_1_214' title='bbox 599 4502 891 4554; x_wconf 88' lang='lat' dir='ltr'><strong>mentum</strong></span> <span class='ocrx_word' id='word_1_215' title='bbox 942 4486 1201 4573; x_wconf 89' lang='lat' dir='ltr'><strong>aliquod</strong></span> <span class='ocrx_word' id='word_1_216' title='bbox 1247 4487 1716 4574; x_wconf 80' lang='lat' dir='ltr'><strong>perplexitatiS,</strong></span> <span class='ocrx_word' id='word_1_217' title='bbox 1775 4489 1928 4576; x_wconf 92' lang='lat' dir='ltr'><strong>quia</strong></span> <span class='ocrx_word' id='word_1_218' title='bbox 1968 4489 2141 4556; x_wconf 89' lang='lat' dir='ltr'><strong>sicut</strong></span> 
     </span>
     <span class='ocr_line' id='line_1_42' title="bbox 596 4604 2141 4686; baseline 0 -14"><span class='ocrx_word' id='word_1_219' title='bbox 596 4604 882 4672; x_wconf 89' lang='lat' dir='ltr'><strong>Ecclesia</strong></span> <span class='ocrx_word' id='word_1_220' title='bbox 913 4615 1122 4670; x_wconf 86' lang='lat' dir='ltr'><strong>ratum</strong></span> <span class='ocrx_word' id='word_1_221' title='bbox 1156 4604 1349 4671; x_wconf 91' lang='lat' dir='ltr'><strong>habet</strong></span> <span class='ocrx_word' id='word_1_222' title='bbox 1388 4605 1903 4686; x_wconf 90' lang='lat' dir='ltr'><strong>Sacramentum,</strong></span> <span class='ocrx_word' id='word_1_223' title='bbox 1942 4607 2028 4672; x_wconf 88' lang='lat' dir='ltr'><strong>ita</strong></span> <span class='ocrx_word' id='word_1_224' title='bbox 2076 4617 2141 4672; x_wconf 89' lang='lat' dir='ltr'><strong>et</strong></span> 
     </span>
     <span class='ocr_line' id='line_1_43' title="bbox 595 4720 2135 4808; baseline 0.001 -21"><span class='ocrx_word' id='word_1_225' title='bbox 595 4720 960 4808; x_wconf 91' lang='lat' dir='ltr'><strong>suscipiens</strong></span> <span class='ocrx_word' id='word_1_226' title='bbox 1012 4721 1202 4787; x_wconf 88' lang='lat' dir='ltr'><strong>debet</strong></span> <span class='ocrx_word' id='word_1_227' title='bbox 1252 4721 1589 4808; x_wconf 89' lang='lat' dir='ltr'><strong>quiescere</strong></span> <span class='ocrx_word' id='word_1_228' title='bbox 1647 4722 1873 4789; x_wconf 91' lang='lat' dir='ltr'><strong>eodem</strong></span> <span class='ocrx_word' id='word_1_229' title='bbox 1908 4722 2135 4788; x_wconf 79' lang='lat' dir='ltr'><strong>sunda·</strong></span> 
     </span>
     <span class='ocr_line' id='line_1_44' title="bbox 594 4838 2135 4926; baseline 0.001 -21"><span class='ocrx_word' id='word_1_230' title='bbox 594 4851 813 4905; x_wconf 91' lang='lat' dir='ltr'><strong>mento</strong></span> <span class='ocrx_word' id='word_1_231' title='bbox 852 4838 1286 4919; x_wconf 81' lang='lat' dir='ltr'><strong>certitudiniS,</strong></span> <span class='ocrx_word' id='word_1_232' title='bbox 1343 4860 1490 4926; x_wconf 83' lang='lat' dir='ltr'><strong>quae</strong></span> <span class='ocrx_word' id='word_1_233' title='bbox 1535 4839 1798 4906; x_wconf 91' lang='lat' dir='ltr'><strong>moralis</strong></span> <span class='ocrx_word' id='word_1_234' title='bbox 1831 4853 1967 4920; x_wconf 90' lang='lat' dir='ltr'><strong>est;</strong></span> <span class='ocrx_word' id='word_1_235' title='bbox 2006 4840 2135 4906; x_wconf 93' lang='lat' dir='ltr'><strong>imo</strong></span> 
     </span>
     <span class='ocr_line' id='line_1_45' title="bbox 591 4955 2135 5043; baseline 0.001 -22"><span class='ocrx_word' id='word_1_236' title='bbox 591 4968 887 5040; x_wconf 87' lang='lat' dir='ltr'><strong>peccaret</strong></span> <span class='ocrx_word' id='word_1_237' title='bbox 918 4955 1396 5043; x_wconf 82' lang='lat' dir='ltr'><strong>praesumcndO,</strong></span> <span class='ocrx_word' id='word_1_238' title='bbox 1434 4968 1544 5022; x_wconf 89' lang='lat' dir='ltr'><strong>aut</strong></span> <span class='ocrx_word' id='word_1_239' title='bbox 1576 4955 1930 5043; x_wconf 91' lang='lat' dir='ltr'><strong>judicando</strong></span> <span class='ocrx_word' id='word_1_240' title='bbox 1961 4956 2135 5023; x_wconf 85' lang='lat' dir='ltr'><strong>aliud</strong></span> 
     </span>
     <span class='ocr_line' id='line_1_46' title="bbox 591 5068 2131 5152; baseline 0.001 -16"><span class='ocrx_word' id='word_1_241' title='bbox 591 5068 671 5136; x_wconf 91' lang='lat' dir='ltr'><strong>de</strong></span> <span class='ocrx_word' id='word_1_242' title='bbox 729 5069 1047 5151; x_wconf 84' lang='lat' dir='ltr'><strong>ministrO,</strong></span> <span class='ocrx_word' id='word_1_243' title='bbox 1120 5069 1376 5137; x_wconf 91' lang='lat' dir='ltr'><strong>secluso</strong></span> <span class='ocrx_word' id='word_1_244' title='bbox 1444 5070 1688 5137; x_wconf 91' lang='lat' dir='ltr'><strong>motivo</strong></span> <span class='ocrx_word' id='word_1_245' title='bbox 1753 5070 2131 5152; x_wconf 84' lang='lat' dir='ltr'><strong>sufficienti,</strong></span> 
     </span>
     <span class='ocr_line' id='line_1_47' title="bbox 590 5186 2132 5274; baseline 0.001 -23"><span class='ocrx_word' id='word_1_246' title='bbox 590 5186 761 5274; x_wconf 89' lang='lat' dir='ltr'><strong>quod</strong></span> <span class='ocrx_word' id='word_1_247' title='bbox 812 5186 866 5252; x_wconf 90' lang='lat' dir='ltr'><strong>si</strong></span> <span class='ocrx_word' id='word_1_248' title='bbox 917 5186 1163 5253; x_wconf 88' lang='lat' dir='ltr'><strong>oriatur</strong></span> <span class='ocrx_word' id='word_1_249' title='bbox 1201 5186 1551 5271; x_wconf 91' lang='lat' dir='ltr'><strong>scrupulus</strong></span> <span class='ocrx_word' id='word_1_250' title='bbox 1600 5206 1682 5252; x_wconf 87' lang='lat' dir='ltr'><strong>ex</strong></span> <span class='ocrx_word' id='word_1_251' title='bbox 1713 5186 1973 5272; x_wconf 92' lang='lat' dir='ltr'><strong>propria</strong></span> <span class='ocrx_word' id='word_1_252' title='bbox 2004 5187 2132 5253; x_wconf 90' lang='lat' dir='ltr'><strong>dis-</strong></span> 
     </span>
     <span class='ocr_line' id='line_1_48' title="bbox 588 5302 2133 5390; baseline 0.001 -23"><span class='ocrx_word' id='word_1_253' title='bbox 588 5302 932 5389; x_wconf 87' lang='lat' dir='ltr'><strong>positione,</strong></span> <span class='ocrx_word' id='word_1_254' title='bbox 1010 5324 1202 5390; x_wconf 90' lang='lat' dir='ltr'><strong>quam</strong></span> <span class='ocrx_word' id='word_1_255' title='bbox 1257 5302 1580 5389; x_wconf 90' lang='lat' dir='ltr'><strong>deponere</strong></span> <span class='ocrx_word' id='word_1_256' title='bbox 1638 5303 1852 5383; x_wconf 90' lang='lat' dir='ltr'><strong>debet,</strong></span> <span class='ocrx_word' id='word_1_257' title='bbox 1925 5303 2133 5369; x_wconf 91' lang='lat' dir='ltr'><strong>oritur</strong></span> 
     </span>
     <span class='ocr_line' id='line_1_49' title="bbox 593 5418 1991 5500; baseline 0.001 -15"><span class='ocrx_word' id='word_1_258' title='bbox 593 5438 721 5485; x_wconf 91' lang='lat' dir='ltr'><strong>non</strong></span> <span class='ocrx_word' id='word_1_259' title='bbox 754 5440 835 5485; x_wconf 88' lang='lat' dir='ltr'><strong>ex</strong></span> <span class='ocrx_word' id='word_1_260' title='bbox 867 5430 1097 5485; x_wconf 89' lang='lat' dir='ltr'><strong>natura</strong></span> <span class='ocrx_word' id='word_1_261' title='bbox 1127 5418 1424 5500; x_wconf 88' lang='lat' dir='ltr'><strong>actionis,</strong></span> <span class='ocrx_word' id='word_1_262' title='bbox 1462 5432 1572 5487; x_wconf 87' lang='lat' dir='ltr'><strong>aut</strong></span> <span class='ocrx_word' id='word_1_263' title='bbox 1605 5420 1991 5487; x_wconf 80' lang='lat' dir='ltr'><strong>ministerio,</strong></span> 
     </span>
    </p>

    <p class='ocr_par' dir='ltr' id='par_1_7' title="bbox 688 5534 2131 5621">
     <span class='ocr_line' id='line_1_50' title="bbox 688 5534 2131 5621; baseline 0.001 -20"><span class='ocrx_word' id='word_1_264' title='bbox 688 5539 926 5601; x_wconf 87' lang='lat' dir='ltr'><strong>Demus</strong></span> <span class='ocrx_word' id='word_1_265' title='bbox 966 5555 1124 5621; x_wconf 89' lang='lat' dir='ltr'><strong>ergo</strong></span> <span class='ocrx_word' id='word_1_266' title='bbox 1154 5554 1402 5617; x_wconf 87' lang='lat' dir='ltr'><strong>casum,</strong></span> <span class='ocrx_word' id='word_1_267' title='bbox 1448 5534 1728 5621; x_wconf 88' lang='lat' dir='ltr'><strong>aliquem</strong></span> <span class='ocrx_word' id='word_1_268' title='bbox 1762 5556 1995 5621; x_wconf 91' lang='lat' dir='ltr'><strong>nempe</strong></span> <span class='ocrx_word' id='word_1_269' title='bbox 2022 5556 2131 5602; x_wconf 50' lang='lat' dir='ltr'><strong>&#39;es-</strong></span> 
     </span>
    </p>
   </div>
   <div class='ocr_carea' id='block_1_6' title="bbox 1742 366 2649 438">
    <p class='ocr_par' dir='ltr' id='par_1_8' title="bbox 1742 366 2649 438">
     <span class='ocr_line' id='line_1_51' title="bbox 1742 366 2649 438; baseline 0.002 -9"><span class='ocrx_word' id='word_1_270' title='bbox 1742 370 1886 432; x_wconf 77' lang='lat' dir='ltr'><strong>Llss.</strong></span> <span class='ocrx_word' id='word_1_271' title='bbox 1921 370 2021 438; x_wconf 80' lang='lat' dir='ltr'><strong>lv.</strong></span> <span class='ocrx_word' id='word_1_272' title='bbox 2052 366 2649 435; x_wconf 77' lang='lat' dir='ltr'><strong>SEN&#39;I&#39;ENTlARUM</strong></span> 
     </span>
    </p>
   </div>
   <div class='ocr_carea' id='block_1_7' title="bbox 2237 529 4096 850">
    <p class='ocr_par' dir='ltr' id='par_1_9' title="bbox 2237 529 4096 850">
     <span class='ocr_line' id='line_1_52' title="bbox 2239 529 3786 618; baseline 0.001 -25"><span class='ocrx_word' id='word_1_273' title='bbox 2239 549 2331 607; x_wconf 89' lang='lat' dir='ltr'><strong>se,</strong></span> <span class='ocrx_word' id='word_1_274' title='bbox 2401 530 2506 596; x_wconf 91' lang='lat' dir='ltr'><strong>cui</strong></span> <span class='ocrx_word' id='word_1_275' title='bbox 2561 530 2650 596; x_wconf 92' lang='lat' dir='ltr'><strong>ita</strong></span> <span class='ocrx_word' id='word_1_276' title='bbox 2692 531 2909 598; x_wconf 88' lang='lat' dir='ltr'><strong>invisa</strong></span> <span class='ocrx_word' id='word_1_277' title='bbox 2965 531 3050 598; x_wconf 92' lang='lat' dir='ltr'><strong>sit</strong></span> <span class='ocrx_word' id='word_1_278' title='bbox 3117 532 3295 598; x_wconf 90' lang='lat' dir='ltr'><strong>salus</strong></span> <span class='ocrx_word' id='word_1_279' title='bbox 3338 529 3642 618; x_wconf 82' lang='lat' dir='ltr'><strong>proximi,</strong></span> <span class='ocrx_word' id='word_1_280' title='bbox 3716 540 3786 594; x_wconf 89' lang='lat' dir='ltr'><strong>ut</strong></span> 
     </span>
     <span class='ocr_line' id='line_1_53' title="bbox 2237 643 3785 732; baseline 0.001 -24"><span class='ocrx_word' id='word_1_281' title='bbox 2237 643 2492 710; x_wconf 89' lang='lat' dir='ltr'><strong>omittat</strong></span> <span class='ocrx_word' id='word_1_282' title='bbox 2522 644 2884 731; x_wconf 87' lang='lat' dir='ltr'><strong>legitimam</strong></span> <span class='ocrx_word' id='word_1_283' title='bbox 2919 646 3374 725; x_wconf 83' lang='lat' dir='ltr'><strong>intentionem,</strong></span> <span class='ocrx_word' id='word_1_284' title='bbox 3414 645 3568 732; x_wconf 79' lang='lat' dir='ltr'><strong>quid</strong></span> <span class='ocrx_word' id='word_1_285' title='bbox 3621 643 3785 710; x_wconf 80' lang='lat' dir='ltr'><strong>fiet‘?</strong></span> 
     </span>
     <span class='ocr_line' id='line_1_54' title="bbox 2241 762 4096 850; baseline 0 -22"><span class='ocrx_word' id='word_1_286' title='bbox 2241 764 2655 850; x_wconf 89' lang='lat' dir='ltr'><strong>Respondent</strong></span> <span class='ocrx_word' id='word_1_287' title='bbox 2695 765 2950 830; x_wconf 85' lang='lat' dir='ltr'><strong>Alensis</strong></span> <span class='ocrx_word' id='word_1_288' title='bbox 2982 764 3408 850; x_wconf 89' lang='lat' dir='ltr'><strong>responsione</strong></span> <span class='ocrx_word' id='word_1_289' title='bbox 3436 764 3515 829; x_wconf 90' lang='lat' dir='ltr'><strong>ad</strong></span> <span class='ocrx_word' id='word_1_290' title='bbox 3547 783 3779 830; x_wconf 87' lang='lat' dir='ltr'><strong>secun·</strong></span> <span class='ocrx_word' id='word_1_291' title='bbox 3863 762 4096 814; x_wconf 75' lang='lat' dir='ltr'><strong>Aleasis.</strong></span> 
     </span>
    </p>
   </div>
   <div class='ocr_carea' id='block_1_8' title="bbox 2237 826 4154 1204">
    <p class='ocr_par' dir='ltr' id='par_1_10' title="bbox 2237 826 4154 1204">
     <span class='ocr_line' id='line_1_55' title="bbox 2238 826 4154 1001; baseline 0.001 -57"><span class='ocrx_word' id='word_1_292' title='bbox 2238 878 2393 946; x_wconf 88' lang='lat' dir='ltr'><strong>dum</strong></span> <span class='ocrx_word' id='word_1_293' title='bbox 2460 879 2599 945; x_wconf 93' lang='lat' dir='ltr'><strong>loco</strong></span> <span class='ocrx_word' id='word_1_294' title='bbox 2664 881 2860 947; x_wconf 88' lang='lat' dir='ltr'><strong>citato</strong></span> <span class='ocrx_word' id='word_1_295' title='bbox 2899 902 2934 946; x_wconf 91' lang='lat' dir='ltr'><strong>a</strong></span> <span class='ocrx_word' id='word_1_296' title='bbox 2974 881 3358 961; x_wconf 82' lang='lat' dir='ltr'><strong>Scholiaste,</strong></span> <span class='ocrx_word' id='word_1_297' title='bbox 3434 879 3538 946; x_wconf 91' lang='lat' dir='ltr'><strong>vel</strong></span> <span class='ocrx_word' id='word_1_298' title='bbox 3592 881 3782 966; x_wconf 86' lang='lat' dir='ltr'><strong>juxta</strong></span> <span class='ocrx_word' id='word_1_299' title='bbox 3817 826 4154 1001; x_wconf 48' lang='lat' dir='ltr'><strong>obuga‘ffcfuvs&#39;.</strong></span> 
     </span>
     <span class='ocr_line' id='line_1_56' title="bbox 2237 953 4135 1082; baseline 0.003 -25"><span class='ocrx_word' id='word_1_300' title='bbox 2237 992 2429 1058; x_wconf 91' lang='lat' dir='ltr'><strong>aliam</strong></span> <span class='ocrx_word' id='word_1_301' title='bbox 2473 994 2886 1079; x_wconf 89' lang='lat' dir='ltr'><strong>partitionem</strong></span> <span class='ocrx_word' id='word_1_302' title='bbox 2927 999 3251 1082; x_wconf 52' lang='lat' dir='ltr'><strong>quaest-8.</strong></span> <span class='ocrx_word' id='word_1_303' title='bbox 3290 1017 3359 1061; x_wconf 81' lang='lat' dir='ltr'><strong>n.</strong></span> <span class='ocrx_word' id='word_1_304' title='bbox 3408 999 3479 1060; x_wconf 87' lang='lat'><strong>3.</strong></span> <span class='ocrx_word' id='word_1_305' title='bbox 3515 1006 3646 1060; x_wconf 82' lang='lat' dir='ltr'><strong>art.</strong></span> <span class='ocrx_word' id='word_1_306' title='bbox 3717 1000 3774 1062; x_wconf 88' lang='lat'><strong>1.</strong></span> <span class='ocrx_word' id='word_1_307' title='bbox 3813 953 4135 1071; x_wconf 40' lang='lat' dir='ltr'><strong>nanliigda,</strong></span> 
     </span>
     <span class='ocr_line' id='line_1_57' title="bbox 2241 1076 4106 1204; baseline 0.002 -29"><span class='ocrx_word' id='word_1_308' title='bbox 2241 1113 2668 1197; x_wconf 90' lang='lat' dir='ltr'><strong>responsione</strong></span> <span class='ocrx_word' id='word_1_309' title='bbox 2743 1113 2834 1177; x_wconf 85' lang='lat' dir='ltr'><strong>ad</strong></span> <span class='ocrx_word' id='word_1_310' title='bbox 2907 1117 2971 1179; x_wconf 77' lang='lat'><strong>4.</strong></span> <span class='ocrx_word' id='word_1_311' title='bbox 3045 1116 3498 1179; x_wconf 88' lang='lat' dir='ltr'><strong>Bonaventura</strong></span> <span class='ocrx_word' id='word_1_312' title='bbox 3563 1112 3654 1176; x_wconf 85' lang='lat' dir='ltr'><strong>ad</strong></span> <span class='ocrx_word' id='word_1_313' title='bbox 3713 1116 3777 1178; x_wconf 80' lang='lat'><strong>5.</strong></span> <span class='ocrx_word' id='word_1_314' title='bbox 3863 1076 4106 1204; x_wconf 50' lang='grc' dir='ltr'><strong>Βέἷῗέθ</strong></span> 
     </span>
    </p>
   </div>
   <div class='ocr_carea' id='block_1_9' title="bbox 2242 1201 4159 1314">
    <p class='ocr_par' dir='ltr' id='par_1_11' title="bbox 2242 1201 4159 1314">
     <span class='ocr_line' id='line_1_58' title="bbox 2242 1201 4159 1314; baseline 0.003 -23"><span class='ocrx_word' id='word_1_315' title='bbox 2242 1227 2584 1293; x_wconf 90' lang='lat' dir='ltr'><strong>Durandus</strong></span> <span class='ocrx_word' id='word_1_316' title='bbox 2646 1240 2710 1292; x_wconf 92' lang='lat' dir='ltr'><strong>et</strong></span> <span class='ocrx_word' id='word_1_317' title='bbox 2769 1228 3051 1311; x_wconf 88' lang='lat' dir='ltr'><strong>Gabriel,</strong></span> <span class='ocrx_word' id='word_1_318' title='bbox 3118 1241 3204 1310; x_wconf 90' lang='lat' dir='ltr'><strong>et,</strong></span> <span class='ocrx_word' id='word_1_319' title='bbox 3264 1241 3332 1294; x_wconf 92' lang='lat' dir='ltr'><strong>ut</strong></span> <span class='ocrx_word' id='word_1_320' title='bbox 3400 1240 3662 1314; x_wconf 85' lang='lat' dir='ltr'><strong>apparet</strong></span> <span class='ocrx_word' id='word_1_321' title='bbox 3704 1249 3785 1293; x_wconf 83' lang='lat' dir='ltr'><strong>ex</strong></span> <span class='ocrx_word' id='word_1_322' title='bbox 3844 1201 4159 1314; x_wconf 49' lang='lat' dir='ltr'><strong>ffigfflssffi,</strong></span> 
     </span>
    </p>
   </div>
   <div class='ocr_carea' id='block_1_10' title="bbox 2245 1327 4162 2354">
    <p class='ocr_par' dir='ltr' id='par_1_12' title="bbox 2245 1327 4162 2354">
     <span class='ocr_line' id='line_1_59' title="bbox 2246 1327 4162 1455; baseline 0.002 -48"><span class='ocrx_word' id='word_1_323' title='bbox 2246 1343 2453 1427; x_wconf 90' lang='lat' dir='ltr'><strong>prima</strong></span> <span class='ocrx_word' id='word_1_324' title='bbox 2511 1342 2960 1429; x_wconf 89' lang='lat' dir='ltr'><strong>responsione,</strong></span> <span class='ocrx_word' id='word_1_325' title='bbox 3024 1348 3098 1411; x_wconf 94' lang='lat' dir='ltr'><strong>D.</strong></span> <span class='ocrx_word' id='word_1_326' title='bbox 3180 1347 3461 1412; x_wconf 86' lang='lat' dir='ltr'><strong>Thomas</strong></span> <span class='ocrx_word' id='word_1_327' title='bbox 3525 1354 3657 1410; x_wconf 83' lang='lat' dir='ltr'><strong>art.</strong></span> <span class='ocrx_word' id='word_1_328' title='bbox 3720 1345 3784 1410; x_wconf 88' lang='lat'><strong>8.</strong></span> <span class='ocrx_word' id='word_1_329' title='bbox 3825 1327 4162 1455; x_wconf 48' lang='lat' dir='ltr'><strong>Affigfit.</strong></span> 
     </span>
     <span class='ocr_line' id='line_1_60' title="bbox 2245 1460 3789 1559; baseline 0.001 -35"><span class='ocrx_word' id='word_1_330' title='bbox 2245 1460 2336 1524; x_wconf 87' lang='lat' dir='ltr'><strong>ad</strong></span> <span class='ocrx_word' id='word_1_331' title='bbox 2391 1464 2454 1525; x_wconf 71' lang='lat'><strong>2.</strong></span> <span class='ocrx_word' id='word_1_332' title='bbox 2521 1460 2695 1547; x_wconf 89' lang='lat' dir='ltr'><strong>quod</strong></span> <span class='ocrx_word' id='word_1_333' title='bbox 2747 1464 2916 1528; x_wconf 90' lang='lat' dir='ltr'><strong>Deus</strong></span> <span class='ocrx_word' id='word_1_334' title='bbox 2975 1462 3310 1559; x_wconf 77' lang='lat' dir='ltr'><strong>suppleret</strong></span> <span class='ocrx_word' id='word_1_335' title='bbox 3363 1462 3429 1526; x_wconf 92' lang='lat' dir='ltr'><strong>in</strong></span> <span class='ocrx_word' id='word_1_336' title='bbox 3481 1482 3559 1527; x_wconf 91' lang='lat' dir='ltr'><strong>eo</strong></span> <span class='ocrx_word' id='word_1_337' title='bbox 3607 1480 3789 1539; x_wconf 88' lang='lat' dir='ltr'><strong>casu,</strong></span> 
     </span>
     <span class='ocr_line' id='line_1_61' title="bbox 2246 1561 3791 1665; baseline 0.001 -25"><span class='ocrx_word' id='word_1_338' title='bbox 2246 1574 2418 1660; x_wconf 89' lang='lat' dir='ltr'><strong>quod</strong></span> <span class='ocrx_word' id='word_1_339' title='bbox 2457 1573 2711 1642; x_wconf 89' lang='lat' dir='ltr'><strong>deesset</strong></span> <span class='ocrx_word' id='word_1_340' title='bbox 2759 1561 3075 1663; x_wconf 74' lang='lat' dir='ltr'><strong>quantum</strong></span> <span class='ocrx_word' id='word_1_341' title='bbox 3116 1577 3193 1644; x_wconf 93' lang='lat' dir='ltr'><strong>ad</strong></span> <span class='ocrx_word' id='word_1_342' title='bbox 3228 1576 3791 1665; x_wconf 80' lang='lat' dir='ltr'><strong>justificationem,</strong></span> 
     </span>
     <span class='ocr_line' id='line_1_62' title="bbox 2246 1691 3797 1761; baseline 0 -4"><span class='ocrx_word' id='word_1_343' title='bbox 2246 1693 2298 1758; x_wconf 90' lang='lat' dir='ltr'><strong>si</strong></span> <span class='ocrx_word' id='word_1_344' title='bbox 2349 1692 2641 1759; x_wconf 84' lang='lat' dir='ltr'><strong>defectus</strong></span> <span class='ocrx_word' id='word_1_345' title='bbox 2685 1693 3068 1761; x_wconf 87' lang='lat' dir='ltr'><strong>intentionis</strong></span> <span class='ocrx_word' id='word_1_346' title='bbox 3108 1707 3281 1760; x_wconf 87' lang='lat' dir='ltr'><strong>esset</strong></span> <span class='ocrx_word' id='word_1_347' title='bbox 3312 1694 3634 1760; x_wconf 92' lang='lat' dir='ltr'><strong>occultus.</strong></span> <span class='ocrx_word' id='word_1_348' title='bbox 3672 1691 3797 1759; x_wconf 86' lang='lat' dir='ltr'><strong>Alii</strong></span> 
     </span>
     <span class='ocr_line' id='line_1_63' title="bbox 2247 1809 3801 1897; baseline 0.002 -25"><span class='ocrx_word' id='word_1_349' title='bbox 2247 1809 2371 1874; x_wconf 91' lang='lat' dir='ltr'><strong>hoc</strong></span> <span class='ocrx_word' id='word_1_350' title='bbox 2412 1821 2677 1895; x_wconf 90' lang='lat' dir='ltr'><strong>negant,</strong></span> <span class='ocrx_word' id='word_1_351' title='bbox 2722 1810 2831 1897; x_wconf 89' lang='lat' dir='ltr'><strong>qui</strong></span> <span class='ocrx_word' id='word_1_352' title='bbox 2874 1821 3102 1897; x_wconf 90' lang='lat' dir='ltr'><strong>putant</strong></span> <span class='ocrx_word' id='word_1_353' title='bbox 3147 1810 3442 1897; x_wconf 86' lang='lat' dir='ltr'><strong>rigorose</strong></span> <span class='ocrx_word' id='word_1_354' title='bbox 3479 1813 3682 1876; x_wconf 91' lang='lat' dir='ltr'><strong>Deum</strong></span> <span class='ocrx_word' id='word_1_355' title='bbox 3715 1809 3801 1875; x_wconf 89' lang='lat' dir='ltr'><strong>ita</strong></span> 
     </span>
     <span class='ocr_line' id='line_1_64' title="bbox 2249 1923 3805 2010; baseline 0.002 -21"><span class='ocrx_word' id='word_1_356' title='bbox 2249 1923 2554 2010; x_wconf 88' lang='lat' dir='ltr'><strong>alligasse</strong></span> <span class='ocrx_word' id='word_1_357' title='bbox 2612 1925 2924 1993; x_wconf 86' lang='lat' dir='ltr'><strong>virtutem</strong></span> <span class='ocrx_word' id='word_1_358' title='bbox 2998 1947 3180 1993; x_wconf 88' lang='lat' dir='ltr'><strong>suam</strong></span> <span class='ocrx_word' id='word_1_359' title='bbox 3242 1928 3681 2004; x_wconf 81' lang='lat' dir='ltr'><strong>SacramentO,</strong></span> <span class='ocrx_word' id='word_1_360' title='bbox 3736 1936 3805 1992; x_wconf 91' lang='lat' dir='ltr'><strong>ut</strong></span> 
     </span>
     <span class='ocr_line' id='line_1_65' title="bbox 2251 2039 3803 2128; baseline 0.003 -24"><span class='ocrx_word' id='word_1_361' title='bbox 2251 2039 2436 2105; x_wconf 90' lang='lat' dir='ltr'><strong>aliter</strong></span> <span class='ocrx_word' id='word_1_362' title='bbox 2476 2040 2542 2105; x_wconf 90' lang='lat' dir='ltr'><strong>in</strong></span> <span class='ocrx_word' id='word_1_363' title='bbox 2596 2061 2670 2106; x_wconf 92' lang='lat' dir='ltr'><strong>eo</strong></span> <span class='ocrx_word' id='word_1_364' title='bbox 2711 2062 2869 2109; x_wconf 90' lang='lat' dir='ltr'><strong>casu</strong></span> <span class='ocrx_word' id='word_1_365' title='bbox 2931 2063 3059 2108; x_wconf 92' lang='lat' dir='ltr'><strong>non</strong></span> <span class='ocrx_word' id='word_1_366' title='bbox 3100 2042 3440 2128; x_wconf 88' lang='lat' dir='ltr'><strong>provideat</strong></span> <span class='ocrx_word' id='word_1_367' title='bbox 3506 2042 3585 2108; x_wconf 89' lang='lat' dir='ltr'><strong>ad</strong></span> <span class='ocrx_word' id='word_1_368' title='bbox 3625 2041 3803 2108; x_wconf 89' lang='lat' dir='ltr'><strong>salu-</strong></span> 
     </span>
     <span class='ocr_line' id='line_1_66' title="bbox 2252 2157 3797 2246; baseline 0.003 -27"><span class='ocrx_word' id='word_1_369' title='bbox 2252 2166 2404 2235; x_wconf 90' lang='lat' dir='ltr'><strong>tem,</strong></span> <span class='ocrx_word' id='word_1_370' title='bbox 2447 2178 2657 2242; x_wconf 91' lang='lat' dir='ltr'><strong>neque</strong></span> <span class='ocrx_word' id='word_1_371' title='bbox 2709 2158 2984 2244; x_wconf 88' lang='lat' dir='ltr'><strong>gratiam</strong></span> <span class='ocrx_word' id='word_1_372' title='bbox 3021 2157 3515 2246; x_wconf 81' lang='lat' dir='ltr'><strong>justificationis</strong></span> <span class='ocrx_word' id='word_1_373' title='bbox 3577 2158 3797 2223; x_wconf 84' lang='lat' dir='ltr'><strong>infun-</strong></span> 
     </span>
     <span class='ocr_line' id='line_1_67' title="bbox 2251 2273 3802 2354; baseline 0.001 -16"><span class='ocrx_word' id='word_1_374' title='bbox 2251 2274 2454 2339; x_wconf 89' lang='lat' dir='ltr'><strong>deret.</strong></span> <span class='ocrx_word' id='word_1_375' title='bbox 2504 2273 2627 2340; x_wconf 90' lang='lat' dir='ltr'><strong>Sed</strong></span> <span class='ocrx_word' id='word_1_376' title='bbox 2663 2275 2783 2341; x_wconf 90' lang='lat' dir='ltr'><strong>hoc</strong></span> <span class='ocrx_word' id='word_1_377' title='bbox 2812 2276 3080 2341; x_wconf 91' lang='lat' dir='ltr'><strong>omnino</strong></span> <span class='ocrx_word' id='word_1_378' title='bbox 3130 2276 3452 2342; x_wconf 90' lang='lat' dir='ltr'><strong>incertum</strong></span> <span class='ocrx_word' id='word_1_379' title='bbox 3507 2287 3631 2354; x_wconf 90' lang='lat' dir='ltr'><strong>est,</strong></span> <span class='ocrx_word' id='word_1_380' title='bbox 3686 2294 3802 2340; x_wconf 90' lang='lat' dir='ltr'><strong>ne-</strong></span> 
     </span>
    </p>
   </div>
   <div class='ocr_carea' id='block_1_11' title="bbox 2244 2390 4136 5389">
    <p class='ocr_par' dir='ltr' id='par_1_13' title="bbox 2249 2390 3870 5017">
     <span class='ocr_line' id='line_1_68' title="bbox 2252 2390 3801 2480; baseline 0.001 -24"><span class='ocrx_word' id='word_1_381' title='bbox 2252 2411 2377 2477; x_wconf 90' lang='lat' dir='ltr'><strong>que</strong></span> <span class='ocrx_word' id='word_1_382' title='bbox 2429 2391 2926 2458; x_wconf 78' lang='lat' dir='ltr'><strong>fundamentum</strong></span> <span class='ocrx_word' id='word_1_383' title='bbox 2969 2391 3230 2480; x_wconf 90' lang='lat' dir='ltr'><strong>aliquod</strong></span> <span class='ocrx_word' id='word_1_384' title='bbox 3287 2393 3434 2476; x_wconf 89' lang='lat' dir='ltr'><strong>hoc,</strong></span> <span class='ocrx_word' id='word_1_385' title='bbox 3478 2402 3590 2457; x_wconf 89' lang='lat' dir='ltr'><strong>aut</strong></span> <span class='ocrx_word' id='word_1_386' title='bbox 3639 2390 3801 2458; x_wconf 88' lang='lat' dir='ltr'><strong>illud</strong></span> 
     </span>
     <span class='ocr_line' id='line_1_69' title="bbox 2255 2503 3796 2592; baseline -0.003 -22"><span class='ocrx_word' id='word_1_387' title='bbox 2255 2517 2469 2591; x_wconf 88' lang='lat' dir='ltr'><strong>urget,</strong></span> <span class='ocrx_word' id='word_1_388' title='bbox 2525 2525 2674 2570; x_wconf 89' lang='lat' dir='ltr'><strong>nam</strong></span> <span class='ocrx_word' id='word_1_389' title='bbox 2726 2503 2898 2592; x_wconf 91' lang='lat' dir='ltr'><strong>quod</strong></span> <span class='ocrx_word' id='word_1_390' title='bbox 2940 2505 3230 2571; x_wconf 91' lang='lat' dir='ltr'><strong>moderni</strong></span> <span class='ocrx_word' id='word_1_391' title='bbox 3289 2517 3565 2591; x_wconf 89' lang='lat' dir='ltr'><strong>urgeant</strong></span> <span class='ocrx_word' id='word_1_392' title='bbox 3604 2503 3796 2570; x_wconf 90' lang='lat' dir='ltr'><strong>illud:</strong></span> 
     </span>
     <span class='ocr_line' id='line_1_70' title="bbox 2252 2620 3802 2707; baseline 0.002 -23"><span class='ocrx_word' id='word_1_393' title='bbox 2252 2621 2403 2685; x_wconf 77' lang='lat' dir='ltr'><strong>Nisi</strong></span> <span class='ocrx_word' id='word_1_394' title='bbox 2443 2622 2590 2705; x_wconf 77' lang='lat' dir='ltr'><strong>quis</strong></span> <span class='ocrx_word' id='word_1_395' title='bbox 2638 2633 2912 2687; x_wconf 80' lang='lat' dir='ltr'><strong>renatus</strong></span> <span class='ocrx_word' id='word_1_396' title='bbox 2940 2623 3172 2707; x_wconf 75' lang='lat' dir='ltr'><strong>fuerit,</strong></span> <span class='ocrx_word' id='word_1_397' title='bbox 3213 2633 3334 2687; x_wconf 89' lang='lat' dir='ltr'><strong>etc.</strong></span> <span class='ocrx_word' id='word_1_398' title='bbox 3382 2620 3491 2688; x_wconf 91' lang='lat' dir='ltr'><strong>ubi</strong></span> <span class='ocrx_word' id='word_1_399' title='bbox 3537 2621 3802 2689; x_wconf 88' lang='lat' dir='ltr'><strong>denota-</strong></span> 
     </span>
     <span class='ocr_line' id='line_1_71' title="bbox 2252 2738 3805 2825; baseline 0.001 -24"><span class='ocrx_word' id='word_1_400' title='bbox 2252 2749 2358 2801; x_wconf 87' lang='lat' dir='ltr'><strong>tur</strong></span> <span class='ocrx_word' id='word_1_401' title='bbox 2389 2738 2745 2804; x_wconf 88' lang='lat' dir='ltr'><strong>necessitas</strong></span> <span class='ocrx_word' id='word_1_402' title='bbox 2779 2738 3115 2824; x_wconf 89' lang='lat' dir='ltr'><strong>Baptismi,</strong></span> <span class='ocrx_word' id='word_1_403' title='bbox 3167 2738 3444 2825; x_wconf 90' lang='lat' dir='ltr'><strong>intelligi</strong></span> <span class='ocrx_word' id='word_1_404' title='bbox 3485 2751 3697 2825; x_wconf 87' lang='lat' dir='ltr'><strong>potest</strong></span> <span class='ocrx_word' id='word_1_405' title='bbox 3737 2738 3805 2803; x_wconf 92' lang='lat' dir='ltr'><strong>in</strong></span> 
     </span>
     <span class='ocr_line' id='line_1_72' title="bbox 2253 2852 3807 2941; baseline 0.002 -24"><span class='ocrx_word' id='word_1_406' title='bbox 2253 2852 2491 2937; x_wconf 87' lang='lat' dir='ltr'><strong>reipsa,</strong></span> <span class='ocrx_word' id='word_1_407' title='bbox 2556 2868 2668 2919; x_wconf 85' lang='lat' dir='ltr'><strong>aut</strong></span> <span class='ocrx_word' id='word_1_408' title='bbox 2733 2854 2797 2919; x_wconf 86' lang='lat' dir='ltr'><strong>in</strong></span> <span class='ocrx_word' id='word_1_409' title='bbox 2869 2855 3270 2941; x_wconf 88' lang='lat' dir='ltr'><strong>apparentia,</strong></span> <span class='ocrx_word' id='word_1_410' title='bbox 3380 2868 3443 2921; x_wconf 92' lang='lat' dir='ltr'><strong>et</strong></span> <span class='ocrx_word' id='word_1_411' title='bbox 3530 2855 3595 2923; x_wconf 92' lang='lat' dir='ltr'><strong>in</strong></span> <span class='ocrx_word' id='word_1_412' title='bbox 3668 2855 3807 2922; x_wconf 80' lang='lat' dir='ltr'><strong>foro</strong></span> 
     </span>
     <span class='ocr_line' id='line_1_73' title="bbox 2251 2965 3807 3055; baseline 0.003 -24"><span class='ocrx_word' id='word_1_413' title='bbox 2251 2965 2560 3032; x_wconf 78' lang='lat' dir='ltr'><strong>Ecclesiae</strong></span> <span class='ocrx_word' id='word_1_414' title='bbox 2608 2968 2918 3055; x_wconf 89' lang='lat' dir='ltr'><strong>suscepti,</strong></span> <span class='ocrx_word' id='word_1_415' title='bbox 2988 2968 3245 3055; x_wconf 90' lang='lat' dir='ltr'><strong>quando</strong></span> <span class='ocrx_word' id='word_1_416' title='bbox 3313 2970 3548 3037; x_wconf 90' lang='lat' dir='ltr'><strong>vitium</strong></span> <span class='ocrx_word' id='word_1_417' title='bbox 3600 2969 3807 3036; x_wconf 86' lang='lat' dir='ltr'><strong>inten-</strong></span> 
     </span>
     <span class='ocr_line' id='line_1_74' title="bbox 2251 3081 3801 3176; baseline 0.005 -30"><span class='ocrx_word' id='word_1_418' title='bbox 2251 3081 2448 3149; x_wconf 89' lang='lat' dir='ltr'><strong>tionis</strong></span> <span class='ocrx_word' id='word_1_419' title='bbox 2480 3083 2770 3151; x_wconf 86' lang='lat' dir='ltr'><strong>exterius</strong></span> <span class='ocrx_word' id='word_1_420' title='bbox 2812 3105 2939 3149; x_wconf 91' lang='lat' dir='ltr'><strong>non</strong></span> <span class='ocrx_word' id='word_1_421' title='bbox 2973 3086 3292 3173; x_wconf 89' lang='lat' dir='ltr'><strong>proditur,</strong></span> <span class='ocrx_word' id='word_1_422' title='bbox 3334 3100 3397 3152; x_wconf 92' lang='lat' dir='ltr'><strong>et</strong></span> <span class='ocrx_word' id='word_1_423' title='bbox 3448 3086 3617 3174; x_wconf 93' lang='lat' dir='ltr'><strong>quod</strong></span> <span class='ocrx_word' id='word_1_424' title='bbox 3646 3109 3801 3176; x_wconf 90' lang='lat' dir='ltr'><strong>gra-</strong></span> 
     </span>
     <span class='ocr_line' id='line_1_75' title="bbox 2254 3203 3808 3287; baseline 0.005 -23"><span class='ocrx_word' id='word_1_425' title='bbox 2254 3220 2367 3266; x_wconf 91' lang='lat' dir='ltr'><strong>ves</strong></span> <span class='ocrx_word' id='word_1_426' title='bbox 2440 3204 2743 3267; x_wconf 87' lang='lat' dir='ltr'><strong>Doctores</strong></span> <span class='ocrx_word' id='word_1_427' title='bbox 2816 3215 3225 3287; x_wconf 77' lang='lat' dir='ltr'><strong>praesumunt</strong></span> <span class='ocrx_word' id='word_1_428' title='bbox 3294 3203 3374 3269; x_wconf 93' lang='lat' dir='ltr'><strong>de</strong></span> <span class='ocrx_word' id='word_1_429' title='bbox 3440 3204 3646 3270; x_wconf 92' lang='lat' dir='ltr'><strong>salute</strong></span> <span class='ocrx_word' id='word_1_430' title='bbox 3711 3204 3808 3272; x_wconf 86' lang='lat' dir='ltr'><strong>sio</strong></span> 
     </span>
     <span class='ocr_line' id='line_1_76' title="bbox 2255 3316 3804 3406; baseline 0.005 -25"><span class='ocrx_word' id='word_1_431' title='bbox 2255 3316 2582 3403; x_wconf 88' lang='lat' dir='ltr'><strong>baptizati,</strong></span> <span class='ocrx_word' id='word_1_432' title='bbox 2636 3319 2910 3384; x_wconf 88' lang='lat' dir='ltr'><strong>multum</strong></span> <span class='ocrx_word' id='word_1_433' title='bbox 2951 3320 3255 3406; x_wconf 88' lang='lat' dir='ltr'><strong>congruit</strong></span> <span class='ocrx_word' id='word_1_434' title='bbox 3321 3320 3568 3388; x_wconf 83' lang='lat' dir='ltr'><strong>divinae</strong></span> <span class='ocrx_word' id='word_1_435' title='bbox 3614 3320 3804 3387; x_wconf 90' lang='lat' dir='ltr'><strong>mise·</strong></span> 
     </span>
     <span class='ocr_line' id='line_1_77' title="bbox 2253 3434 3804 3504; baseline 0.003 -5"><span class='ocrx_word' id='word_1_436' title='bbox 2253 3434 2579 3502; x_wconf 85' lang='lat' dir='ltr'><strong>ricordiae.</strong></span> <span class='ocrx_word' id='word_1_437' title='bbox 2643 3438 2720 3501; x_wconf 88' lang='lat' dir='ltr'><strong>Et</strong></span> <span class='ocrx_word' id='word_1_438' title='bbox 2780 3434 2844 3500; x_wconf 90' lang='lat' dir='ltr'><strong>in</strong></span> <span class='ocrx_word' id='word_1_439' title='bbox 2901 3456 3042 3501; x_wconf 89' lang='lat' dir='ltr'><strong>eam</strong></span> <span class='ocrx_word' id='word_1_440' title='bbox 3103 3437 3492 3503; x_wconf 88' lang='lat' dir='ltr'><strong>sententiam</strong></span> <span class='ocrx_word' id='word_1_441' title='bbox 3530 3438 3804 3504; x_wconf 90' lang='lat' dir='ltr'><strong>multum</strong></span> 
     </span>
     <span class='ocr_line' id='line_1_78' title="bbox 2257 3551 3805 3640; baseline 0.003 -24"><span class='ocrx_word' id='word_1_442' title='bbox 2257 3551 2616 3638; x_wconf 90' lang='lat' dir='ltr'><strong>propendet</strong></span> <span class='ocrx_word' id='word_1_443' title='bbox 2657 3553 3091 3637; x_wconf 80' lang='lat' dir='ltr'><strong>AugustinuS,</strong></span> <span class='ocrx_word' id='word_1_444' title='bbox 3138 3553 3193 3620; x_wconf 90' lang='lat' dir='ltr'><strong>si</strong></span> <span class='ocrx_word' id='word_1_445' title='bbox 3234 3574 3373 3619; x_wconf 91' lang='lat' dir='ltr'><strong>eam</strong></span> <span class='ocrx_word' id='word_1_446' title='bbox 3418 3554 3625 3640; x_wconf 87' lang='lat' dir='ltr'><strong>ipsam</strong></span> <span class='ocrx_word' id='word_1_447' title='bbox 3676 3575 3805 3621; x_wconf 89' lang='lat' dir='ltr'><strong>non</strong></span> 
     </span>
     <span class='ocr_line' id='line_1_79' title="bbox 2253 3667 3803 3755; baseline 0 -23"><span class='ocrx_word' id='word_1_448' title='bbox 2253 3676 2491 3746; x_wconf 89' lang='lat' dir='ltr'><strong>teneat,</strong></span> <span class='ocrx_word' id='word_1_449' title='bbox 2543 3667 2681 3732; x_wconf 91' lang='lat' dir='ltr'><strong>loco</strong></span> <span class='ocrx_word' id='word_1_450' title='bbox 2721 3667 2938 3747; x_wconf 93' lang='lat' dir='ltr'><strong>citato,</strong></span> <span class='ocrx_word' id='word_1_451' title='bbox 2969 3689 3084 3734; x_wconf 91' lang='lat' dir='ltr'><strong>nec</strong></span> <span class='ocrx_word' id='word_1_452' title='bbox 3132 3669 3314 3734; x_wconf 89' lang='lat' dir='ltr'><strong>deest</strong></span> <span class='ocrx_word' id='word_1_453' title='bbox 3351 3668 3803 3755; x_wconf 89' lang='lat' dir='ltr'><strong>congruentia,</strong></span> 
     </span>
     <span class='ocr_line' id='line_1_80' title="bbox 2259 3783 3809 3871; baseline 0.003 -24"><span class='ocrx_word' id='word_1_454' title='bbox 2259 3794 2330 3848; x_wconf 92' lang='lat' dir='ltr'><strong>ut</strong></span> <span class='ocrx_word' id='word_1_455' title='bbox 2387 3786 2556 3849; x_wconf 91' lang='lat' dir='ltr'><strong>Deus</strong></span> <span class='ocrx_word' id='word_1_456' title='bbox 2613 3803 2811 3850; x_wconf 87' lang='lat' dir='ltr'><strong>causa</strong></span> <span class='ocrx_word' id='word_1_457' title='bbox 2880 3783 3260 3871; x_wconf 90' lang='lat' dir='ltr'><strong>principalis</strong></span> <span class='ocrx_word' id='word_1_458' title='bbox 3329 3785 3679 3852; x_wconf 89' lang='lat' dir='ltr'><strong>instituens</strong></span> <span class='ocrx_word' id='word_1_459' title='bbox 3743 3798 3809 3851; x_wconf 89' lang='lat' dir='ltr'><strong>et</strong></span> 
     </span>
     <span class='ocr_line' id='line_1_81' title="bbox 2256 3900 3808 3970; baseline 0.001 -3"><span class='ocrx_word' id='word_1_460' title='bbox 2256 3922 2535 3968; x_wconf 89' lang='lat' dir='ltr'><strong>causans</strong></span> <span class='ocrx_word' id='word_1_461' title='bbox 2602 3900 2877 3967; x_wconf 89' lang='lat' dir='ltr'><strong>salutem</strong></span> <span class='ocrx_word' id='word_1_462' title='bbox 2921 3902 3262 3968; x_wconf 90' lang='lat' dir='ltr'><strong>hominum</strong></span> <span class='ocrx_word' id='word_1_463' title='bbox 3314 3902 3525 3970; x_wconf 90' lang='lat' dir='ltr'><strong>medio</strong></span> <span class='ocrx_word' id='word_1_464' title='bbox 3580 3906 3808 3970; x_wconf 88' lang='lat' dir='ltr'><strong>Sacra-</strong></span> 
     </span>
     <span class='ocr_line' id='line_1_82' title="bbox 2257 4018 3811 4105; baseline 0.002 -22"><span class='ocrx_word' id='word_1_465' title='bbox 2257 4029 2501 4099; x_wconf 91' lang='lat' dir='ltr'><strong>ment0,</strong></span> <span class='ocrx_word' id='word_1_466' title='bbox 2542 4018 2608 4083; x_wconf 90' lang='lat' dir='ltr'><strong>in</strong></span> <span class='ocrx_word' id='word_1_467' title='bbox 2650 4040 2727 4085; x_wconf 90' lang='lat' dir='ltr'><strong>eo</strong></span> <span class='ocrx_word' id='word_1_468' title='bbox 2769 4039 2922 4084; x_wconf 86' lang='lat' dir='ltr'><strong>casu</strong></span> <span class='ocrx_word' id='word_1_469' title='bbox 2965 4039 3093 4105; x_wconf 91' lang='lat' dir='ltr'><strong>quo</strong></span> <span class='ocrx_word' id='word_1_470' title='bbox 3133 4021 3625 4086; x_wconf 90' lang='lat' dir='ltr'><strong>Sacramentum</strong></span> <span class='ocrx_word' id='word_1_471' title='bbox 3668 4019 3811 4086; x_wconf 90' lang='lat' dir='ltr'><strong>sine</strong></span> 
     </span>
     <span class='ocr_line' id='line_1_83' title="bbox 2252 4134 3807 4222; baseline 0.001 -21"><span class='ocrx_word' id='word_1_472' title='bbox 2252 4134 2446 4221; x_wconf 86' lang='lat' dir='ltr'><strong>culpa</strong></span> <span class='ocrx_word' id='word_1_473' title='bbox 2493 4135 2937 4221; x_wconf 74' lang='lat' dir='ltr'><strong>suscipientiS,</strong></span> <span class='ocrx_word' id='word_1_474' title='bbox 2975 4136 3088 4202; x_wconf 90' lang='lat' dir='ltr'><strong>sed</strong></span> <span class='ocrx_word' id='word_1_475' title='bbox 3130 4158 3210 4202; x_wconf 85' lang='lat' dir='ltr'><strong>ex</strong></span> <span class='ocrx_word' id='word_1_476' title='bbox 3262 4136 3398 4202; x_wconf 89' lang='lat' dir='ltr'><strong>sola</strong></span> <span class='ocrx_word' id='word_1_477' title='bbox 3439 4136 3807 4222; x_wconf 90' lang='lat' dir='ltr'><strong>malignita-</strong></span> 
     </span>
     <span class='ocr_line' id='line_1_84' title="bbox 2253 4251 3809 4339; baseline 0.003 -24"><span class='ocrx_word' id='word_1_478' title='bbox 2253 4262 2316 4315; x_wconf 91' lang='lat' dir='ltr'><strong>te</strong></span> <span class='ocrx_word' id='word_1_479' title='bbox 2376 4251 2632 4317; x_wconf 89' lang='lat' dir='ltr'><strong>interna</strong></span> <span class='ocrx_word' id='word_1_480' title='bbox 2689 4252 3114 4333; x_wconf 79' lang='lat' dir='ltr'><strong>conserentis,</strong></span> <span class='ocrx_word' id='word_1_481' title='bbox 3159 4253 3244 4319; x_wconf 90' lang='lat' dir='ltr'><strong>sit</strong></span> <span class='ocrx_word' id='word_1_482' title='bbox 3291 4252 3567 4339; x_wconf 89' lang='lat' dir='ltr'><strong>nullum,</strong></span> <span class='ocrx_word' id='word_1_483' title='bbox 3648 4274 3809 4339; x_wconf 90' lang='lat' dir='ltr'><strong>sup-</strong></span> 
     </span>
     <span class='ocr_line' id='line_1_85' title="bbox 2255 4368 3799 4454; baseline 0.003 -21"><span class='ocrx_word' id='word_1_484' title='bbox 2255 4369 2426 4454; x_wconf 91' lang='lat' dir='ltr'><strong>pleat</strong></span> <span class='ocrx_word' id='word_1_485' title='bbox 2484 4389 2602 4435; x_wconf 88' lang='lat' dir='ltr'><strong>sua</strong></span> <span class='ocrx_word' id='word_1_486' title='bbox 2661 4368 2884 4434; x_wconf 91' lang='lat' dir='ltr'><strong>divina</strong></span> <span class='ocrx_word' id='word_1_487' title='bbox 2936 4368 3382 4435; x_wconf 82' lang='lat' dir='ltr'><strong>misericordia</strong></span> <span class='ocrx_word' id='word_1_488' title='bbox 3449 4369 3799 4448; x_wconf 79' lang='lat' dir='ltr'><strong>defectum,</strong></span> 
     </span>
     <span class='ocr_line' id='line_1_86' title="bbox 2255 4484 3802 4572; baseline 0.003 -24"><span class='ocrx_word' id='word_1_489' title='bbox 2255 4485 2319 4549; x_wconf 91' lang='lat' dir='ltr'><strong>in</strong></span> <span class='ocrx_word' id='word_1_490' title='bbox 2374 4484 2455 4551; x_wconf 92' lang='lat' dir='ltr'><strong>iis</strong></span> <span class='ocrx_word' id='word_1_491' title='bbox 2495 4506 2644 4572; x_wconf 79' lang='lat' dir='ltr'><strong>quae</strong></span> <span class='ocrx_word' id='word_1_492' title='bbox 2711 4485 2789 4552; x_wconf 90' lang='lat' dir='ltr'><strong>ad</strong></span> <span class='ocrx_word' id='word_1_493' title='bbox 2851 4487 3129 4553; x_wconf 89' lang='lat' dir='ltr'><strong>salutem</strong></span> <span class='ocrx_word' id='word_1_494' title='bbox 3189 4497 3343 4554; x_wconf 91' lang='lat' dir='ltr'><strong>sunt</strong></span> <span class='ocrx_word' id='word_1_495' title='bbox 3410 4487 3802 4567; x_wconf 85' lang='lat' dir='ltr'><strong>necessaria,</strong></span> 
     </span>
     <span class='ocr_line' id='line_1_87' title="bbox 2256 4602 3870 4690; baseline 0.002 -24"><span class='ocrx_word' id='word_1_496' title='bbox 2256 4602 2371 4667; x_wconf 89' lang='lat' dir='ltr'><strong>sed</strong></span> <span class='ocrx_word' id='word_1_497' title='bbox 2421 4622 2630 4689; x_wconf 88' lang='lat' dir='ltr'><strong>neque</strong></span> <span class='ocrx_word' id='word_1_498' title='bbox 2669 4603 2862 4669; x_wconf 88' lang='lat' dir='ltr'><strong>etiam</strong></span> <span class='ocrx_word' id='word_1_499' title='bbox 2914 4625 2995 4671; x_wconf 86' lang='lat' dir='ltr'><strong>ex</strong></span> <span class='ocrx_word' id='word_1_500' title='bbox 3034 4602 3158 4669; x_wconf 88' lang='lat' dir='ltr'><strong>alia</strong></span> <span class='ocrx_word' id='word_1_501' title='bbox 3200 4616 3380 4690; x_wconf 87' lang='lat' dir='ltr'><strong>parte</strong></span> <span class='ocrx_word' id='word_1_502' title='bbox 3431 4614 3528 4670; x_wconf 87' lang='lat' dir='ltr'><strong>est</strong></span> <span class='ocrx_word' id='word_1_503' title='bbox 3572 4604 3805 4670; x_wconf 78' lang='lat' dir='ltr'><strong>sunda·</strong></span> <span class='ocrx_word' id='word_1_504' title='bbox 3865 4637 3870 4645; x_wconf 41' lang='lat'>¹</span> 
     </span>
     <span class='ocr_line' id='line_1_88' title="bbox 2254 4719 3803 4805; baseline 0.003 -22"><span class='ocrx_word' id='word_1_505' title='bbox 2254 4731 2570 4800; x_wconf 90' lang='lat' dir='ltr'><strong>mentum,</strong></span> <span class='ocrx_word' id='word_1_506' title='bbox 2611 4719 2782 4805; x_wconf 91' lang='lat' dir='ltr'><strong>quod</strong></span> <span class='ocrx_word' id='word_1_507' title='bbox 2833 4720 3179 4788; x_wconf 88' lang='lat' dir='ltr'><strong>convincat</strong></span> <span class='ocrx_word' id='word_1_508' title='bbox 3226 4721 3316 4788; x_wconf 89' lang='lat' dir='ltr'><strong>ita</strong></span> <span class='ocrx_word' id='word_1_509' title='bbox 3366 4720 3551 4801; x_wconf 78' lang='lat' dir='ltr'><strong>fieri3</strong></span> <span class='ocrx_word' id='word_1_510' title='bbox 3598 4733 3803 4788; x_wconf 91' lang='lat' dir='ltr'><strong>totum</strong></span> 
     </span>
     <span class='ocr_line' id='line_1_89' title="bbox 2251 4835 3801 4924; baseline 0.005 -26"><span class='ocrx_word' id='word_1_511' title='bbox 2251 4845 2351 4900; x_wconf 90' lang='lat' dir='ltr'><strong>est</strong></span> <span class='ocrx_word' id='word_1_512' title='bbox 2400 4835 2513 4901; x_wconf 91' lang='lat' dir='ltr'><strong>Dei</strong></span> <span class='ocrx_word' id='word_1_513' title='bbox 2565 4835 2997 4920; x_wconf 84' lang='lat' dir='ltr'><strong>providentiae</strong></span> <span class='ocrx_word' id='word_1_514' title='bbox 3028 4849 3091 4902; x_wconf 88' lang='lat' dir='ltr'><strong>et</strong></span> <span class='ocrx_word' id='word_1_515' title='bbox 3131 4836 3543 4924; x_wconf 87' lang='lat' dir='ltr'><strong>dispositioni</strong></span> <span class='ocrx_word' id='word_1_516' title='bbox 3594 4859 3801 4906; x_wconf 90' lang='lat' dir='ltr'><strong>secre-</strong></span> 
     </span>
     <span class='ocr_line' id='line_1_90' title="bbox 2249 4961 2818 5017; baseline 0.005 -3"><span class='ocrx_word' id='word_1_517' title='bbox 2249 4961 2334 5015; x_wconf 79' lang='lat' dir='ltr'><strong>tae</strong></span> <span class='ocrx_word' id='word_1_518' title='bbox 2377 4961 2818 5017; x_wconf 87' lang='lat' dir='ltr'><strong>reservatum.</strong></span> 
     </span>
    </p>

    <p class='ocr_par' dir='ltr' id='par_1_14' title="bbox 2244 5066 4136 5389">
     <span class='ocr_line' id='line_1_91' title="bbox 2320 5066 4042 5168; baseline 0.006 -36"><span class='ocrx_word' id='word_1_519' title='bbox 2320 5069 2521 5133; x_wconf 90' lang='lat' dir='ltr'><strong>Casus</strong></span> <span class='ocrx_word' id='word_1_520' title='bbox 2556 5066 2817 5133; x_wconf 88' lang='lat' dir='ltr'><strong>moralis</strong></span> <span class='ocrx_word' id='word_1_521' title='bbox 2850 5088 2995 5134; x_wconf 89' lang='lat' dir='ltr'><strong>esse</strong></span> <span class='ocrx_word' id='word_1_522' title='bbox 3038 5080 3251 5153; x_wconf 90' lang='lat' dir='ltr'><strong>posset</strong></span> <span class='ocrx_word' id='word_1_523' title='bbox 3281 5068 3361 5134; x_wconf 93' lang='lat' dir='ltr'><strong>de</strong></span> <span class='ocrx_word' id='word_1_524' title='bbox 3392 5069 3549 5137; x_wconf 86' lang='lat' dir='ltr'><strong>solis</strong></span> <span class='ocrx_word' id='word_1_525' title='bbox 3594 5070 3791 5137; x_wconf 75' lang='lat' dir='ltr'><strong>inlan-</strong></span> <span class='ocrx_word' id='word_1_526' title='bbox 3956 5093 4042 5168; x_wconf 57' lang='grc' dir='ltr'><strong>εξ.</strong></span> 
     </span>
     <span class='ocr_line' id='line_1_92' title="bbox 2244 5158 4136 5277; baseline 0.002 -26"><span class='ocrx_word' id='word_1_527' title='bbox 2244 5185 2419 5253; x_wconf 91' lang='lat' dir='ltr'><strong>tibus</strong></span> <span class='ocrx_word' id='word_1_528' title='bbox 2451 5185 2547 5250; x_wconf 90' lang='lat' dir='ltr'><strong>sic</strong></span> <span class='ocrx_word' id='word_1_529' title='bbox 2578 5184 2912 5270; x_wconf 86' lang='lat' dir='ltr'><strong>baptizatis</strong></span> <span class='ocrx_word' id='word_1_530' title='bbox 2950 5204 2986 5250; x_wconf 91' lang='lat' dir='ltr'><strong>a</strong></span> <span class='ocrx_word' id='word_1_531' title='bbox 3030 5184 3328 5251; x_wconf 87' lang='lat' dir='ltr'><strong>ministro</strong></span> <span class='ocrx_word' id='word_1_532' title='bbox 3370 5186 3513 5252; x_wconf 90' lang='lat' dir='ltr'><strong>sine</strong></span> <span class='ocrx_word' id='word_1_533' title='bbox 3545 5186 3800 5277; x_wconf 89' lang='lat' dir='ltr'><strong>ullain-</strong></span> <span class='ocrx_word' id='word_1_534' title='bbox 3869 5158 4136 5270; x_wconf 47' lang='lat' dir='ltr'><strong>confftlaret</strong></span> 
     </span>
     <span class='ocr_line' id='line_1_93' title="bbox 2245 5290 4081 5389; baseline 0.002 -23"><span class='ocrx_word' id='word_1_535' title='bbox 2245 5300 2557 5380; x_wconf 87' lang='lat' dir='ltr'><strong>tentione,</strong></span> <span class='ocrx_word' id='word_1_536' title='bbox 2611 5313 2674 5366; x_wconf 89' lang='lat' dir='ltr'><strong>et</strong></span> <span class='ocrx_word' id='word_1_537' title='bbox 2707 5301 2982 5366; x_wconf 90' lang='lat' dir='ltr'><strong>mortuis</strong></span> <span class='ocrx_word' id='word_1_538' title='bbox 3040 5318 3186 5365; x_wconf 91' lang='lat' dir='ltr'><strong>cum</strong></span> <span class='ocrx_word' id='word_1_539' title='bbox 3239 5300 3375 5366; x_wconf 90' lang='lat' dir='ltr'><strong>solo</strong></span> <span class='ocrx_word' id='word_1_540' title='bbox 3432 5301 3542 5368; x_wconf 92' lang='lat' dir='ltr'><strong>illo</strong></span> <span class='ocrx_word' id='word_1_541' title='bbox 3591 5303 3800 5389; x_wconf 91' lang='lat' dir='ltr'><strong>Bapti·</strong></span> <span class='ocrx_word' id='word_1_542' title='bbox 3959 5290 4081 5345; x_wconf 64' lang='lat'><strong>&#39;²⁰⁵²</strong></span> 
     </span>
    </p>
   </div>
   <div class='ocr_carea' id='block_1_12' title="bbox 3887 5351 4112 5394">
    <p class='ocr_par' dir='ltr' id='par_1_15' title="bbox 3887 5351 4112 5394">
     <span class='ocr_line' id='line_1_94' title="bbox 3887 5351 4112 5394; baseline 0.013 -3"><span class='ocrx_word' id='word_1_543' title='bbox 3887 5351 4112 5394; x_wconf 81' lang='lat' dir='ltr'><strong>mortem</strong></span> 
     </span>
    </p>
   </div>
   <div class='ocr_carea' id='block_1_13' title="bbox 2247 5404 4162 5520">
    <p class='ocr_par' dir='ltr' id='par_1_16' title="bbox 2247 5404 4162 5520">
     <span class='ocr_line' id='line_1_95' title="bbox 2247 5404 4162 5520; baseline -0.003 -37"><span class='ocrx_word' id='word_1_544' title='bbox 2247 5404 2423 5498; x_wconf 72' lang='lat' dir='ltr'><strong>sinc,</strong></span> <span class='ocrx_word' id='word_1_545' title='bbox 2459 5436 2540 5483; x_wconf 91' lang='lat' dir='ltr'><strong>an</strong></span> <span class='ocrx_word' id='word_1_546' title='bbox 2581 5414 2980 5484; x_wconf 87' lang='lat' dir='ltr'><strong>exhumandi</strong></span> <span class='ocrx_word' id='word_1_547' title='bbox 3014 5428 3233 5482; x_wconf 84' lang='lat' dir='ltr'><strong>essent</strong></span> <span class='ocrx_word' id='word_1_548' title='bbox 3270 5437 3350 5482; x_wconf 87' lang='lat' dir='ltr'><strong>ex</strong></span> <span class='ocrx_word' id='word_1_549' title='bbox 3391 5417 3530 5485; x_wconf 92' lang='lat' dir='ltr'><strong>loco</strong></span> <span class='ocrx_word' id='word_1_550' title='bbox 3570 5424 3801 5484; x_wconf 81' lang='lat' dir='ltr'><strong>sacro?</strong></span> <span class='ocrx_word' id='word_1_551' title='bbox 3833 5404 4162 5520; x_wconf 47' lang='lat' dir='ltr'><strong>iusffiffiede</strong></span> 
     </span>
    </p>
   </div>
   <div class='ocr_carea' id='block_1_14' title="bbox 2249 5532 4146 5621">
    <p class='ocr_par' dir='ltr' id='par_1_17' title="bbox 2249 5532 4146 5621">
     <span class='ocr_line' id='line_1_96' title="bbox 2249 5532 4146 5621; baseline -0.001 -21"><span class='ocrx_word' id='word_1_552' title='bbox 2249 5535 2401 5621; x_wconf 88' lang='lat' dir='ltr'><strong>quia</strong></span> <span class='ocrx_word' id='word_1_553' title='bbox 2433 5533 2510 5602; x_wconf 92' lang='lat' dir='ltr'><strong>de</strong></span> <span class='ocrx_word' id='word_1_554' title='bbox 2540 5533 2801 5614; x_wconf 88' lang='lat' dir='ltr'><strong>adultis,</strong></span> <span class='ocrx_word' id='word_1_555' title='bbox 2834 5534 2948 5620; x_wconf 89' lang='lat' dir='ltr'><strong>qui</strong></span> <span class='ocrx_word' id='word_1_556' title='bbox 2981 5555 3095 5621; x_wconf 88' lang='lat' dir='ltr'><strong>per</strong></span> <span class='ocrx_word' id='word_1_557' title='bbox 3159 5533 3354 5600; x_wconf 88' lang='lat' dir='ltr'><strong>fidem</strong></span> <span class='ocrx_word' id='word_1_558' title='bbox 3402 5536 3786 5607; x_wconf 88' lang='lat' dir='ltr'><strong>Sacramen-</strong></span> <span class='ocrx_word' id='word_1_559' title='bbox 3837 5532 4146 5584; x_wconf 71' lang='lat' dir='ltr'><strong>intentionis</strong></span> 
     </span>
    </p>
   </div>
  </div>
 </body>
</html>
