<?xml version="1.0" encoding="UTF-8"?>
<!DOCTYPE html PUBLIC "-//W3C//DTD XHTML 1.0 Transitional//EN"
    "http://www.w3.org/TR/xhtml1/DTD/xhtml1-transitional.dtd">
<html xmlns="http://www.w3.org/1999/xhtml" xml:lang="en" lang="en">
 <head>
  <title>
</title>
<meta http-equiv="Content-Type" content="text/html;charset=utf-8" />
  <meta name='ocr-system' content='tesseract 3.04.00' />
  <meta name='ocr-capabilities' content='ocr_page ocr_carea ocr_par ocr_line ocrx_word'/>
</head>
<body>
  <div class='ocr_page' id='page_1' title='image "./joannisdunsscot01waddgoog_0661.png"; bbox 0 0 4287 6313; ppageno 0'>
   <div class='ocr_carea' id='block_1_1' title="bbox 1622 456 2475 533">
    <p class='ocr_par' dir='ltr' id='par_1_1' title="bbox 1622 456 2475 533">
     <span class='ocr_line' id='line_1_1' title="bbox 1622 456 2475 533; baseline -0.009 -13"><span class='ocrx_word' id='word_1_1' title='bbox 1622 460 1817 522; x_wconf 85' lang='lat' dir='ltr'>Dts&#39;r.</span> <span class='ocrx_word' id='word_1_2' title='bbox 1864 460 1940 520; x_wconf 88' lang='lat' dir='ltr'>Vl</span> <span class='ocrx_word' id='word_1_3' title='bbox 1987 456 2356 533; x_wconf 76' lang='lat' dir='ltr'>QUAESTIO</span> <span class='ocrx_word' id='word_1_4' title='bbox 2401 456 2475 515; x_wconf 80' lang='grc' dir='ltr'>Χ.</span> 
     </span>
    </p>
   </div>
   <div class='ocr_carea' id='block_1_2' title="bbox 513 586 2081 706">
    <p class='ocr_par' dir='ltr' id='par_1_2' title="bbox 513 586 2081 706">
     <span class='ocr_line' id='line_1_2' title="bbox 513 586 2081 706; baseline -0.001 -20"><span class='ocrx_word' id='word_1_5' title='bbox 513 586 778 689; x_wconf 74' lang='lat' dir='ltr'>disserit</span> <span class='ocrx_word' id='word_1_6' title='bbox 835 624 917 687; x_wconf 92' lang='lat' dir='ltr'>de</span> <span class='ocrx_word' id='word_1_7' title='bbox 977 623 1396 706; x_wconf 84' lang='lat' dir='ltr'>idolothyto:</span> <span class='ocrx_word' id='word_1_8' title='bbox 1440 629 1601 686; x_wconf 85' lang='lat' dir='ltr'>Esca</span> <span class='ocrx_word' id='word_1_9' title='bbox 1666 625 1901 692; x_wconf 82' lang='lat' dir='ltr'>autem,</span> <span class='ocrx_word' id='word_1_10' title='bbox 1961 619 2081 685; x_wconf 65' lang='lat' dir='ltr'>in-,</span> 
     </span>
    </p>
   </div>
   <div class='ocr_carea' id='block_1_3' title="bbox 498 736 2067 5709">
    <p class='ocr_par' dir='ltr' id='par_1_3' title="bbox 504 736 2062 1745">
     <span class='ocr_line' id='line_1_3' title="bbox 514 736 2062 817; baseline -0.004 -18"><span class='ocrx_word' id='word_1_11' title='bbox 514 742 676 817; x_wconf 92' lang='lat' dir='ltr'>quit,</span> <span class='ocrx_word' id='word_1_12' title='bbox 711 756 823 801; x_wconf 81' lang='lat' dir='ltr'>nos</span> <span class='ocrx_word' id='word_1_13' title='bbox 868 757 992 801; x_wconf 79' lang='lat' dir='ltr'>non</span> <span class='ocrx_word' id='word_1_14' title='bbox 1022 742 1449 812; x_wconf 80' lang='lat' dir='ltr'><strong><em>commendat,</em></strong></span> <span class='ocrx_word' id='word_1_15' title='bbox 1483 755 1686 815; x_wconf 79' lang='lat' dir='ltr'>neque</span> <span class='ocrx_word' id='word_1_16' title='bbox 1730 740 1921 807; x_wconf 79' lang='lat' dir='ltr'>enim,</span> <span class='ocrx_word' id='word_1_17' title='bbox 1970 736 2062 794; x_wconf 90' lang='lat' dir='ltr'>in·</span> 
     </span>
     <span class='ocr_line' id='line_1_4' title="bbox 509 850 2062 935; baseline -0.005 -20"><span class='ocrx_word' id='word_1_18' title='bbox 509 855 668 935; x_wconf 89' lang='lat' dir='ltr'>quit,</span> <span class='ocrx_word' id='word_1_19' title='bbox 728 857 790 916; x_wconf 79' lang='lat' dir='ltr'>si</span> <span class='ocrx_word' id='word_1_20' title='bbox 839 857 1451 918; x_wconf 78' lang='lat' dir='ltr'><strong><em>manducaverimus</em></strong></span> <span class='ocrx_word' id='word_1_21' title='bbox 1515 854 1908 930; x_wconf 79' lang='lat' dir='ltr'>deficiemus,</span> <span class='ocrx_word' id='word_1_22' title='bbox 1966 850 2062 908; x_wconf 85' lang='lat' dir='ltr'>vi·</span> 
     </span>
     <span class='ocr_line' id='line_1_5' title="bbox 507 966 2058 1042; baseline -0.005 -9"><span class='ocrx_word' id='word_1_23' title='bbox 507 974 647 1033; x_wconf 80' lang='lat' dir='ltr'>dete</span> <span class='ocrx_word' id='word_1_24' title='bbox 674 976 891 1033; x_wconf 82' lang='lat' dir='ltr'>autem</span> <span class='ocrx_word' id='word_1_25' title='bbox 933 990 1006 1035; x_wconf 83' lang='lat' dir='ltr'>ne</span> <span class='ocrx_word' id='word_1_26' title='bbox 1059 973 1190 1033; x_wconf 71' lang='lat' dir='ltr'>lzaec</span> <span class='ocrx_word' id='word_1_27' title='bbox 1231 973 1490 1033; x_wconf 78' lang='lat' dir='ltr'>licentia</span> <span class='ocrx_word' id='word_1_28' title='bbox 1530 975 1744 1032; x_wconf 80' lang='lat' dir='ltr'>vestra</span> <span class='ocrx_word' id='word_1_29' title='bbox 1795 966 2058 1042; x_wconf 78' lang='lat' dir='ltr'>offendi-</span> 
     </span>
     <span class='ocr_line' id='line_1_6' title="bbox 504 1084 2059 1164; baseline -0.003 -14"><span class='ocrx_word' id='word_1_30' title='bbox 504 1090 726 1150; x_wconf 84' lang='lat' dir='ltr'>culum</span> <span class='ocrx_word' id='word_1_31' title='bbox 751 1089 866 1164; x_wconf 77' lang='lat' dir='ltr'>slat</span> <span class='ocrx_word' id='word_1_32' title='bbox 915 1090 1216 1162; x_wconf 70' lang='lat' dir='ltr'>infirmis,</span> <span class='ocrx_word' id='word_1_33' title='bbox 1268 1092 1393 1150; x_wconf 91' lang='lat' dir='ltr'>etc.</span> <span class='ocrx_word' id='word_1_34' title='bbox 1449 1087 1520 1149; x_wconf 92' lang='lat' dir='ltr'>id</span> <span class='ocrx_word' id='word_1_35' title='bbox 1581 1090 1705 1158; x_wconf 90' lang='lat' dir='ltr'>est,</span> <span class='ocrx_word' id='word_1_36' title='bbox 1759 1084 2059 1148; x_wconf 89' lang='lat' dir='ltr'>ciborum</span> 
     </span>
     <span class='ocr_line' id='line_1_7' title="bbox 512 1202 2061 1283; baseline -0.005 -16"><span class='ocrx_word' id='word_1_37' title='bbox 512 1220 665 1267; x_wconf 89' lang='lat' dir='ltr'>esus</span> <span class='ocrx_word' id='word_1_38' title='bbox 697 1220 810 1283; x_wconf 92' lang='lat' dir='ltr'>per</span> <span class='ocrx_word' id='word_1_39' title='bbox 855 1221 927 1265; x_wconf 88' lang='lat' dir='ltr'>se</span> <span class='ocrx_word' id='word_1_40' title='bbox 982 1205 1139 1268; x_wconf 90' lang='lat' dir='ltr'>nihil</span> <span class='ocrx_word' id='word_1_41' title='bbox 1188 1203 1343 1265; x_wconf 89' lang='lat' dir='ltr'>facit</span> <span class='ocrx_word' id='word_1_42' title='bbox 1397 1203 1481 1265; x_wconf 94' lang='lat' dir='ltr'>ad</span> <span class='ocrx_word' id='word_1_43' title='bbox 1540 1202 1882 1281; x_wconf 86' lang='lat' dir='ltr'>pietatem,</span> <span class='ocrx_word' id='word_1_44' title='bbox 1934 1216 2061 1278; x_wconf 90' lang='lat' dir='ltr'>qua</span> 
     </span>
     <span class='ocr_line' id='line_1_8' title="bbox 512 1319 2062 1398; baseline -0.004 -16"><span class='ocrx_word' id='word_1_45' title='bbox 512 1323 646 1383; x_wconf 90' lang='lat' dir='ltr'>Deo</span> <span class='ocrx_word' id='word_1_46' title='bbox 679 1319 1038 1398; x_wconf 86' lang='lat' dir='ltr'>placeatur,</span> <span class='ocrx_word' id='word_1_47' title='bbox 1074 1338 1277 1398; x_wconf 81' lang='lat' dir='ltr'>neque</span> <span class='ocrx_word' id='word_1_48' title='bbox 1321 1322 1488 1380; x_wconf 83' lang='lat' dir='ltr'>enim</span> <span class='ocrx_word' id='word_1_49' title='bbox 1536 1321 1597 1379; x_wconf 84' lang='lat' dir='ltr'>si</span> <span class='ocrx_word' id='word_1_50' title='bbox 1638 1320 2062 1379; x_wconf 72' lang='lat' dir='ltr'>manducave·</span> 
     </span>
     <span class='ocr_line' id='line_1_9' title="bbox 507 1436 2062 1517; baseline -0.003 -20"><span class='ocrx_word' id='word_1_51' title='bbox 507 1440 713 1499; x_wconf 79' lang='lat' dir='ltr'>rimus</span> <span class='ocrx_word' id='word_1_52' title='bbox 773 1438 1249 1501; x_wconf 78' lang='lat' dir='ltr'><strong><em>abundabimus</em></strong></span> <span class='ocrx_word' id='word_1_53' title='bbox 1305 1436 1566 1517; x_wconf 85' lang='lat' dir='ltr'>(supple</span> <span class='ocrx_word' id='word_1_54' title='bbox 1630 1438 1889 1504; x_wconf 80' lang='lat' dir='ltr'>virtute,</span> <span class='ocrx_word' id='word_1_55' title='bbox 1950 1438 2062 1493; x_wconf 83' lang='lat' dir='ltr'>aut</span> 
     </span>
     <span class='ocr_line' id='line_1_10' title="bbox 512 1547 2061 1631; baseline -0.005 -18"><span class='ocrx_word' id='word_1_56' title='bbox 512 1554 768 1625; x_wconf 89' lang='lat' dir='ltr'>merit0,</span> <span class='ocrx_word' id='word_1_57' title='bbox 823 1558 936 1613; x_wconf 84' lang='lat' dir='ltr'>aut.</span> <span class='ocrx_word' id='word_1_58' title='bbox 962 1553 1197 1631; x_wconf 90' lang='lat' dir='ltr'>gratia,</span> <span class='ocrx_word' id='word_1_59' title='bbox 1245 1556 1318 1612; x_wconf 90' lang='lat' dir='ltr'>ut</span> <span class='ocrx_word' id='word_1_60' title='bbox 1367 1553 1837 1629; x_wconf 86' lang='lat' dir='ltr'>interpretatur</span> <span class='ocrx_word' id='word_1_61' title='bbox 1867 1547 2061 1626; x_wconf 85' lang='lat' dir='ltr'>Chry·</span> 
     </span>
     <span class='ocr_line' id='line_1_11' title="bbox 510 1664 894 1745; baseline -0.008 -18"><span class='ocrx_word' id='word_1_62' title='bbox 510 1664 894 1745; x_wconf 89' lang='lat' dir='ltr'>sostornus.)</span> 
     </span>
    </p>

    <p class='ocr_par' dir='ltr' id='par_1_4' title="bbox 507 1778 2060 2909">
     <span class='ocr_line' id='line_1_12' title="bbox 590 1778 2058 1848; baseline -0.003 -5"><span class='ocrx_word' id='word_1_63' title='bbox 590 1779 846 1843; x_wconf 84' lang='lat' dir='ltr'>Deinde</span> <span class='ocrx_word' id='word_1_64' title='bbox 904 1781 1214 1843; x_wconf 88' lang='lat' dir='ltr'>admonet</span> <span class='ocrx_word' id='word_1_65' title='bbox 1283 1785 1552 1848; x_wconf 89' lang='lat' dir='ltr'>tantum,</span> <span class='ocrx_word' id='word_1_66' title='bbox 1634 1796 1717 1841; x_wconf 91' lang='lat' dir='ltr'>ne</span> <span class='ocrx_word' id='word_1_67' title='bbox 1792 1778 2058 1840; x_wconf 89' lang='lat' dir='ltr'>libertas</span> 
     </span>
     <span class='ocr_line' id='line_1_13' title="bbox 512 1891 2057 1973; baseline -0.004 -15"><span class='ocrx_word' id='word_1_68' title='bbox 512 1895 909 1958; x_wconf 87' lang='lat' dir='ltr'>comedendi</span> <span class='ocrx_word' id='word_1_69' title='bbox 968 1894 1317 1973; x_wconf 80' lang='lat' dir='ltr'>idolothyti</span> <span class='ocrx_word' id='word_1_70' title='bbox 1376 1898 1579 1972; x_wconf 88' lang='lat' dir='ltr'>ponat</span> <span class='ocrx_word' id='word_1_71' title='bbox 1654 1891 2057 1964; x_wconf 83' lang='lat' dir='ltr'>scandalum,</span> 
     </span>
     <span class='ocr_line' id='line_1_14' title="bbox 509 2002 2056 2090; baseline -0.002 -18"><span class='ocrx_word' id='word_1_72' title='bbox 509 2018 624 2075; x_wconf 93' lang='lat' dir='ltr'>aut</span> <span class='ocrx_word' id='word_1_73' title='bbox 668 2012 1105 2073; x_wconf 80' lang='lat' dir='ltr'>offensionem</span> <span class='ocrx_word' id='word_1_74' title='bbox 1164 2012 1483 2090; x_wconf 79' lang='lat' dir='ltr'>proximo,</span> <span class='ocrx_word' id='word_1_75' title='bbox 1545 2002 1682 2085; x_wconf 74' lang='lat' dir='ltr'>cap&#39;.</span> <span class='ocrx_word' id='word_1_76' title='bbox 1749 2011 2056 2086; x_wconf 76' lang='lat' dir='ltr'><strong><em>sequenti.</em></strong></span> 
     </span>
     <span class='ocr_line' id='line_1_15' title="bbox 507 2125 2060 2191; baseline -0.003 -1"><span class='ocrx_word' id='word_1_77' title='bbox 507 2131 601 2191; x_wconf 92' lang='lat' dir='ltr'>De</span> <span class='ocrx_word' id='word_1_78' title='bbox 673 2130 816 2191; x_wconf 90' lang='lat' dir='ltr'>aliis</span> <span class='ocrx_word' id='word_1_79' title='bbox 901 2129 1095 2191; x_wconf 88' lang='lat' dir='ltr'>etiam</span> <span class='ocrx_word' id='word_1_80' title='bbox 1165 2128 1433 2189; x_wconf 89' lang='lat' dir='ltr'>indultis</span> <span class='ocrx_word' id='word_1_81' title='bbox 1516 2130 1583 2189; x_wconf 93' lang='lat' dir='ltr'>et</span> <span class='ocrx_word' id='word_1_82' title='bbox 1650 2125 2060 2188; x_wconf 75' lang='lat' dir='ltr'>libertatibus</span> 
     </span>
     <span class='ocr_line' id='line_1_16' title="bbox 507 2242 2059 2327; baseline -0.002 -19"><span class='ocrx_word' id='word_1_83' title='bbox 507 2248 664 2327; x_wconf 89' lang='lat' dir='ltr'>agit,</span> <span class='ocrx_word' id='word_1_84' title='bbox 709 2251 782 2308; x_wconf 90' lang='lat' dir='ltr'>ut</span> <span class='ocrx_word' id='word_1_85' title='bbox 832 2244 1089 2307; x_wconf 89' lang='lat' dir='ltr'>vivendi</span> <span class='ocrx_word' id='word_1_86' title='bbox 1134 2244 1218 2306; x_wconf 92' lang='lat' dir='ltr'>de</span> <span class='ocrx_word' id='word_1_87' title='bbox 1265 2243 1471 2316; x_wconf 91' lang='lat' dir='ltr'>altari,</span> <span class='ocrx_word' id='word_1_88' title='bbox 1529 2242 2059 2305; x_wconf 80' lang='lat' dir='ltr'>circumducendi</span> 
     </span>
     <span class='ocr_line' id='line_1_17' title="bbox 507 2358 2055 2440; baseline -0.004 -16"><span class='ocrx_word' id='word_1_89' title='bbox 507 2364 820 2425; x_wconf 90' lang='lat' dir='ltr'>mulieres</span> <span class='ocrx_word' id='word_1_90' title='bbox 852 2363 1013 2440; x_wconf 92' lang='lat' dir='ltr'>pias,</span> <span class='ocrx_word' id='word_1_91' title='bbox 1049 2377 1191 2438; x_wconf 84' lang='lat' dir='ltr'>quae</span> <span class='ocrx_word' id='word_1_92' title='bbox 1239 2376 1565 2439; x_wconf 87' lang='lat' dir='ltr'>expensas</span> <span class='ocrx_word' id='word_1_93' title='bbox 1608 2358 1852 2420; x_wconf 86' lang='lat' dir='ltr'>faciant</span> <span class='ocrx_word' id='word_1_94' title='bbox 1892 2373 2055 2436; x_wconf 86' lang='lat' dir='ltr'>prae-</span> 
     </span>
     <span class='ocr_line' id='line_1_18' title="bbox 511 2474 2059 2557; baseline -0.004 -17"><span class='ocrx_word' id='word_1_95' title='bbox 511 2478 753 2541; x_wconf 83' lang='lat' dir='ltr'>dicanti</span> <span class='ocrx_word' id='word_1_96' title='bbox 798 2477 1247 2557; x_wconf 89' lang='lat' dir='ltr'>Evangelium.</span> <span class='ocrx_word' id='word_1_97' title='bbox 1299 2475 1479 2538; x_wconf 88' lang='lat' dir='ltr'>Idem</span> <span class='ocrx_word' id='word_1_98' title='bbox 1517 2474 1711 2538; x_wconf 89' lang='lat' dir='ltr'>etiam</span> <span class='ocrx_word' id='word_1_99' title='bbox 1766 2477 1946 2553; x_wconf 89' lang='lat' dir='ltr'>patet</span> <span class='ocrx_word' id='word_1_100' title='bbox 1976 2474 2059 2535; x_wconf 91' lang='lat' dir='ltr'>de</span> 
     </span>
     <span class='ocr_line' id='line_1_19' title="bbox 507 2591 2054 2671; baseline -0.004 -13"><span class='ocrx_word' id='word_1_101' title='bbox 507 2596 761 2658; x_wconf 91' lang='lat' dir='ltr'>indulto</span> <span class='ocrx_word' id='word_1_102' title='bbox 802 2594 1148 2657; x_wconf 87' lang='lat' dir='ltr'>deferendi</span> <span class='ocrx_word' id='word_1_103' title='bbox 1208 2594 1477 2669; x_wconf 79' lang='lat' dir='ltr'>locuIOS‚</span> <span class='ocrx_word' id='word_1_104' title='bbox 1537 2599 1601 2655; x_wconf 92' lang='lat' dir='ltr'>et</span> <span class='ocrx_word' id='word_1_105' title='bbox 1654 2591 2054 2671; x_wconf 84' lang='lat' dir='ltr'>hujusmodi,</span> 
     </span>
     <span class='ocr_line' id='line_1_20' title="bbox 514 2708 2058 2792; baseline -0.003 -19"><span class='ocrx_word' id='word_1_106' title='bbox 514 2729 658 2792; x_wconf 79' lang='lat' dir='ltr'>quae</span> <span class='ocrx_word' id='word_1_107' title='bbox 709 2728 931 2790; x_wconf 90' lang='lat' dir='ltr'>neque</span> <span class='ocrx_word' id='word_1_108' title='bbox 989 2712 1159 2773; x_wconf 84' lang='lat' dir='ltr'>bona</span> <span class='ocrx_word' id='word_1_109' title='bbox 1221 2715 1376 2772; x_wconf 90' lang='lat' dir='ltr'>sunt</span> <span class='ocrx_word' id='word_1_110' title='bbox 1432 2728 1513 2772; x_wconf 87' lang='lat' dir='ltr'>ex</span> <span class='ocrx_word' id='word_1_111' title='bbox 1568 2727 1640 2771; x_wconf 90' lang='lat' dir='ltr'>se</span> <span class='ocrx_word' id='word_1_112' title='bbox 1705 2708 2058 2782; x_wconf 76' lang='lat' dir='ltr'>moraliter,</span> 
     </span>
     <span class='ocr_line' id='line_1_21' title="bbox 521 2830 967 2909; baseline -0.002 -18"><span class='ocrx_word' id='word_1_113' title='bbox 521 2845 742 2909; x_wconf 88' lang='lat' dir='ltr'>neque</span> <span class='ocrx_word' id='word_1_114' title='bbox 773 2830 967 2890; x_wconf 90' lang='lat' dir='ltr'>mala.</span> 
     </span>
    </p>

    <p class='ocr_par' dir='ltr' id='par_1_5' title="bbox 498 2942 2067 5709">
     <span class='ocr_line' id='line_1_22' title="bbox 593 2942 2059 3021; baseline -0.002 -15"><span class='ocrx_word' id='word_1_115' title='bbox 593 2946 829 3007; x_wconf 83' lang='lat' dir='ltr'>Praeter</span> <span class='ocrx_word' id='word_1_116' title='bbox 883 2946 1079 3006; x_wconf 91' lang='lat' dir='ltr'>etiam</span> <span class='ocrx_word' id='word_1_117' title='bbox 1154 2942 1493 3021; x_wconf 73' lang='lat' dir='ltr'>praedicta,</span> <span class='ocrx_word' id='word_1_118' title='bbox 1568 2948 1747 3020; x_wconf 89' lang='lat' dir='ltr'>patet</span> <span class='ocrx_word' id='word_1_119' title='bbox 1808 2943 2059 3005; x_wconf 89' lang='lat' dir='ltr'>nullum</span> 
     </span>
     <span class='ocr_line' id='line_1_23' title="bbox 518 3060 2059 3140; baseline -0.003 -15"><span class='ocrx_word' id='word_1_120' title='bbox 518 3079 665 3125; x_wconf 91' lang='lat' dir='ltr'>esse</span> <span class='ocrx_word' id='word_1_121' title='bbox 710 3061 1217 3123; x_wconf 86' lang='lat' dir='ltr'>fundamentum</span> <span class='ocrx_word' id='word_1_122' title='bbox 1253 3061 1399 3123; x_wconf 92' lang='lat' dir='ltr'>talis</span> <span class='ocrx_word' id='word_1_123' title='bbox 1428 3060 1848 3140; x_wconf 82' lang='lat' dir='ltr'>obligationis</span> <span class='ocrx_word' id='word_1_124' title='bbox 1877 3067 2059 3121; x_wconf 86' lang='lat' dir='ltr'>natu-</span> 
     </span>
     <span class='ocr_line' id='line_1_24' title="bbox 518 3175 2061 3257; baseline -0.001 -17"><span class='ocrx_word' id='word_1_125' title='bbox 518 3179 689 3252; x_wconf 81' lang='lat' dir='ltr'>raliS,</span> <span class='ocrx_word' id='word_1_126' title='bbox 724 3179 875 3257; x_wconf 89' lang='lat' dir='ltr'>quia</span> <span class='ocrx_word' id='word_1_127' title='bbox 915 3179 1019 3239; x_wconf 86' lang='lat' dir='ltr'>vel</span> <span class='ocrx_word' id='word_1_128' title='bbox 1052 3178 1191 3239; x_wconf 85' lang='lat' dir='ltr'>talis</span> <span class='ocrx_word' id='word_1_129' title='bbox 1223 3181 1422 3247; x_wconf 89' lang='lat' dir='ltr'>esset,</span> <span class='ocrx_word' id='word_1_130' title='bbox 1475 3181 1545 3237; x_wconf 83' lang='lat' dir='ltr'>ut</span> <span class='ocrx_word' id='word_1_131' title='bbox 1587 3191 1851 3253; x_wconf 87' lang='lat' dir='ltr'>semper</span> <span class='ocrx_word' id='word_1_132' title='bbox 1895 3175 2061 3239; x_wconf 90' lang='lat' dir='ltr'>obli-</span> 
     </span>
     <span class='ocr_line' id='line_1_25' title="bbox 513 3294 2062 3375; baseline -0.002 -19"><span class='ocrx_word' id='word_1_133' title='bbox 513 3301 786 3375; x_wconf 88' lang='lat' dir='ltr'>garetur</span> <span class='ocrx_word' id='word_1_134' title='bbox 841 3309 1050 3374; x_wconf 88' lang='lat' dir='ltr'>agens</span> <span class='ocrx_word' id='word_1_135' title='bbox 1108 3294 1470 3356; x_wconf 77' lang='lat' dir='ltr'>deliberate</span> <span class='ocrx_word' id='word_1_136' title='bbox 1529 3310 1729 3374; x_wconf 89' lang='lat' dir='ltr'>agere</span> <span class='ocrx_word' id='word_1_137' title='bbox 1790 3298 2062 3372; x_wconf 87' lang='lat' dir='ltr'>propter</span> 
     </span>
     <span class='ocr_line' id='line_1_26' title="bbox 513 3410 2061 3486; baseline -0.004 -10"><span class='ocrx_word' id='word_1_138' title='bbox 513 3413 712 3476; x_wconf 88' lang='lat' dir='ltr'>finem</span> <span class='ocrx_word' id='word_1_139' title='bbox 772 3414 1121 3475; x_wconf 90' lang='lat' dir='ltr'>honesturn</span> <span class='ocrx_word' id='word_1_140' title='bbox 1202 3414 1681 3486; x_wconf 83' lang='lat' dir='ltr'>extrinsecum;</span> <span class='ocrx_word' id='word_1_141' title='bbox 1744 3410 1865 3472; x_wconf 91' lang='lat' dir='ltr'>sed</span> <span class='ocrx_word' id='word_1_142' title='bbox 1936 3412 2061 3471; x_wconf 80' lang='lat' dir='ltr'>hoo</span> 
     </span>
     <span class='ocr_line' id='line_1_27' title="bbox 511 3528 2058 3624; baseline -0.002 -33"><span class='ocrx_word' id='word_1_143' title='bbox 511 3546 669 3603; x_wconf 89' lang='lat' dir='ltr'>non,</span> <span class='ocrx_word' id='word_1_144' title='bbox 705 3530 854 3624; x_wconf 64' lang='lat' dir='ltr'>quiq</span> <span class='ocrx_word' id='word_1_145' title='bbox 904 3528 1082 3588; x_wconf 90' lang='lat' dir='ltr'>nulla</span> <span class='ocrx_word' id='word_1_146' title='bbox 1110 3528 1332 3608; x_wconf 46' lang='lat' dir='ltr'>,virtus</span> <span class='ocrx_word' id='word_1_147' title='bbox 1384 3528 1649 3589; x_wconf 86' lang='lat' dir='ltr'>moralis</span> <span class='ocrx_word' id='word_1_148' title='bbox 1694 3528 2058 3602; x_wconf 88' lang='lat' dir='ltr'>ordinatur,</span> 
     </span>
     <span class='ocr_line' id='line_1_28' title="bbox 507 3642 2060 3723; baseline -0.002 -15"><span class='ocrx_word' id='word_1_149' title='bbox 507 3645 596 3708; x_wconf 88' lang='lat' dir='ltr'>ad</span> <span class='ocrx_word' id='word_1_150' title='bbox 636 3645 825 3707; x_wconf 91' lang='lat' dir='ltr'>aliam</span> <span class='ocrx_word' id='word_1_151' title='bbox 872 3651 1180 3723; x_wconf 87' lang='lat' dir='ltr'>tanquam</span> <span class='ocrx_word' id='word_1_152' title='bbox 1242 3643 1322 3705; x_wconf 88' lang='lat' dir='ltr'>ad</span> <span class='ocrx_word' id='word_1_153' title='bbox 1380 3642 1604 3716; x_wconf 89' lang='lat' dir='ltr'>finem,</span> <span class='ocrx_word' id='word_1_154' title='bbox 1667 3643 2060 3705; x_wconf 85' lang='lat' dir='ltr'>necessitate</span> 
     </span>
     <span class='ocr_line' id='line_1_29' title="bbox 510 3759 2062 3840; baseline -0.001 -19"><span class='ocrx_word' id='word_1_155' title='bbox 510 3762 816 3840; x_wconf 84' lang='lat' dir='ltr'>praecepti</span> <span class='ocrx_word' id='word_1_156' title='bbox 848 3759 933 3821; x_wconf 86' lang='lat' dir='ltr'>ad</span> <span class='ocrx_word' id='word_1_157' title='bbox 977 3760 1168 3822; x_wconf 85' lang='lat' dir='ltr'>aliam</span> <span class='ocrx_word' id='word_1_158' title='bbox 1206 3759 1347 3821; x_wconf 87' lang='lat' dir='ltr'>dico</span> <span class='ocrx_word' id='word_1_159' title='bbox 1398 3760 1706 3820; x_wconf 88' lang='lat' dir='ltr'>virtutem</span> <span class='ocrx_word' id='word_1_160' title='bbox 1750 3761 2062 3821; x_wconf 86' lang='lat' dir='ltr'>naturalis</span> 
     </span>
     <span class='ocr_line' id='line_1_30' title="bbox 513 3877 2065 3956; baseline 0 -16"><span class='ocrx_word' id='word_1_161' title='bbox 513 3878 783 3951; x_wconf 89' lang='lat' dir='ltr'>ordinis,</span> <span class='ocrx_word' id='word_1_162' title='bbox 862 3877 946 3939; x_wconf 92' lang='lat' dir='ltr'>ad</span> <span class='ocrx_word' id='word_1_163' title='bbox 1019 3877 1434 3956; x_wconf 89' lang='lat' dir='ltr'>prudentiam</span> <span class='ocrx_word' id='word_1_164' title='bbox 1491 3878 1701 3939; x_wconf 90' lang='lat' dir='ltr'>solum</span> <span class='ocrx_word' id='word_1_165' title='bbox 1764 3878 2065 3956; x_wconf 81' lang='lat' dir='ltr'>quaelibet</span> 
     </span>
     <span class='ocr_line' id='line_1_31' title="bbox 513 3992 2061 4073; baseline 0.002 -19"><span class='ocrx_word' id='word_1_166' title='bbox 513 3992 875 4065; x_wconf 89' lang='lat' dir='ltr'>ordinatur,</span> <span class='ocrx_word' id='word_1_167' title='bbox 927 3997 1237 4071; x_wconf 84' lang='lat' dir='ltr'>tanquam</span> <span class='ocrx_word' id='word_1_168' title='bbox 1298 3993 1382 4055; x_wconf 90' lang='lat' dir='ltr'>ad</span> <span class='ocrx_word' id='word_1_169' title='bbox 1442 3994 1743 4073; x_wconf 83' lang='lat' dir='ltr'>regulam</span> <span class='ocrx_word' id='word_1_170' title='bbox 1811 3993 2061 4057; x_wconf 90' lang='lat' dir='ltr'>directi·</span> 
     </span>
     <span class='ocr_line' id='line_1_32' title="bbox 510 4111 2061 4193; baseline 0.001 -20"><span class='ocrx_word' id='word_1_171' title='bbox 510 4127 685 4188; x_wconf 89' lang='lat' dir='ltr'>vam,</span> <span class='ocrx_word' id='word_1_172' title='bbox 740 4128 868 4173; x_wconf 91' lang='lat' dir='ltr'>non</span> <span class='ocrx_word' id='word_1_173' title='bbox 919 4116 1229 4190; x_wconf 86' lang='lat' dir='ltr'>tanquam</span> <span class='ocrx_word' id='word_1_174' title='bbox 1281 4111 1480 4174; x_wconf 87' lang='lat' dir='ltr'>finem</span> <span class='ocrx_word' id='word_1_175' title='bbox 1525 4119 1795 4191; x_wconf 87' lang='lat' dir='ltr'>propter</span> <span class='ocrx_word' id='word_1_176' title='bbox 1839 4130 2061 4193; x_wconf 90' lang='lat' dir='ltr'>quem.</span> 
     </span>
     <span class='ocr_line' id='line_1_33' title="bbox 517 4228 2062 4309; baseline 0.003 -19"><span class='ocrx_word' id='word_1_177' title='bbox 517 4228 850 4299; x_wconf 90' lang='lat' dir='ltr'>Secundo,</span> <span class='ocrx_word' id='word_1_178' title='bbox 907 4228 1054 4306; x_wconf 89' lang='lat' dir='ltr'>quia</span> <span class='ocrx_word' id='word_1_179' title='bbox 1108 4230 1348 4292; x_wconf 88' lang='lat' dir='ltr'>sistens</span> <span class='ocrx_word' id='word_1_180' title='bbox 1393 4229 1459 4292; x_wconf 91' lang='lat' dir='ltr'>in</span> <span class='ocrx_word' id='word_1_181' title='bbox 1508 4234 1767 4309; x_wconf 90' lang='lat' dir='ltr'>proprio</span> <span class='ocrx_word' id='word_1_182' title='bbox 1821 4232 2062 4294; x_wconf 89' lang='lat' dir='ltr'>motivo</span> 
     </span>
     <span class='ocr_line' id='line_1_34' title="bbox 517 4344 2066 4426; baseline 0.001 -18"><span class='ocrx_word' id='word_1_183' title='bbox 517 4346 797 4418; x_wconf 79' lang='lat' dir='ltr'>virtutis,</span> <span class='ocrx_word' id='word_1_184' title='bbox 829 4344 1121 4407; x_wconf 89' lang='lat' dir='ltr'>studiose</span> <span class='ocrx_word' id='word_1_185' title='bbox 1159 4351 1466 4423; x_wconf 87' lang='lat' dir='ltr'>operatur</span> <span class='ocrx_word' id='word_1_186' title='bbox 1498 4363 1579 4408; x_wconf 88' lang='lat' dir='ltr'>ex</span> <span class='ocrx_word' id='word_1_187' title='bbox 1606 4363 1878 4426; x_wconf 83' lang='lat' dir='ltr'>genere,</span> <span class='ocrx_word' id='word_1_188' title='bbox 1912 4348 2066 4411; x_wconf 90' lang='lat' dir='ltr'>licet</span> 
     </span>
     <span class='ocr_line' id='line_1_35' title="bbox 516 4459 2064 4540; baseline 0.002 -18"><span class='ocrx_word' id='word_1_189' title='bbox 516 4479 648 4523; x_wconf 95' lang='lat' dir='ltr'>non</span> <span class='ocrx_word' id='word_1_190' title='bbox 697 4459 1093 4522; x_wconf 85' lang='lat' dir='ltr'>extendatur</span> <span class='ocrx_word' id='word_1_191' title='bbox 1138 4466 1325 4521; x_wconf 89' lang='lat' dir='ltr'>actus</span> <span class='ocrx_word' id='word_1_192' title='bbox 1383 4461 1529 4540; x_wconf 89' lang='lat' dir='ltr'>ejus</span> <span class='ocrx_word' id='word_1_193' title='bbox 1574 4461 1655 4522; x_wconf 92' lang='lat' dir='ltr'>ad</span> <span class='ocrx_word' id='word_1_194' title='bbox 1698 4461 1897 4524; x_wconf 87' lang='lat' dir='ltr'>finem</span> <span class='ocrx_word' id='word_1_195' title='bbox 1947 4479 2064 4525; x_wconf 84' lang='lat' dir='ltr'>ex-</span> 
     </span>
     <span class='ocr_line' id='line_1_36' title="bbox 517 4576 2059 4657; baseline 0.001 -18"><span class='ocrx_word' id='word_1_196' title='bbox 517 4581 895 4652; x_wconf 88' lang='lat' dir='ltr'>trinsecum,</span> <span class='ocrx_word' id='word_1_197' title='bbox 930 4594 1086 4657; x_wconf 81' lang='lat' dir='ltr'>ergo</span> <span class='ocrx_word' id='word_1_198' title='bbox 1143 4576 1319 4637; x_wconf 89' lang='lat' dir='ltr'>nulla</span> <span class='ocrx_word' id='word_1_199' title='bbox 1370 4583 1469 4637; x_wconf 91' lang='lat' dir='ltr'>est</span> <span class='ocrx_word' id='word_1_200' title='bbox 1518 4576 1827 4656; x_wconf 85' lang='lat' dir='ltr'>obligatio</span> <span class='ocrx_word' id='word_1_201' title='bbox 1875 4585 2059 4640; x_wconf 88' lang='lat' dir='ltr'>natu-</span> 
     </span>
     <span class='ocr_line' id='line_1_37' title="bbox 514 4693 2064 4767; baseline -0.002 -8"><span class='ocrx_word' id='word_1_202' title='bbox 514 4697 667 4759; x_wconf 89' lang='lat' dir='ltr'>ralis</span> <span class='ocrx_word' id='word_1_203' title='bbox 697 4697 822 4757; x_wconf 90' lang='lat' dir='ltr'>hoc</span> <span class='ocrx_word' id='word_1_204' title='bbox 854 4693 1079 4756; x_wconf 87' lang='lat' dir='ltr'>modo.</span> <span class='ocrx_word' id='word_1_205' title='bbox 1124 4695 1364 4767; x_wconf 85' lang='lat' dir='ltr'>Tertio,</span> <span class='ocrx_word' id='word_1_206' title='bbox 1399 4693 1553 4755; x_wconf 91' lang='lat' dir='ltr'>licet</span> <span class='ocrx_word' id='word_1_207' title='bbox 1595 4708 1827 4755; x_wconf 90' lang='lat' dir='ltr'>omnes</span> <span class='ocrx_word' id='word_1_208' title='bbox 1870 4695 2064 4757; x_wconf 87' lang='lat' dir='ltr'>virtu-</span> 
     </span>
     <span class='ocr_line' id='line_1_38' title="bbox 498 4787 2065 4885; baseline -0.002 -7"><span class='ocrx_word' id='word_1_209' title='bbox 498 4787 616 4877; x_wconf 87' lang='lat' dir='ltr'>tes</span> <span class='ocrx_word' id='word_1_210' title='bbox 661 4814 1128 4878; x_wconf 86' lang='lat' dir='ltr'>ordinarentur</span> <span class='ocrx_word' id='word_1_211' title='bbox 1194 4810 1276 4871; x_wconf 90' lang='lat' dir='ltr'>ad</span> <span class='ocrx_word' id='word_1_212' title='bbox 1333 4808 1533 4872; x_wconf 87' lang='lat' dir='ltr'>finem</span> <span class='ocrx_word' id='word_1_213' title='bbox 1576 4811 1926 4885; x_wconf 80' lang='lat' dir='ltr'>charitatiS,</span> <span class='ocrx_word' id='word_1_214' title='bbox 1999 4813 2065 4875; x_wconf 93' lang='lat' dir='ltr'>id</span> 
     </span>
     <span class='ocr_line' id='line_1_39' title="bbox 513 4926 2060 5012; baseline -0.002 -20"><span class='ocrx_word' id='word_1_215' title='bbox 513 4930 891 5012; x_wconf 81' lang='lat' dir='ltr'>proveniret</span> <span class='ocrx_word' id='word_1_216' title='bbox 930 4945 1012 4990; x_wconf 85' lang='lat' dir='ltr'>ex</span> <span class='ocrx_word' id='word_1_217' title='bbox 1058 4926 1472 4989; x_wconf 89' lang='lat' dir='ltr'>ordinatione</span> <span class='ocrx_word' id='word_1_218' title='bbox 1506 4927 1873 4988; x_wconf 79' lang='lat' dir='ltr'>extrinseca</span> <span class='ocrx_word' id='word_1_219' title='bbox 1925 4929 2060 4999; x_wconf 82' lang='lat' dir='ltr'>Dei,</span> 
     </span>
     <span class='ocr_line' id='line_1_40' title="bbox 512 5044 2064 5128; baseline -0.003 -18"><span class='ocrx_word' id='word_1_220' title='bbox 512 5065 664 5128; x_wconf 83' lang='lat' dir='ltr'>quae</span> <span class='ocrx_word' id='word_1_221' title='bbox 721 5064 856 5109; x_wconf 87' lang='lat' dir='ltr'>non</span> <span class='ocrx_word' id='word_1_222' title='bbox 898 5044 1150 5107; x_wconf 83' lang='lat' dir='ltr'>inducit.</span> <span class='ocrx_word' id='word_1_223' title='bbox 1207 5044 1677 5123; x_wconf 84' lang='lat' dir='ltr'>obligationem</span> <span class='ocrx_word' id='word_1_224' title='bbox 1740 5048 2064 5124; x_wconf 65' lang='lat' dir='ltr'>praecepti,</span> 
     </span>
     <span class='ocr_line' id='line_1_41' title="bbox 512 5163 2064 5242; baseline -0.003 -14"><span class='ocrx_word' id='word_1_225' title='bbox 512 5167 704 5229; x_wconf 90' lang='lat' dir='ltr'>etiam</span> <span class='ocrx_word' id='word_1_226' title='bbox 753 5163 1031 5242; x_wconf 89' lang='lat' dir='ltr'>positivi,</span> <span class='ocrx_word' id='word_1_227' title='bbox 1082 5178 1200 5239; x_wconf 90' lang='lat' dir='ltr'>per</span> <span class='ocrx_word' id='word_1_228' title='bbox 1253 5177 1324 5220; x_wconf 92' lang='lat' dir='ltr'>se</span> <span class='ocrx_word' id='word_1_229' title='bbox 1370 5175 1660 5237; x_wconf 89' lang='lat' dir='ltr'>semper,</span> <span class='ocrx_word' id='word_1_230' title='bbox 1710 5167 1783 5222; x_wconf 88' lang='lat' dir='ltr'>ut</span> <span class='ocrx_word' id='word_1_231' title='bbox 1834 5178 2064 5223; x_wconf 90' lang='lat' dir='ltr'>conce·</span> 
     </span>
     <span class='ocr_line' id='line_1_42' title="bbox 510 5276 2059 5356; baseline -0.003 -13"><span class='ocrx_word' id='word_1_232' title='bbox 510 5283 673 5343; x_wconf 86' lang='lat' dir='ltr'>dunt</span> <span class='ocrx_word' id='word_1_233' title='bbox 716 5278 1111 5351; x_wconf 87' lang='lat' dir='ltr'>adversarii;</span> <span class='ocrx_word' id='word_1_234' title='bbox 1166 5283 1232 5338; x_wconf 87' lang='lat' dir='ltr'>et</span> <span class='ocrx_word' id='word_1_235' title='bbox 1279 5276 1599 5356; x_wconf 89' lang='lat' dir='ltr'>quidquid</span> <span class='ocrx_word' id='word_1_236' title='bbox 1650 5279 1732 5339; x_wconf 90' lang='lat' dir='ltr'>sit</span> <span class='ocrx_word' id='word_1_237' title='bbox 1782 5277 1863 5339; x_wconf 91' lang='lat' dir='ltr'>de</span> <span class='ocrx_word' id='word_1_238' title='bbox 1913 5279 2059 5352; x_wconf 87' lang='lat' dir='ltr'>hoc,</span> 
     </span>
     <span class='ocr_line' id='line_1_43' title="bbox 508 5395 2066 5472; baseline -0.003 -13"><span class='ocrx_word' id='word_1_239' title='bbox 508 5398 737 5459; x_wconf 87' lang='lat' dir='ltr'>saltem</span> <span class='ocrx_word' id='word_1_240' title='bbox 796 5410 927 5455; x_wconf 90' lang='lat' dir='ltr'>non</span> <span class='ocrx_word' id='word_1_241' title='bbox 964 5398 1065 5454; x_wconf 88' lang='lat' dir='ltr'>est</span> <span class='ocrx_word' id='word_1_242' title='bbox 1096 5398 1501 5471; x_wconf 83' lang='lat' dir='ltr'>praeceptum</span> <span class='ocrx_word' id='word_1_243' title='bbox 1533 5395 1852 5463; x_wconf 87' lang='lat' dir='ltr'>naturale,</span> <span class='ocrx_word' id='word_1_244' title='bbox 1888 5395 2066 5472; x_wconf 89' lang='lat' dir='ltr'>quod</span> 
     </span>
     <span class='ocr_line' id='line_1_44' title="bbox 516 5508 2061 5590; baseline -0.003 -15"><span class='ocrx_word' id='word_1_245' title='bbox 516 5513 767 5590; x_wconf 85' lang='lat' dir='ltr'>obligat</span> <span class='ocrx_word' id='word_1_246' title='bbox 797 5511 879 5572; x_wconf 93' lang='lat' dir='ltr'>ad</span> <span class='ocrx_word' id='word_1_247' title='bbox 934 5509 1334 5571; x_wconf 89' lang='lat' dir='ltr'>servandum</span> <span class='ocrx_word' id='word_1_248' title='bbox 1376 5509 1551 5570; x_wconf 87' lang='lat' dir='ltr'>hunc</span> <span class='ocrx_word' id='word_1_249' title='bbox 1603 5508 1902 5570; x_wconf 82' lang='lat' dir='ltr'>ordinem</span> <span class='ocrx_word' id='word_1_250' title='bbox 1953 5527 2061 5570; x_wconf 91' lang='lat' dir='ltr'>su-</span> 
     </span>
     <span class='ocr_line' id='line_1_45' title="bbox 523 5621 2067 5709; baseline -0.003 -21"><span class='ocrx_word' id='word_1_251' title='bbox 523 5623 1035 5709; x_wconf 81' lang='lat' dir='ltr'>pernaturalem.</span> <span class='ocrx_word' id='word_1_252' title='bbox 1093 5621 1359 5698; x_wconf 81' lang='lat' dir='ltr'>QuartO,</span> <span class='ocrx_word' id='word_1_253' title='bbox 1408 5621 1471 5682; x_wconf 92' lang='lat' dir='ltr'>in</span> <span class='ocrx_word' id='word_1_254' title='bbox 1524 5621 1684 5698; x_wconf 86' lang='lat' dir='ltr'>ipsis</span> <span class='ocrx_word' id='word_1_255' title='bbox 1754 5622 2067 5700; x_wconf 88' lang='lat' dir='ltr'>operibus</span> 
     </span>
    </p>
   </div>
   <div class='ocr_carea' id='block_1_4' title="bbox 165 2971 488 3394">
    <p class='ocr_par' dir='ltr' id='par_1_6' title="bbox 165 2971 488 3394">
     <span class='ocr_line' id='line_1_46' title="bbox 193 2971 454 3027; baseline -0.015 -6"><span class='ocrx_word' id='word_1_256' title='bbox 193 2971 304 3027; x_wconf 78' lang='lat' dir='ltr'>Nor.</span> <span class='ocrx_word' id='word_1_257' title='bbox 344 2984 454 3018; x_wconf 83' lang='lat' dir='ltr'>esse</span> 
     </span>
     <span class='ocr_line' id='line_1_47' title="bbox 178 3036 488 3098; baseline -0.013 -16"><span class='ocrx_word' id='word_1_258' title='bbox 178 3036 488 3098; x_wconf 80' lang='lat' dir='ltr'>praeceptum</span> 
     </span>
     <span class='ocr_line' id='line_1_48' title="bbox 203 3093 448 3160; baseline 0.004 -17"><span class='ocrx_word' id='word_1_259' title='bbox 203 3108 265 3160; x_wconf 84' lang='lat' dir='ltr'>op</span> <span class='ocrx_word' id='word_1_260' title='bbox 273 3093 448 3144; x_wconf 74' lang='lat' dir='ltr'>eraudi</span> 
     </span>
     <span class='ocr_line' id='line_1_49' title="bbox 229 3170 429 3221; baseline -0.01 -14"><span class='ocrx_word' id='word_1_261' title='bbox 229 3170 429 3221; x_wconf 81' lang='lat' dir='ltr'>semper</span> 
     </span>
     <span class='ocr_line' id='line_1_50' title="bbox 228 3226 436 3285; baseline -0.01 -17"><span class='ocrx_word' id='word_1_262' title='bbox 228 3226 436 3285; x_wconf 84' lang='lat' dir='ltr'>propter</span> 
     </span>
     <span class='ocr_line' id='line_1_51' title="bbox 188 3282 463 3331; baseline -0.007 0"><span class='ocrx_word' id='word_1_263' title='bbox 188 3282 337 3331; x_wconf 83' lang='lat' dir='ltr'>finem</span> <span class='ocrx_word' id='word_1_264' title='bbox 371 3296 463 3330; x_wconf 82' lang='lat' dir='ltr'>ex-</span> 
     </span>
     <span class='ocr_line' id='line_1_52' title="bbox 165 3344 475 3394; baseline 0.003 -1"><span class='ocrx_word' id='word_1_265' title='bbox 165 3344 451 3393; x_wconf 81' lang='lat' dir='ltr'>trinsecum</span> <span class='ocrx_word' id='word_1_266' title='bbox 464 3383 475 3394; x_wconf 91' lang='lat'><strong>.</strong></span> 
     </span>
    </p>
   </div>
   <div class='ocr_carea' id='block_1_5' title="bbox 3612 446 3731 509">
    <p class='ocr_par' dir='ltr' id='par_1_7' title="bbox 3612 446 3731 509">
     <span class='ocr_line' id='line_1_53' title="bbox 3612 446 3731 509; baseline -0.017 0"><span class='ocrx_word' id='word_1_267' title='bbox 3612 446 3731 509; x_wconf 81' lang='lat'>645</span> 
     </span>
    </p>
   </div>
   <div class='ocr_carea' id='block_1_6' title="bbox 2175 611 3727 917">
    <p class='ocr_par' dir='ltr' id='par_1_8' title="bbox 2175 611 3727 917">
     <span class='ocr_line' id='line_1_54' title="bbox 2175 611 3726 695; baseline -0.005 -19"><span class='ocrx_word' id='word_1_268' title='bbox 2175 616 2774 695; x_wconf 87' lang='lat' dir='ltr'>supernaturalibus</span> <span class='ocrx_word' id='word_1_269' title='bbox 2832 632 2964 676; x_wconf 88' lang='lat' dir='ltr'>non</span> <span class='ocrx_word' id='word_1_270' title='bbox 3024 620 3123 676; x_wconf 84' lang='lat' dir='ltr'>est</span> <span class='ocrx_word' id='word_1_271' title='bbox 3183 613 3325 675; x_wconf 89' lang='lat' dir='ltr'>talis</span> <span class='ocrx_word' id='word_1_272' title='bbox 3385 611 3726 689; x_wconf 85' lang='lat' dir='ltr'>obligatiO,</span> 
     </span>
     <span class='ocr_line' id='line_1_55' title="bbox 2177 714 3727 813; baseline -0.007 -19"><span class='ocrx_word' id='word_1_273' title='bbox 2177 735 2333 813; x_wconf 91' lang='lat' dir='ltr'>quin</span> <span class='ocrx_word' id='word_1_274' title='bbox 2379 736 2611 795; x_wconf 84' lang='lat' dir='ltr'>sistere</span> <span class='ocrx_word' id='word_1_275' title='bbox 2660 735 2865 811; x_wconf 87' lang='lat' dir='ltr'>possit</span> <span class='ocrx_word' id='word_1_276' title='bbox 2915 732 3092 793; x_wconf 92' lang='lat' dir='ltr'>licite</span> <span class='ocrx_word' id='word_1_277' title='bbox 3137 744 3424 808; x_wconf 84' lang='lat' dir='ltr'>operans</span> <span class='ocrx_word' id='word_1_278' title='bbox 3469 714 3551 786; x_wconf 69' lang='lat' dir='ltr'>vin</span> <span class='ocrx_word' id='word_1_279' title='bbox 3595 741 3727 784; x_wconf 87' lang='lat' dir='ltr'>mo·</span> 
     </span>
     <span class='ocr_line' id='line_1_56' title="bbox 2175 853 2980 917; baseline -0.005 -1"><span class='ocrx_word' id='word_1_280' title='bbox 2175 857 2302 917; x_wconf 92' lang='lat' dir='ltr'>tivo</span> <span class='ocrx_word' id='word_1_281' title='bbox 2336 861 2402 915; x_wconf 90' lang='lat' dir='ltr'>et</span> <span class='ocrx_word' id='word_1_282' title='bbox 2429 854 2559 915; x_wconf 89' lang='lat' dir='ltr'>fine</span> <span class='ocrx_word' id='word_1_283' title='bbox 2602 853 2980 915; x_wconf 85' lang='lat' dir='ltr'>intrinseco,</span> 
     </span>
    </p>
   </div>
   <div class='ocr_carea' id='block_1_7' title="bbox 2249 962 4009 1088">
    <p class='ocr_par' dir='ltr' id='par_1_9' title="bbox 2249 962 4009 1088">
     <span class='ocr_line' id='line_1_57' title="bbox 2249 962 4009 1088; baseline -0.009 -56"><span class='ocrx_word' id='word_1_284' title='bbox 2249 971 2309 1032; x_wconf 92' lang='lat' dir='ltr'>Si</span> <span class='ocrx_word' id='word_1_285' title='bbox 2369 975 2590 1032; x_wconf 86' lang='lat' dir='ltr'>autem</span> <span class='ocrx_word' id='word_1_286' title='bbox 2648 970 3047 1048; x_wconf 80' lang='lat' dir='ltr'>intelligatur</span> <span class='ocrx_word' id='word_1_287' title='bbox 3105 963 3268 1027; x_wconf 87' lang='lat' dir='ltr'>illud</span> <span class='ocrx_word' id='word_1_288' title='bbox 3319 969 3721 1041; x_wconf 69' lang='lat' dir='ltr'>praeceptum</span> <span class='ocrx_word' id='word_1_289' title='bbox 3832 962 4009 1088; x_wconf 46' lang='lat' dir='ltr'>NssgZI-ue</span> 
     </span>
    </p>
   </div>
   <div class='ocr_carea' id='block_1_8' title="bbox 2169 1078 4062 1511">
    <p class='ocr_par' dir='ltr' id='par_1_10' title="bbox 2169 1078 4062 1511">
     <span class='ocr_line' id='line_1_58' title="bbox 2173 1078 4022 1161; baseline -0.006 -15"><span class='ocrx_word' id='word_1_290' title='bbox 2173 1101 2320 1146; x_wconf 88' lang='lat' dir='ltr'>esse</span> <span class='ocrx_word' id='word_1_291' title='bbox 2350 1088 2416 1146; x_wconf 91' lang='lat' dir='ltr'>in</span> <span class='ocrx_word' id='word_1_292' title='bbox 2450 1103 2555 1157; x_wconf 90' lang='lat' dir='ltr'>eo,</span> <span class='ocrx_word' id='word_1_293' title='bbox 2602 1089 2676 1146; x_wconf 89' lang='lat' dir='ltr'>ut</span> <span class='ocrx_word' id='word_1_294' title='bbox 2727 1084 2872 1161; x_wconf 88' lang='lat' dir='ltr'>quis</span> <span class='ocrx_word' id='word_1_295' title='bbox 2921 1087 3221 1144; x_wconf 88' lang='lat' dir='ltr'>teneatur</span> <span class='ocrx_word' id='word_1_296' title='bbox 3265 1078 3520 1157; x_wconf 91' lang='lat' dir='ltr'>operari</span> <span class='ocrx_word' id='word_1_297' title='bbox 3568 1094 3717 1139; x_wconf 90' lang='lat' dir='ltr'>cum</span> <span class='ocrx_word' id='word_1_298' title='bbox 3793 1086 4022 1148; x_wconf 78' lang='lat' dir='ltr'>obligans</span> 
     </span>
     <span class='ocr_line' id='line_1_59' title="bbox 2172 1149 4062 1278; baseline -0.002 -15"><span class='ocrx_word' id='word_1_299' title='bbox 2172 1200 2646 1263; x_wconf 85' lang='lat' dir='ltr'>deliberatione</span> <span class='ocrx_word' id='word_1_300' title='bbox 2691 1197 2963 1278; x_wconf 89' lang='lat' dir='ltr'>aliquod</span> <span class='ocrx_word' id='word_1_301' title='bbox 3021 1214 3287 1274; x_wconf 91' lang='lat' dir='ltr'>semper</span> <span class='ocrx_word' id='word_1_302' title='bbox 3345 1211 3535 1272; x_wconf 92' lang='lat' dir='ltr'>opus,</span> <span class='ocrx_word' id='word_1_303' title='bbox 3586 1195 3713 1256; x_wconf 86' lang='lat' dir='ltr'>sal·</span> <span class='ocrx_word' id='word_1_304' title='bbox 3773 1149 4062 1273; x_wconf 46' lang='lat' dir='ltr'>disjfffclio-</span> 
     </span>
     <span class='ocr_line' id='line_1_60' title="bbox 2175 1274 4044 1407; baseline -0.005 -29"><span class='ocrx_word' id='word_1_305' title='bbox 2175 1324 2304 1379; x_wconf 90' lang='lat' dir='ltr'>tem</span> <span class='ocrx_word' id='word_1_306' title='bbox 2365 1334 2445 1377; x_wconf 86' lang='lat' dir='ltr'>ex</span> <span class='ocrx_word' id='word_1_307' title='bbox 2505 1316 2762 1393; x_wconf 88' lang='lat' dir='ltr'>objecto</span> <span class='ocrx_word' id='word_1_308' title='bbox 2812 1316 3187 1385; x_wconf 86' lang='lat' dir='ltr'>honesturn,</span> <span class='ocrx_word' id='word_1_309' title='bbox 3248 1313 3354 1374; x_wconf 82' lang='lat' dir='ltr'>vel</span> <span class='ocrx_word' id='word_1_310' title='bbox 3402 1316 3578 1371; x_wconf 81' lang='lat' dir='ltr'>certe</span> <span class='ocrx_word' id='word_1_311' title='bbox 3641 1328 3718 1372; x_wconf 85' lang='lat' dir='ltr'>ex</span> <span class='ocrx_word' id='word_1_312' title='bbox 3770 1274 4044 1407; x_wconf 46' lang='lat' dir='ltr'>bosszssdex</span> 
     </span>
     <span class='ocr_line' id='line_1_61' title="bbox 2169 1398 4020 1511; baseline -0.003 -20"><span class='ocrx_word' id='word_1_313' title='bbox 2169 1430 2323 1503; x_wconf 88' lang='lat' dir='ltr'>fine,</span> <span class='ocrx_word' id='word_1_314' title='bbox 2360 1431 2422 1492; x_wconf 89' lang='lat' dir='ltr'>id</span> <span class='ocrx_word' id='word_1_315' title='bbox 2455 1448 2587 1494; x_wconf 90' lang='lat' dir='ltr'>non</span> <span class='ocrx_word' id='word_1_316' title='bbox 2638 1431 2985 1510; x_wconf 81' lang='lat' dir='ltr'>colligitur,</span> <span class='ocrx_word' id='word_1_317' title='bbox 3042 1431 3192 1507; x_wconf 88' lang='lat' dir='ltr'>quia</span> <span class='ocrx_word' id='word_1_318' title='bbox 3235 1429 3330 1488; x_wconf 92' lang='lat' dir='ltr'>sic</span> <span class='ocrx_word' id='word_1_319' title='bbox 3384 1431 3722 1488; x_wconf 88' lang='lat' dir='ltr'>teneretur</span> <span class='ocrx_word' id='word_1_320' title='bbox 3799 1398 4020 1511; x_wconf 49' lang='lat' dir='ltr'>23⁹3ssssss</span> 
     </span>
    </p>
   </div>
   <div class='ocr_carea' id='block_1_9' title="bbox 2171 1540 4068 5591">
    <p class='ocr_par' dir='ltr' id='par_1_11' title="bbox 2171 1540 3722 2429">
     <span class='ocr_line' id='line_1_62' title="bbox 2171 1540 3719 1625; baseline -0.003 -18"><span class='ocrx_word' id='word_1_321' title='bbox 2171 1564 2441 1625; x_wconf 89' lang='lat' dir='ltr'>semper</span> <span class='ocrx_word' id='word_1_322' title='bbox 2466 1548 2713 1609; x_wconf 87' lang='lat' dir='ltr'>habere</span> <span class='ocrx_word' id='word_1_323' title='bbox 2760 1562 2928 1622; x_wconf 89' lang='lat' dir='ltr'>opus</span> <span class='ocrx_word' id='word_1_324' title='bbox 2987 1561 3070 1606; x_wconf 83' lang='lat' dir='ltr'>ex</span> <span class='ocrx_word' id='word_1_325' title='bbox 3113 1560 3386 1624; x_wconf 88' lang='lat' dir='ltr'>genere,</span> <span class='ocrx_word' id='word_1_326' title='bbox 3436 1547 3548 1603; x_wconf 88' lang='lat' dir='ltr'>aut</span> <span class='ocrx_word' id='word_1_327' title='bbox 3590 1540 3719 1603; x_wconf 90' lang='lat' dir='ltr'>fine</span> 
     </span>
     <span class='ocr_line' id='line_1_63' title="bbox 2174 1657 3720 1739; baseline -0.003 -18"><span class='ocrx_word' id='word_1_328' title='bbox 2174 1663 2431 1723; x_wconf 90' lang='lat' dir='ltr'>moralis</span> <span class='ocrx_word' id='word_1_329' title='bbox 2475 1663 2747 1734; x_wconf 80' lang='lat' dir='ltr'>virtutiS,</span> <span class='ocrx_word' id='word_1_330' title='bbox 2785 1664 2936 1739; x_wconf 89' lang='lat' dir='ltr'>quia</span> <span class='ocrx_word' id='word_1_331' title='bbox 2985 1665 3379 1737; x_wconf 74' lang='lat' dir='ltr'>praeceptum</span> <span class='ocrx_word' id='word_1_332' title='bbox 3424 1657 3720 1718; x_wconf 87' lang='lat' dir='ltr'>naturale</span> 
     </span>
     <span class='ocr_line' id='line_1_64' title="bbox 2173 1771 3722 1839; baseline -0.003 -1"><span class='ocrx_word' id='word_1_333' title='bbox 2173 1779 2341 1839; x_wconf 90' lang='lat' dir='ltr'>ultra</span> <span class='ocrx_word' id='word_1_334' title='bbox 2385 1779 2510 1839; x_wconf 90' lang='lat' dir='ltr'>hoc</span> <span class='ocrx_word' id='word_1_335' title='bbox 2539 1793 2666 1837; x_wconf 91' lang='lat' dir='ltr'>non</span> <span class='ocrx_word' id='word_1_336' title='bbox 2696 1792 2768 1837; x_wconf 84' lang='lat' dir='ltr'>se</span> <span class='ocrx_word' id='word_1_337' title='bbox 2802 1774 3118 1836; x_wconf 87' lang='lat' dir='ltr'>extendit.</span> <span class='ocrx_word' id='word_1_338' title='bbox 3172 1772 3303 1835; x_wconf 87' lang='lat' dir='ltr'>Sed</span> <span class='ocrx_word' id='word_1_339' title='bbox 3357 1774 3478 1834; x_wconf 86' lang='lat' dir='ltr'>boc</span> <span class='ocrx_word' id='word_1_340' title='bbox 3532 1771 3722 1834; x_wconf 88' lang='lat' dir='ltr'>etiam</span> 
     </span>
     <span class='ocr_line' id='line_1_65' title="bbox 2173 1888 3715 1971; baseline -0.004 -15"><span class='ocrx_word' id='word_1_341' title='bbox 2173 1911 2307 1956; x_wconf 90' lang='lat' dir='ltr'>non</span> <span class='ocrx_word' id='word_1_342' title='bbox 2368 1897 2587 1971; x_wconf 88' lang='lat' dir='ltr'>potest</span> <span class='ocrx_word' id='word_1_343' title='bbox 2648 1908 2792 1953; x_wconf 85' lang='lat' dir='ltr'>cum</span> <span class='ocrx_word' id='word_1_344' title='bbox 2851 1888 3280 1951; x_wconf 83' lang='lat' dir='ltr'>fundamento</span> <span class='ocrx_word' id='word_1_345' title='bbox 3359 1889 3507 1961; x_wconf 87' lang='lat' dir='ltr'>dici,</span> <span class='ocrx_word' id='word_1_346' title='bbox 3570 1889 3715 1967; x_wconf 88' lang='lat' dir='ltr'>quia</span> 
     </span>
     <span class='ocr_line' id='line_1_66' title="bbox 2173 2004 3714 2086; baseline -0.001 -16"><span class='ocrx_word' id='word_1_347' title='bbox 2173 2023 2460 2086; x_wconf 89' lang='lat' dir='ltr'>operans</span> <span class='ocrx_word' id='word_1_348' title='bbox 2509 2025 2590 2069; x_wconf 83' lang='lat' dir='ltr'>ex</span> <span class='ocrx_word' id='word_1_349' title='bbox 2637 2009 2872 2069; x_wconf 89' lang='lat' dir='ltr'>motivo</span> <span class='ocrx_word' id='word_1_350' title='bbox 2921 2004 3401 2084; x_wconf 88' lang='lat' dir='ltr'>supernaturali</span> <span class='ocrx_word' id='word_1_351' title='bbox 3445 2021 3578 2067; x_wconf 91' lang='lat' dir='ltr'>non</span> <span class='ocrx_word' id='word_1_352' title='bbox 3626 2014 3714 2068; x_wconf 91' lang='lat' dir='ltr'>te·</span> 
     </span>
     <span class='ocr_line' id='line_1_67' title="bbox 2172 2124 3720 2188; baseline -0.003 -1"><span class='ocrx_word' id='word_1_353' title='bbox 2172 2131 2366 2188; x_wconf 90' lang='lat' dir='ltr'>netur</span> <span class='ocrx_word' id='word_1_354' title='bbox 2410 2125 2725 2188; x_wconf 84' lang='lat' dir='ltr'>adhibere</span> <span class='ocrx_word' id='word_1_355' title='bbox 2758 2125 3175 2185; x_wconf 73' lang='lat' dir='ltr'>honestatem</span> <span class='ocrx_word' id='word_1_356' title='bbox 3226 2124 3593 2184; x_wconf 83' lang='lat' dir='ltr'>naturalem</span> <span class='ocrx_word' id='word_1_357' title='bbox 3639 2140 3720 2184; x_wconf 85' lang='lat' dir='ltr'>ex</span> 
     </span>
     <span class='ocr_line' id='line_1_68' title="bbox 2172 2242 3718 2326; baseline -0.005 -17"><span class='ocrx_word' id='word_1_358' title='bbox 2172 2247 2458 2326; x_wconf 85' lang='lat' dir='ltr'>objectO,</span> <span class='ocrx_word' id='word_1_359' title='bbox 2509 2251 2620 2306; x_wconf 83' lang='lat' dir='ltr'>aut</span> <span class='ocrx_word' id='word_1_360' title='bbox 2676 2243 2847 2316; x_wconf 88' lang='lat' dir='ltr'>fine;</span> <span class='ocrx_word' id='word_1_361' title='bbox 2911 2248 3218 2322; x_wconf 85' lang='lat' dir='ltr'>operatur</span> <span class='ocrx_word' id='word_1_362' title='bbox 3278 2248 3495 2304; x_wconf 87' lang='lat' dir='ltr'>tamen</span> <span class='ocrx_word' id='word_1_363' title='bbox 3549 2242 3718 2303; x_wconf 87' lang='lat' dir='ltr'>licite</span> 
     </span>
     <span class='ocr_line' id='line_1_69' title="bbox 2173 2365 2625 2429; baseline -0.009 0"><span class='ocrx_word' id='word_1_364' title='bbox 2173 2372 2237 2429; x_wconf 92' lang='lat' dir='ltr'>et</span> <span class='ocrx_word' id='word_1_365' title='bbox 2269 2365 2625 2427; x_wconf 83' lang='lat' dir='ltr'>meritorie.</span> 
     </span>
    </p>

    <p class='ocr_par' dir='ltr' id='par_1_12' title="bbox 2171 2476 4068 5591">
     <span class='ocr_line' id='line_1_70' title="bbox 2254 2476 3720 2558; baseline -0.003 -15"><span class='ocrx_word' id='word_1_366' title='bbox 2254 2480 2534 2552; x_wconf 89' lang='lat' dir='ltr'>Deinde,</span> <span class='ocrx_word' id='word_1_367' title='bbox 2585 2478 2905 2558; x_wconf 88' lang='lat' dir='ltr'>quidquid</span> <span class='ocrx_word' id='word_1_368' title='bbox 2962 2480 3044 2539; x_wconf 86' lang='lat' dir='ltr'>sit</span> <span class='ocrx_word' id='word_1_369' title='bbox 3089 2476 3172 2538; x_wconf 91' lang='lat' dir='ltr'>de</span> <span class='ocrx_word' id='word_1_370' title='bbox 3218 2482 3393 2539; x_wconf 88' lang='lat' dir='ltr'>statu</span> <span class='ocrx_word' id='word_1_371' title='bbox 3441 2477 3720 2539; x_wconf 82' lang='lat' dir='ltr'>beatitu-</span> 
     </span>
     <span class='ocr_line' id='line_1_71' title="bbox 2173 2595 3722 2674; baseline -0.004 -13"><span class='ocrx_word' id='word_1_372' title='bbox 2173 2600 2340 2661; x_wconf 92' lang='lat' dir='ltr'>dinis</span> <span class='ocrx_word' id='word_1_373' title='bbox 2373 2605 2484 2659; x_wconf 87' lang='lat' dir='ltr'>aut</span> <span class='ocrx_word' id='word_1_374' title='bbox 2528 2599 2941 2670; x_wconf 65' lang='lat' dir='ltr'>innocentia),</span> <span class='ocrx_word' id='word_1_375' title='bbox 2979 2595 3044 2657; x_wconf 90' lang='lat' dir='ltr'>in</span> <span class='ocrx_word' id='word_1_376' title='bbox 3089 2596 3326 2674; x_wconf 89' lang='lat' dir='ltr'>quibus</span> <span class='ocrx_word' id='word_1_377' title='bbox 3357 2595 3530 2656; x_wconf 90' lang='lat' dir='ltr'>nulla</span> <span class='ocrx_word' id='word_1_378' title='bbox 3582 2600 3722 2656; x_wconf 88' lang='lat' dir='ltr'>erat</span> 
     </span>
     <span class='ocr_line' id='line_1_72' title="bbox 2171 2708 3719 2794; baseline -0.004 -17"><span class='ocrx_word' id='word_1_379' title='bbox 2171 2722 2422 2777; x_wconf 83' lang='lat' dir='ltr'>naturae</span> <span class='ocrx_word' id='word_1_380' title='bbox 2507 2714 2872 2794; x_wconf 88' lang='lat' dir='ltr'>indigentia</span> <span class='ocrx_word' id='word_1_381' title='bbox 2955 2718 3068 2775; x_wconf 89' lang='lat' dir='ltr'>aut</span> <span class='ocrx_word' id='word_1_382' title='bbox 3136 2708 3512 2783; x_wconf 80' lang='lat' dir='ltr'>infirmitas3</span> <span class='ocrx_word' id='word_1_383' title='bbox 3594 2712 3719 2772; x_wconf 89' lang='lat' dir='ltr'>tale</span> 
     </span>
     <span class='ocr_line' id='line_1_73' title="bbox 2171 2828 3719 2912; baseline -0.005 -17"><span class='ocrx_word' id='word_1_384' title='bbox 2171 2838 2581 2912; x_wconf 88' lang='lat' dir='ltr'>praeceptum</span> <span class='ocrx_word' id='word_1_385' title='bbox 2627 2835 2956 2910; x_wconf 88' lang='lat' dir='ltr'>repugnat</span> <span class='ocrx_word' id='word_1_386' title='bbox 2985 2831 3186 2892; x_wconf 85' lang='lat' dir='ltr'>statui</span> <span class='ocrx_word' id='word_1_387' title='bbox 3237 2829 3382 2908; x_wconf 85' lang='lat' dir='ltr'>ejus</span> <span class='ocrx_word' id='word_1_388' title='bbox 3432 2834 3582 2906; x_wconf 88' lang='lat' dir='ltr'>post</span> <span class='ocrx_word' id='word_1_389' title='bbox 3623 2828 3719 2888; x_wconf 90' lang='lat' dir='ltr'>la-</span> 
     </span>
     <span class='ocr_line' id='line_1_74' title="bbox 2172 2945 3717 3030; baseline -0.005 -15"><span class='ocrx_word' id='word_1_390' title='bbox 2172 2968 2384 3030; x_wconf 89' lang='lat' dir='ltr'>psum,</span> <span class='ocrx_word' id='word_1_391' title='bbox 2447 2967 2604 3029; x_wconf 86' lang='lat' dir='ltr'>ergo</span> <span class='ocrx_word' id='word_1_392' title='bbox 2651 2949 2904 3011; x_wconf 88' lang='lat' dir='ltr'>nullum</span> <span class='ocrx_word' id='word_1_393' title='bbox 2961 2948 3160 3009; x_wconf 83' lang='lat' dir='ltr'>habet</span> <span class='ocrx_word' id='word_1_394' title='bbox 3216 2945 3717 3009; x_wconf 87' lang='lat' dir='ltr'>fundamentum</span> 
     </span>
     <span class='ocr_line' id='line_1_75' title="bbox 2171 3067 4032 3155; baseline -0.004 -23"><span class='ocrx_word' id='word_1_395' title='bbox 2171 3072 2236 3132; x_wconf 92' lang='lat' dir='ltr'>in</span> <span class='ocrx_word' id='word_1_396' title='bbox 2282 3074 2533 3131; x_wconf 87' lang='lat' dir='ltr'>natura.</span> <span class='ocrx_word' id='word_1_397' title='bbox 2579 3067 2991 3129; x_wconf 83' lang='lat' dir='ltr'>Antecedens</span> <span class='ocrx_word' id='word_1_398' title='bbox 3034 3070 3238 3144; x_wconf 86' lang='lat' dir='ltr'>patet,</span> <span class='ocrx_word' id='word_1_399' title='bbox 3287 3068 3433 3143; x_wconf 82' lang='lat' dir='ltr'>quia</span> <span class='ocrx_word' id='word_1_400' title='bbox 3482 3070 3712 3125; x_wconf 88' lang='lat' dir='ltr'>natura</span> <span class='ocrx_word' id='word_1_401' title='bbox 3881 3144 3891 3155; x_wconf 90' lang='lat'><strong>.</strong></span> <span class='ocrx_word' id='word_1_402' title='bbox 4023 3145 4032 3154; x_wconf 38' lang='lat'><strong>·</strong></span> 
     </span>
     <span class='ocr_line' id='line_1_76' title="bbox 2172 3145 4066 3265; baseline -0.002 -19"><span class='ocrx_word' id='word_1_403' title='bbox 2172 3202 2292 3265; x_wconf 91' lang='lat' dir='ltr'>per</span> <span class='ocrx_word' id='word_1_404' title='bbox 2334 3200 2406 3246; x_wconf 91' lang='lat' dir='ltr'>se</span> <span class='ocrx_word' id='word_1_405' title='bbox 2451 3183 2786 3245; x_wconf 90' lang='lat' dir='ltr'>ordinatur</span> <span class='ocrx_word' id='word_1_406' title='bbox 2829 3182 2913 3243; x_wconf 91' lang='lat' dir='ltr'>ad</span> <span class='ocrx_word' id='word_1_407' title='bbox 2973 3180 3321 3244; x_wconf 90' lang='lat' dir='ltr'>commoda</span> <span class='ocrx_word' id='word_1_408' title='bbox 3369 3183 3711 3257; x_wconf 87' lang='lat' dir='ltr'>naturalia,</span> <span class='ocrx_word' id='word_1_409' title='bbox 3740 3145 4066 3258; x_wconf 52' lang='grc' dir='ltr'>Ρζξζζῖξξὲω</span> 
     </span>
     <span class='ocr_line' id='line_1_77' title="bbox 2171 3277 4062 3399; baseline -0.002 -38"><span class='ocrx_word' id='word_1_410' title='bbox 2171 3316 2304 3362; x_wconf 91' lang='lat' dir='ltr'>non</span> <span class='ocrx_word' id='word_1_411' title='bbox 2349 3299 2690 3377; x_wconf 85' lang='lat' dir='ltr'>prohibita,</span> <span class='ocrx_word' id='word_1_412' title='bbox 2725 3303 2798 3358; x_wconf 90' lang='lat' dir='ltr'>ut</span> <span class='ocrx_word' id='word_1_413' title='bbox 2827 3298 3056 3369; x_wconf 88' lang='lat' dir='ltr'>libere,</span> <span class='ocrx_word' id='word_1_414' title='bbox 3095 3302 3160 3359; x_wconf 90' lang='lat' dir='ltr'>et</span> <span class='ocrx_word' id='word_1_415' title='bbox 3190 3315 3340 3360; x_wconf 90' lang='lat' dir='ltr'>cum</span> <span class='ocrx_word' id='word_1_416' title='bbox 3370 3298 3716 3375; x_wconf 89' lang='lat' dir='ltr'>providen-</span> <span class='ocrx_word' id='word_1_417' title='bbox 3743 3277 4062 3399; x_wconf 54' lang='lat' dir='ltr'>‘fssfflgffnuss‘</span> 
     </span>
     <span class='ocr_line' id='line_1_78' title="bbox 2171 3411 3717 3492; baseline -0.001 -16"><span class='ocrx_word' id='word_1_418' title='bbox 2171 3416 2256 3477; x_wconf 88' lang='lat' dir='ltr'>tia</span> <span class='ocrx_word' id='word_1_419' title='bbox 2300 3415 2366 3474; x_wconf 93' lang='lat' dir='ltr'>in</span> <span class='ocrx_word' id='word_1_420' title='bbox 2419 3415 2512 3474; x_wconf 89' lang='lat' dir='ltr'>eis</span> <span class='ocrx_word' id='word_1_421' title='bbox 2570 3416 2869 3474; x_wconf 85' lang='lat' dir='ltr'>versetur</span> <span class='ocrx_word' id='word_1_422' title='bbox 2924 3430 3040 3490; x_wconf 97' lang='lat' dir='ltr'>pro</span> <span class='ocrx_word' id='word_1_423' title='bbox 3102 3411 3460 3492; x_wconf 77' lang='lat' dir='ltr'>indigentia</span> <span class='ocrx_word' id='word_1_424' title='bbox 3510 3416 3717 3475; x_wconf 89' lang='lat' dir='ltr'>status</span> 
     </span>
     <span class='ocr_line' id='line_1_79' title="bbox 2172 3529 3718 3611; baseline -0.002 -16"><span class='ocrx_word' id='word_1_425' title='bbox 2172 3534 2531 3611; x_wconf 78' lang='lat' dir='ltr'>praesentiS‚</span> <span class='ocrx_word' id='word_1_426' title='bbox 2574 3530 2912 3609; x_wconf 86' lang='lat' dir='ltr'>operando</span> <span class='ocrx_word' id='word_1_427' title='bbox 2964 3532 3160 3592; x_wconf 89' lang='lat' dir='ltr'>etiam</span> <span class='ocrx_word' id='word_1_428' title='bbox 3216 3535 3283 3590; x_wconf 85' lang='lat' dir='ltr'>et</span> <span class='ocrx_word' id='word_1_429' title='bbox 3325 3529 3718 3609; x_wconf 87' lang='lat' dir='ltr'>applicando</span> 
     </span>
     <span class='ocr_line' id='line_1_80' title="bbox 2172 3644 3726 3725; baseline -0.001 -17"><span class='ocrx_word' id='word_1_430' title='bbox 2172 3647 2392 3709; x_wconf 91' lang='lat' dir='ltr'>media</span> <span class='ocrx_word' id='word_1_431' title='bbox 2437 3647 2521 3711; x_wconf 89' lang='lat' dir='ltr'>ad</span> <span class='ocrx_word' id='word_1_432' title='bbox 2551 3648 2725 3708; x_wconf 91' lang='lat' dir='ltr'>hunc</span> <span class='ocrx_word' id='word_1_433' title='bbox 2774 3644 2998 3709; x_wconf 92' lang='lat' dir='ltr'>finem.</span> <span class='ocrx_word' id='word_1_434' title='bbox 3051 3647 3279 3724; x_wconf 88' lang='lat' dir='ltr'>Neque</span> <span class='ocrx_word' id='word_1_435' title='bbox 3328 3647 3474 3707; x_wconf 88' lang='lat' dir='ltr'>haec</span> <span class='ocrx_word' id='word_1_436' title='bbox 3518 3647 3726 3725; x_wconf 91' lang='lat' dir='ltr'>provi·</span> 
     </span>
     <span class='ocr_line' id='line_1_81' title="bbox 2177 3763 3728 3844; baseline -0.001 -17"><span class='ocrx_word' id='word_1_437' title='bbox 2177 3765 2397 3828; x_wconf 90' lang='lat' dir='ltr'>dentia</span> <span class='ocrx_word' id='word_1_438' title='bbox 2429 3781 2510 3826; x_wconf 82' lang='lat' dir='ltr'>ex</span> <span class='ocrx_word' id='word_1_439' title='bbox 2541 3764 2828 3844; x_wconf 74' lang='lat' dir='ltr'>obiecto,</span> <span class='ocrx_word' id='word_1_440' title='bbox 2871 3769 2984 3825; x_wconf 90' lang='lat' dir='ltr'>aut</span> <span class='ocrx_word' id='word_1_441' title='bbox 3012 3763 3370 3843; x_wconf 78' lang='lat' dir='ltr'>principiiS‚</span> <span class='ocrx_word' id='word_1_442' title='bbox 3420 3771 3531 3825; x_wconf 90' lang='lat' dir='ltr'>aut</span> <span class='ocrx_word' id='word_1_443' title='bbox 3577 3780 3728 3826; x_wconf 91' lang='lat' dir='ltr'>con·</span> 
     </span>
     <span class='ocr_line' id='line_1_82' title="bbox 2175 3874 3727 3940; baseline -0.001 0"><span class='ocrx_word' id='word_1_444' title='bbox 2175 3877 2580 3940; x_wconf 90' lang='lat' dir='ltr'>clusionibus</span> <span class='ocrx_word' id='word_1_445' title='bbox 2643 3877 2796 3939; x_wconf 90' lang='lat' dir='ltr'>inde</span> <span class='ocrx_word' id='word_1_446' title='bbox 2864 3876 3167 3940; x_wconf 90' lang='lat' dir='ltr'>deductis</span> <span class='ocrx_word' id='word_1_447' title='bbox 3235 3874 3576 3940; x_wconf 89' lang='lat' dir='ltr'>ordinatur</span> <span class='ocrx_word' id='word_1_448' title='bbox 3646 3877 3727 3939; x_wconf 93' lang='lat' dir='ltr'>ab</span> 
     </span>
     <span class='ocr_line' id='line_1_83' title="bbox 2173 3992 3728 4072; baseline -0.002 -14"><span class='ocrx_word' id='word_1_449' title='bbox 2173 3994 2527 4058; x_wconf 86' lang='lat' dir='ltr'>intrinseco</span> <span class='ocrx_word' id='word_1_450' title='bbox 2582 3992 2667 4054; x_wconf 92' lang='lat' dir='ltr'>ad</span> <span class='ocrx_word' id='word_1_451' title='bbox 2717 3994 2969 4054; x_wconf 90' lang='lat' dir='ltr'>bonum</span> <span class='ocrx_word' id='word_1_452' title='bbox 3019 3993 3416 4066; x_wconf 75' lang='lat' dir='ltr'>honesturn,-</span> <span class='ocrx_word' id='word_1_453' title='bbox 3463 4008 3620 4072; x_wconf 90' lang='lat' dir='ltr'>ergo</span> <span class='ocrx_word' id='word_1_454' title='bbox 3658 3993 3728 4055; x_wconf 87' lang='lat' dir='ltr'>li·</span> 
     </span>
     <span class='ocr_line' id='line_1_84' title="bbox 2176 4108 3729 4188; baseline 0 -18"><span class='ocrx_word' id='word_1_455' title='bbox 2176 4110 2301 4170; x_wconf 92' lang='lat' dir='ltr'>cite</span> <span class='ocrx_word' id='word_1_456' title='bbox 2336 4111 2503 4171; x_wconf 88' lang='lat' dir='ltr'>sistit</span> <span class='ocrx_word' id='word_1_457' title='bbox 2530 4110 2727 4171; x_wconf 89' lang='lat' dir='ltr'>homo</span> <span class='ocrx_word' id='word_1_458' title='bbox 2760 4112 2826 4172; x_wconf 92' lang='lat' dir='ltr'>in</span> <span class='ocrx_word' id='word_1_459' title='bbox 2860 4108 3254 4188; x_wconf 90' lang='lat' dir='ltr'>quibusdam</span> <span class='ocrx_word' id='word_1_460' title='bbox 3297 4110 3627 4187; x_wconf 80' lang='lat' dir='ltr'>operibuS,</span> <span class='ocrx_word' id='word_1_461' title='bbox 3663 4116 3729 4171; x_wconf 91' lang='lat' dir='ltr'>et</span> 
     </span>
     <span class='ocr_line' id='line_1_85' title="bbox 2176 4225 3724 4290; baseline -0.001 -1"><span class='ocrx_word' id='word_1_462' title='bbox 2176 4225 2597 4290; x_wconf 84' lang='lat' dir='ltr'>conformiter</span> <span class='ocrx_word' id='word_1_463' title='bbox 2625 4227 2709 4289; x_wconf 88' lang='lat' dir='ltr'>ad</span> <span class='ocrx_word' id='word_1_464' title='bbox 2757 4225 3245 4289; x_wconf 91' lang='lat' dir='ltr'>inclinationem</span> <span class='ocrx_word' id='word_1_465' title='bbox 3296 4242 3481 4287; x_wconf 88' lang='lat' dir='ltr'>suam</span> <span class='ocrx_word' id='word_1_466' title='bbox 3530 4234 3724 4288; x_wconf 82' lang='lat' dir='ltr'>natu·</span> 
     </span>
     <span class='ocr_line' id='line_1_86' title="bbox 2173 4342 3720 4422; baseline 0 -18"><span class='ocrx_word' id='word_1_467' title='bbox 2173 4345 2401 4415; x_wconf 91' lang='lat' dir='ltr'>ralem‚</span> <span class='ocrx_word' id='word_1_468' title='bbox 2435 4359 2517 4405; x_wconf 85' lang='lat' dir='ltr'>ex</span> <span class='ocrx_word' id='word_1_469' title='bbox 2567 4358 2695 4421; x_wconf 92' lang='lat' dir='ltr'>qua</span> <span class='ocrx_word' id='word_1_470' title='bbox 2750 4346 2999 4404; x_wconf 90' lang='lat' dir='ltr'>tantum</span> <span class='ocrx_word' id='word_1_471' title='bbox 3045 4342 3277 4422; x_wconf 87' lang='lat' dir='ltr'>conjici</span> <span class='ocrx_word' id='word_1_472' title='bbox 3332 4348 3556 4420; x_wconf 91' lang='lat' dir='ltr'>posset</span> <span class='ocrx_word' id='word_1_473' title='bbox 3598 4343 3720 4404; x_wconf 85' lang='lat' dir='ltr'>hoc</span> 
     </span>
     <span class='ocr_line' id='line_1_87' title="bbox 2174 4458 4038 4568; baseline -0.001 -48"><span class='ocrx_word' id='word_1_474' title='bbox 2174 4463 2593 4538; x_wconf 76' lang='lat' dir='ltr'>praeceptum.</span> <span class='ocrx_word' id='word_1_475' title='bbox 2655 4458 2926 4522; x_wconf 84' lang='lat' dir='ltr'>Accedit</span> <span class='ocrx_word' id='word_1_476' title='bbox 2980 4459 3158 4520; x_wconf 87' lang='lat' dir='ltr'>illam</span> <span class='ocrx_word' id='word_1_477' title='bbox 3219 4459 3716 4539; x_wconf 84' lang='lat' dir='ltr'>obligationem,</span> <span class='ocrx_word' id='word_1_478' title='bbox 3784 4517 4038 4568; x_wconf 63' lang='lat' dir='ltr'>oblinatio</span> 
     </span>
     <span class='ocr_line' id='line_1_88' title="bbox 2178 4558 4068 4692; baseline -0.003 -47"><span class='ocrx_word' id='word_1_479' title='bbox 2178 4587 2243 4645; x_wconf 90' lang='lat' dir='ltr'>et</span> <span class='ocrx_word' id='word_1_480' title='bbox 2297 4589 2692 4657; x_wconf 65' lang='lat' dir='ltr'>praeceptum</span> <span class='ocrx_word' id='word_1_481' title='bbox 2748 4579 2814 4640; x_wconf 90' lang='lat' dir='ltr'>in</span> <span class='ocrx_word' id='word_1_482' title='bbox 2860 4594 2990 4655; x_wconf 89' lang='lat' dir='ltr'>quo</span> <span class='ocrx_word' id='word_1_483' title='bbox 3049 4575 3462 4650; x_wconf 85' lang='lat' dir='ltr'>fundaretur,</span> <span class='ocrx_word' id='word_1_484' title='bbox 3512 4583 3584 4639; x_wconf 87' lang='lat' dir='ltr'>ut</span> <span class='ocrx_word' id='word_1_485' title='bbox 3628 4577 3715 4641; x_wconf 90' lang='lat' dir='ltr'>di·</span> <span class='ocrx_word' id='word_1_486' title='bbox 3746 4595 3845 4628; x_wconf 66' lang='lat'>¹:011</span> <span class='ocrx_word' id='word_1_487' title='bbox 3874 4558 4068 4692; x_wconf 50' lang='lat' dir='ltr'>{ducit</span> 
     </span>
     <span class='ocr_line' id='line_1_89' title="bbox 2178 4661 4064 4776; baseline -0.003 -15"><span class='ocrx_word' id='word_1_488' title='bbox 2178 4705 2356 4761; x_wconf 84' lang='lat' dir='ltr'>ctum</span> <span class='ocrx_word' id='word_1_489' title='bbox 2390 4703 2510 4770; x_wconf 90' lang='lat' dir='ltr'>est,</span> <span class='ocrx_word' id='word_1_490' title='bbox 2547 4711 2920 4776; x_wconf 89' lang='lat' dir='ltr'>repugnare</span> <span class='ocrx_word' id='word_1_491' title='bbox 2953 4699 3219 4765; x_wconf 66' lang='lat' dir='ltr'>naturae,</span> <span class='ocrx_word' id='word_1_492' title='bbox 3269 4698 3335 4755; x_wconf 95' lang='lat' dir='ltr'>et</span> <span class='ocrx_word' id='word_1_493' title='bbox 3365 4693 3508 4773; x_wconf 88' lang='lat' dir='ltr'>ejus</span> <span class='ocrx_word' id='word_1_494' title='bbox 3541 4692 3711 4755; x_wconf 85' lang='lat' dir='ltr'>infir·</span> <span class='ocrx_word' id='word_1_495' title='bbox 3742 4661 4064 4773; x_wconf 46' lang='lat' dir='ltr'>imposssibile.</span> 
     </span>
     <span class='ocr_line' id='line_1_90' title="bbox 2176 4812 3717 4890; baseline -0.005 -12"><span class='ocrx_word' id='word_1_496' title='bbox 2176 4814 2380 4878; x_wconf 85' lang='lat' dir='ltr'>mitati</span> <span class='ocrx_word' id='word_1_497' title='bbox 2429 4812 2744 4886; x_wconf 81' lang='lat' dir='ltr'>naturali3</span> <span class='ocrx_word' id='word_1_498' title='bbox 2804 4829 2999 4874; x_wconf 87' lang='lat' dir='ltr'>omne</span> <span class='ocrx_word' id='word_1_499' title='bbox 3049 4816 3270 4873; x_wconf 88' lang='lat' dir='ltr'>autem</span> <span class='ocrx_word' id='word_1_500' title='bbox 3316 4818 3717 4890; x_wconf 82' lang='lat' dir='ltr'>praeceptum</span> 
     </span>
     <span class='ocr_line' id='line_1_91' title="bbox 2174 4928 3721 5016; baseline -0.001 -25"><span class='ocrx_word' id='word_1_501' title='bbox 2174 4929 2676 5016; x_wconf 83' lang='lat' dir='ltr'>fundamentum</span> <span class='ocrx_word' id='word_1_502' title='bbox 2733 4932 2797 4992; x_wconf 93' lang='lat' dir='ltr'>in</span> <span class='ocrx_word' id='word_1_503' title='bbox 2858 4935 3112 5002; x_wconf 85' lang='lat' dir='ltr'>natura,</span> <span class='ocrx_word' id='word_1_504' title='bbox 3174 4928 3487 5007; x_wconf 90' lang='lat' dir='ltr'>supponit</span> <span class='ocrx_word' id='word_1_505' title='bbox 3540 4934 3721 5006; x_wconf 91' lang='lat' dir='ltr'>pote-</span> 
     </span>
     <span class='ocr_line' id='line_1_92' title="bbox 2176 5046 3725 5124; baseline -0.001 -16"><span class='ocrx_word' id='word_1_506' title='bbox 2176 5052 2416 5109; x_wconf 90' lang='lat' dir='ltr'>statem</span> <span class='ocrx_word' id='word_1_507' title='bbox 2459 5047 2524 5107; x_wconf 88' lang='lat' dir='ltr'>in</span> <span class='ocrx_word' id='word_1_508' title='bbox 2570 5046 2736 5123; x_wconf 90' lang='lat' dir='ltr'>ipsa,</span> <span class='ocrx_word' id='word_1_509' title='bbox 2783 5046 2888 5106; x_wconf 90' lang='lat' dir='ltr'>cui</span> <span class='ocrx_word' id='word_1_510' title='bbox 2940 5047 3453 5107; x_wconf 74' lang='lat' dir='ltr'>commensurari</span> <span class='ocrx_word' id='word_1_511' title='bbox 3496 5046 3725 5124; x_wconf 90' lang='lat' dir='ltr'>possit,</span> 
     </span>
     <span class='ocr_line' id='line_1_93' title="bbox 2174 5163 3730 5240; baseline -0.001 -16"><span class='ocrx_word' id='word_1_512' title='bbox 2174 5164 2343 5225; x_wconf 88' lang='lat' dir='ltr'>sicut</span> <span class='ocrx_word' id='word_1_513' title='bbox 2372 5164 2728 5225; x_wconf 87' lang='lat' dir='ltr'>universim</span> <span class='ocrx_word' id='word_1_514' title='bbox 2800 5163 3052 5223; x_wconf 89' lang='lat' dir='ltr'>nullum</span> <span class='ocrx_word' id='word_1_515' title='bbox 3110 5167 3515 5240; x_wconf 64' lang='lat' dir='ltr'>praeceptum</span> <span class='ocrx_word' id='word_1_516' title='bbox 3574 5163 3730 5224; x_wconf 87' lang='lat' dir='ltr'>obli-</span> 
     </span>
     <span class='ocr_line' id='line_1_94' title="bbox 2174 5278 3726 5358; baseline 0 -19"><span class='ocrx_word' id='word_1_517' title='bbox 2174 5283 2288 5358; x_wconf 86' lang='lat' dir='ltr'>gat</span> <span class='ocrx_word' id='word_1_518' title='bbox 2341 5278 2425 5339; x_wconf 90' lang='lat' dir='ltr'>ad</span> <span class='ocrx_word' id='word_1_519' title='bbox 2470 5279 2895 5356; x_wconf 89' lang='lat' dir='ltr'>impossibile,</span> <span class='ocrx_word' id='word_1_520' title='bbox 2957 5278 3408 5341; x_wconf 82' lang='lat' dir='ltr'>Tridentinum</span> <span class='ocrx_word' id='word_1_521' title='bbox 3460 5297 3605 5342; x_wconf 87' lang='lat' dir='ltr'>sess.</span> <span class='ocrx_word' id='word_1_522' title='bbox 3664 5279 3726 5339; x_wconf 92' lang='grc'>6.</span> 
     </span>
     <span class='ocr_line' id='line_1_95' title="bbox 2177 5394 3733 5472; baseline 0.001 -16"><span class='ocrx_word' id='word_1_523' title='bbox 2177 5413 2320 5456; x_wconf 86' lang='lat' dir='ltr'>can.</span> <span class='ocrx_word' id='word_1_524' title='bbox 2367 5395 2456 5456; x_wconf 87' lang='grc'>18.</span> <span class='ocrx_word' id='word_1_525' title='bbox 2496 5401 2551 5454; x_wconf 79' lang='lat' dir='ltr'>et</span> <span class='ocrx_word' id='word_1_526' title='bbox 2601 5411 2735 5470; x_wconf 86' lang='lat' dir='ltr'>cap.</span> <span class='ocrx_word' id='word_1_527' title='bbox 2796 5395 2884 5453; x_wconf 92' lang='lat' dir='ltr'>ll.</span> <span class='ocrx_word' id='word_1_528' title='bbox 2937 5395 3027 5454; x_wconf 83' lang='lat' dir='ltr'>Ex</span> <span class='ocrx_word' id='word_1_529' title='bbox 3078 5394 3317 5472; x_wconf 89' lang='lat' dir='ltr'>quibus</span> <span class='ocrx_word' id='word_1_530' title='bbox 3365 5400 3547 5472; x_wconf 88' lang='lat' dir='ltr'>patet</span> <span class='ocrx_word' id='word_1_531' title='bbox 3589 5399 3733 5459; x_wconf 86' lang='lat' dir='ltr'>rati-</span> 
     </span>
     <span class='ocr_line' id='line_1_96' title="bbox 2182 5510 3728 5591; baseline 0.002 -19"><span class='ocrx_word' id='word_1_532' title='bbox 2182 5526 2385 5572; x_wconf 89' lang='lat' dir='ltr'>onem</span> <span class='ocrx_word' id='word_1_533' title='bbox 2435 5510 2832 5587; x_wconf 74' lang='lat' dir='ltr'>praemissam</span> <span class='ocrx_word' id='word_1_534' title='bbox 2882 5526 3013 5571; x_wconf 91' lang='lat' dir='ltr'>non</span> <span class='ocrx_word' id='word_1_535' title='bbox 3058 5511 3437 5572; x_wconf 89' lang='lat' dir='ltr'>subsistere.</span> <span class='ocrx_word' id='word_1_536' title='bbox 3487 5515 3728 5591; x_wconf 87' lang='lat' dir='ltr'>Sequa·</span> 
     </span>
    </p>
   </div>
   <div class='ocr_carea' id='block_1_10' title="bbox 2177 5621 3003 5702">
    <p class='ocr_par' dir='ltr' id='par_1_13' title="bbox 2177 5621 3003 5702">
     <span class='ocr_line' id='line_1_97' title="bbox 2177 5621 3003 5702; baseline 0 -17"><span class='ocrx_word' id='word_1_537' title='bbox 2177 5639 2329 5685; x_wconf 88' lang='lat' dir='ltr'>mur</span> <span class='ocrx_word' id='word_1_538' title='bbox 2366 5621 2683 5702; x_wconf 88' lang='lat' dir='ltr'>deinceps</span> <span class='ocrx_word' id='word_1_539' title='bbox 2730 5627 3003 5687; x_wconf 83' lang='lat' dir='ltr'>textum.</span> 
     </span>
    </p>
   </div>
  </div>
 </body>
</html>
