4287 6313
560 402 639 464 98
1707 398 1852 460 ΗΒ.
1898 398 2001 460 lv,
2034 390 2637 461 SENTEN'HARUM

544 568 678 651 ,sed
736 567 930 636 etiam
991 568 1354 657 supplendo
1424 566 1714 634 defectus
1786 566 2105 652 ipsorum,

565 686 775 775 quoad
816 707 925 753 eos
974 685 1244 752 effectus
1285 685 1395 773 qui
1448 696 1744 771 spectant
1781 682 1860 748 ad
1902 680 2112 769 perfe-

567 802 846 869 ctionem
915 815 1188 882 naturae,
1262 823 1472 889 neque
1548 800 1772 867 haberi
1842 809 2114 886 possunt

567 919 809 987 virtute
846 939 1191 986 causarum
1233 918 1643 985 inferiorum.

655 1039 760 1105 Sic
807 1037 1000 1104 etiarn
1053 1037 1116 1103 in
1175 1034 1403 1103 ordine
1469 1035 1723 1122 gratiae,
1795 1055 1870 1101 ex
1926 1044 2114 1120 pacto

568 1157 818 1223 assistit
885 1154 1200 1221 Ministris
1265 1165 1328 1220 et
1382 1150 1844 1231 Sacramentis,
1892 1160 1963 1216 ut
2032 1147 2113 1215 iis

572 1272 822 1360 positis,
870 1270 1181 1358 producat
1236 1269 1539 1336 effectum
1608 1287 1802 1356 quem
1855 1263 2117 1352 signifi-

570 1399 743 1469 cant,
779 1409 907 1455 non
947 1386 1118 1475 quod
1153 1396 1631 1454 sacramentum
1671 1396 1784 1450 aut
1822 1380 2117 1449 Minister

573 1504 844 1593 physice
882 1504 1158 1592 attingat
1189 1502 1430 1591 aliquid
1464 1503 1528 1567 in
1558 1500 1801 1583 anima,
1836 1497 1939 1566 vel
1973 1520 2116 1585 pro-

571 1623 785 1702 ducat,
831 1620 946 1688 sed
978 1619 1278 1705 disponat
1307 1617 1517 1685 solum
1572 1616 1902 1683 moraliter
1932 1626 1997 1681 et
2035 1635 2116 1681 ex

574 1752 783 1823 pact0,
828 1737 933 1805 cui
983 1735 1231 1802 assistit
1269 1739 1462 1801 Deus.
1519 1733 1649 1799 Nec
1688 1742 1963 1818 oportet,
2022 1731 2119 1796 in-

575 1853 737 1941 quit,
818 1855 1158 1940 imponere
1237 1850 1576 1935 MaqistrO,
1658 1848 1832 1936 quod
1907 1846 2111 1926 dicat,

577 1968 751 2057 quod
798 1968 1104 2033 Minister
1150 1966 1438 2051 atlinqat
1476 1966 1770 2051 qratiam
1814 1963 2118 2047 efficien-

577 2086 683 2166 do,
738 2086 925 2173 cujus
973 2083 1135 2150 duas
1190 2082 1474 2148 rationes
1530 2079 1900 2169 subjungit,
1957 2099 2119 2166 quas

577 2200 774 2268 solvit
813 2211 883 2267 ut
915 2221 1143 2287 parum
1185 2197 1504 2277 efficaces,
1553 2207 1617 2262 et
1666 2209 1840 2283 patet
1880 2194 2120 2262 solutio

574 2338 656 2383 ex
685 2317 923 2384 littera.

660 2433 753 2522 (d)
786 2433 888 2499 Ad
919 2444 1309 2520 arqumenta
1349 2432 1791 2518 principalia,
1830 2442 1952 2497 ete.
1998 2435 2121 2498 Re·

334 2508 440 2558 ω’
566 2550 841 2636 spondet
868 2549 1173 2635 deinceps
1204 2548 1609 2634 argumentis
1637 2547 1717 2613 ad
1749 2548 2118 2634 oppositum

569 2666 953 2754 quaestionis
985 2666 1050 2731 in
1078 2665 1305 2731 limine
1336 2663 1715 2751 propositis.
1752 2664 1993 2730 Littera
2022 2675 2120 2730 est

221 2757 527 2891 arguffim„
573 2782 761 2869 plana
801 2782 865 2847 in
899 2780 1328 2867 responsione
1357 2780 1434 2845 ad
1470 2779 1753 2867 primum
1794 2790 1858 2845 et
1889 2799 2118 2845 secun·

220 2884 533 3010 ¹³13}ssssssssss
570 2898 750 2978 dum,
804 2918 952 2963 cum
993 2917 1110 2963 sua
1147 2894 1666 2963 confirmatione.
1719 2898 1791 2960 In
1843 2914 2116 2983 respon-

570 3012 753 3079 sione
781 3012 860 3077 ad
893 3012 1181 3092 tertium,
1226 3010 1304 3076 ad
1348 3011 1794 3097 probationem
1848 3009 2115 3097 majoris

572 3126 850 3195 notanda
910 3137 1063 3193 sunt
1123 3126 1226 3192 illa
1285 3126 1535 3193 verba:
1604 3125 1903 3192 Concedo
1944 3125 2118 3213 quod

568 3243 955 3328 quicumque
985 3240 1251 3324 effectus
1292 3239 1655 3325 productus
1696 3250 1866 3306 tolus
1922 3252 1984 3304 et
2023 3251 2114 3306 to-

568 3358 794 3423 taliter
878 3355 1265 3437 manifestat
1335 3357 1682 3441 aequaliter
1744 3359 2116 3442 potentiam

566 3493 801 3552 causae,
850 3472 966 3539 sed
1002 3472 1272 3556 effectus
1307 3473 1672 3557 perfectior
1709 3476 2114 3542 eminentius

567 3590 982 3673 manifestae.

257 3703 509 3818 {²552ng
652 3707 835 3772 Ratio
876 3707 1076 3793 hujus
1142 3717 1262 3785 est,
1310 3706 1461 3793 quia
1503 3707 1812 3793 perfectio
1889 3719 2106 3778 causae

234 3830 507 3943 exngpgicsm
564 3821 909 3909 aliquando
939 3842 1021 3888 ex
1053 3822 1448 3908 perfectione
1487 3822 1777 3902 effectuS,
1818 3824 2108 3913 aliquan·

231 3954 502 4026 colligitur.
562 3938 644 4004 do
709 3958 790 4004 ex
849 3937 1037 4004 modo
1077 3938 1408 4017 causandi,
1481 3953 1545 4005 et
1604 3940 2106 4027 independentia

273 4019 481 4129 1,)ζὲῐὲἓέ
562 4054 912 4142 colligitur.
984 4055 1048 4121 Si
1109 4055 1319 4140 primo
1362 4056 1580 4135 modo,
1631 4057 1903 4125 effectus
1973 4080 2101 4146 quo

254 4146 498 4270 perffigtio
562 4169 908 4255 perfectior
965 4170 1167 4237 estin
1235 4192 1352 4238 sua
1420 4172 1710 4252 entitate‚
1756 4195 1831 4240 eo
1893 4176 2102 4261 magis

257 4267 483 4318 ⁶¹¹⁰⁰²¹¹⁸·
558 4285 902 4372 participat
930 4306 1219 4364 causam,
1256 4299 1318 4352 et
1349 4307 1425 4352 eo
1468 4286 1678 4374 magis
1728 4287 1981 4355 accedit
2019 4288 2097 4355 ad

555 4422 843 4480 causam,
915 4411 978 4467 et
1035 4401 1128 4467 sic
1185 4402 1380 4467 homo
1442 4403 1652 4488 magis
1722 4403 2100 4470 manifestat

558 4518 1020 4605 perfectionem
1091 4516 1228 4592 Dei,
1299 4538 1492 4604 quam
1562 4518 1685 4584 alia
1763 4519 2097 4599 viventia;

559 4634 847 4701 viventia
897 4645 1113 4699 autem
1182 4634 1391 4720 magis
1450 4634 1866 4701 manifestant
1905 4655 2103 4723 quam

564 4768 690 4814 non
713 4748 1028 4814 viventia.

235 4889 505 4941 Secundus
651 4863 715 4928 Si
749 4861 1035 4928 secundo
1087 4860 1300 4939 modo,
1336 4872 1493 4927 tunc
1524 4861 1791 4948 perinde
1832 4862 2107 4949 quilibet

200 4953 532 5066 253ssssng
563 4979 830 5046 effectus
863 4978 1219 5064 procedens
1249 4978 1607 5044 secundum
1639 4979 1940 5045 eumdem
1974 5000 2104 5045 mo·

201 5077 532 5143 producendi.
563 5095 718 5161 dum
776 5093 1110 5173 causandi,
1156 5113 1342 5179 aeque
1395 5094 1762 5161 manifestat
1796 5094 2103 5182 perfecti-

561 5231 752 5276 onem
819 5229 1057 5287 causae,
1103 5219 1167 5273 et
1231 5207 1324 5273 sic
1400 5229 1524 5274 non
1586 5210 1943 5277 attenditur
2000 5232 2104 5279 res

560 5326 896 5414 producta,
960 5325 1073 5392 sed
1136 5325 1366 5392 modus
1436 5328 1854 5412 producendi.
1925 5331 2106 5397 Unde

556 5444 823 5511 materia
865 5441 1096 5530 prima,
1135 5441 1284 5530 quia
1317 5443 1603 5529 procedit
1641 5466 1677 5511 a
1709 5451 1838 5513 Deo
1871 5468 2101 5515 secun-

552 5563 706 5632 dum
781 5559 1201 5639 creationem,
1265 5580 1454 5647 aeque
1512 5562 1885 5630 manifestat
1951 5565 2110 5652 ejus

2226 564 2580 651 potentiam
2622 562 3028 651 superiorem
3059 559 3235 627 omni
3277 581 3522 648 genere
3553 580 3772 629 causae

2224 682 2483 763 creatae,
2518 703 2592 748 ac
2640 681 2883 749 coelum
2923 679 3026 747 vel
3066 679 3283 746 anima
3344 678 3765 757 intellectiva,

2228 799 2329 866 vel
2361 801 2674 888 AngeluS‚
2712 797 2822 884 qui
2865 794 3091 862 eodem
3153 796 3344 861 modo
3385 794 3775 882 procedunt,

2226 919 2376 986 licet
2414 917 2728 985 excedant
2769 916 2834 981 in
2870 914 3140 981 entitate
3180 913 3540 980 materiam.

2317 1035 2593 1124 Subjicit
2669 1039 2902 1100 Doctor
2958 1030 3330 1117 exemplum
3429 1028 3627 1115 huJus
3706 1025 3771 1091 in
3808 1032 4106 1146 Exegzlhm

2229 1154 2530 1244 pluribus
2557 1150 3089 1222 conclusionibus
3130 1147 3598 1226 subordinatis,
3631 1165 3783 1234 quae
3947 1112 4001 1208 ,fi
4038 1221 4050 1232 ·

2231 1270 2590 1355 procedunt
2609 1270 2689 1336 ab
2729 1267 2954 1335 eodem
2980 1266 3323 1354 principio,
3363 1264 3472 1331 ubi
3504 1275 3637 1329 tota
3676 1283 3785 1329 ve·
3829 1224 4144 1356 ⁰⁰33?oe

2230 1386 2387 1452 ritas
2431 1386 2733 1473 principii
2796 1396 2896 1451 est
2935 1403 3133 1451 causa
3171 1381 3470 1450 veritatis
3510 1380 3575 1445 in
3644 1378 3780 1445 sin·
3838 1346 4136 1462 subant-'uma-

2230 1502 2430 1589 gulis,
2511 1514 2728 1570 tamen
2787 1522 2916 1569 una
2962 1500 3168 1567 altera
3255 1507 3358 1565 est
3436 1496 3655 1564 verior
3721 1506 3785 1562 et

2231 1618 2631 1687 eminentius
2706 1618 3078 1686 manifestat
3170 1615 3515 1683 veritatem
3601 1612 3784 1700 prin-

2231 1736 2413 1822 cipii.

2321 1857 2455 1919 Hoc
2517 1851 2889 1940 exemplum
2949 1851 3298 1938 dupliciter
3347 1848 3623 1937 intelligi
3669 1868 3781 1934 po·
3811 1860 4121 1913 Declaratur

2232 1979 2382 2049 test,
2429 1969 2515 2035 ita
2556 1981 2624 2037 ut
2663 1968 3121 2037 conclusiones
3160 1968 3293 2034 sint
3342 1966 3785 2033 subordinatae
3828 1922 4132 2059 ωἶξεέὗῖι.

2235 2087 2299 2152 in
2358 2088 2609 2153 ratione
2664 2087 2961 2165 effectuS,
3026 2098 3096 2152 ut
3164 2105 3293 2151 una
3336 2084 3519 2171 prius
3582 2082 3783 2148 altera
3918 2055 4010 2102 ‘¹⁰‘

2236 2215 2382 2270 nata
2412 2203 2498 2269 sit
2536 2202 2787 2282 inferri,
2836 2223 2965 2269 non
3000 2212 3218 2268 tamen
3269 2220 3397 2267 una
3430 2199 3496 2264 in
3541 2198 3784 2265 virtute

2234 2320 2524 2402 alterius,
2573 2331 2643 2387 ut
2674 2320 2934 2407 quando
2973 2320 3197 2406 plures
3235 2318 3577 2406 passiones
3607 2335 3785 2383 ema-

2236 2446 2391 2500 nant
2422 2436 2502 2500 ab
2541 2433 2765 2501 eodem
2798 2437 3118 2524 subjecto,
3155 2455 3431 2522 quarum
3475 2431 3788 2521 quaelibet

2235 2571 2348 2637 per
2413 2550 2860 2617 definitionem
2930 2550 3207 2639 subjecti
3269 2551 3780 2627 demonstratur,

2236 2667 2322 2734 ita
2353 2680 2570 2734 tamen
2603 2680 2673 2735 ut
2703 2689 2830 2736 una
2879 2669 3064 2756 prius
3097 2668 3299 2735 altera
3349 2666 3506 2734 insit
3539 2666 3778 2753 passiO,

2233 2795 2303 2849 ut
2351 2806 2484 2850 esse
2543 2784 2889 2851 volitivum
2953 2784 3278 2850 mediante
3348 2782 3775 2859 intellectivo‚

2235 2922 2363 2968 non
2402 2914 2711 2988 tanquam
2750 2921 2969 2981 causa,
3014 2899 3129 2966 sed
3160 2900 3394 2968 effectu
3446 2898 3786 2967 immedia-

2232 3017 2419 3083 tiore.
2466 3020 2544 3083 Et
2606 3017 2733 3085 hoc
2773 3017 2964 3083 modo
3005 3017 3202 3083 etiam
3269 3017 3517 3083 servari
3569 3025 3785 3102 potest

2231 3132 2588 3219 proportio,
2626 3134 2777 3220 quia
2815 3144 3088 3220 utraque
3139 3130 3477 3200 conclusio
3511 3129 3784 3217 perinde

2233 3241 2565 3308 reducitur
2602 3241 2681 3307 ad
2722 3241 3018 3307 eamdem
3062 3241 3403 3307 veritatem
3446 3237 3780 3324 principii,

2227 3364 2536 3443 tanquam
2569 3357 2633 3422 in
2674 3369 2874 3422 totam
2909 3370 2973 3423 et
3011 3356 3420 3444 adaequatam
3463 3375 3728 3422 causam
3765 3377 3779 3433 ;

2228 3472 2340 3538 sed
2382 3472 2605 3551 altera,
2660 3493 2809 3559 quae
2851 3471 3293 3539 immediatius
3352 3493 3424 3538 se
3464 3471 3659 3538 habet
3697 3471 3778 3537 ad

2226 3587 2618 3673 principium
2661 3587 2726 3653 in
2771 3609 2923 3668 esse,
2964 3589 3158 3655 etiam
3197 3587 3466 3674 propius
3505 3587 3778 3675 attingit

2226 3703 2367 3790 ejus
2424 3704 2787 3785 veritatem,
2832 3716 2895 3769 et
2944 3703 3038 3770 sic
3095 3704 3521 3771 eminentius.
3586 3705 3762 3771 Idem
3804 3767 3982 3818 Altera
4008 3771 4105 3821 sub

2223 3820 2595 3905 exemplum
2639 3832 2849 3907 potest
2889 3821 3160 3907 proponi
3229 3820 3293 3886 in
3335 3820 3773 3888 conclusioni·
3822 3828 4096 3884 ordinatio.

2224 3934 2344 4000 bus
2412 3935 2879 4016 subordinatis,
2963 3957 3238 4023 quarum
3343 3936 3774 4025 propinquior

2223 4057 2542 4146 principio
2582 4073 2756 4126 esset
2786 4082 2980 4127 causa
3021 4062 3317 4147 proxima
3368 4061 3765 4141 remotioriS,

2221 4186 2290 4239 ut
2331 4188 2503 4260 patet
2554 4177 2617 4241 in
2686 4176 2957 4244 scientia
3016 4179 3513 4246 subalternante
3562 4195 3626 4245 et
3662 4201 3779 4247 su-

2219 4289 2600 4373 balternata,
2660 4313 2807 4359 nam
2856 4295 3189 4361 conclusio
3242 4296 3418 4363 illius
3468 4307 3568 4364 est
3602 4296 3777 4381 prin-

2218 4405 2463 4491 cipium
2506 4408 2573 4473 in
2640 4409 2789 4489 hac,
2826 4422 2890 4476 et
2938 4411 3033 4478 sic
3064 4411 3258 4479 etiam
3292 4412 3765 4480 accommodari

2219 4533 2432 4608 potest
2480 4524 2878 4611 exemplum,
2932 4528 3081 4615 quia
3121 4531 3366 4596 veritas
3406 4529 3777 4596 remotioris

2219 4640 2415 4706 etiam
2473 4642 2538 4707 in
2581 4642 2824 4710 virtute
2865 4646 3167 4732 principii
3210 4646 3646 4725 concluditur,
3696 4667 3778 4714 ex

2220 4777 2349 4843 quo
2414 4759 2747 4825 conclusio
2816 4761 3115 4848 proxima
3166 4763 3438 4830 sortitur
3511 4783 3774 4830 omnem

2220 4873 2616 4940 evidentiam
2676 4876 2803 4943 sui.
2859 4880 3010 4945 Haec
3088 4892 3302 4945 tamen
3378 4880 3778 4948 eminentius

2222 4987 2494 5056 includit
2559 4991 2898 5059 veritatem
2958 4994 3285 5082 principii,
3342 4997 3493 5083 quia
3544 4997 3776 5065 imme·

2221 5103 2459 5170 diatius
2506 5117 2569 5170 et
2609 5107 2826 5173 minus
2872 5109 3316 5195 dependenter
3353 5113 3434 5177 ab
3465 5112 3613 5179 aliis
3653 5137 3773 5182 ex-

2220 5230 2319 5284 tra
2352 5219 2747 5307 principium
2782 5222 3031 5308 ipsum.

2316 5337 2382 5401 ln
2416 5337 2843 5423 responsione
2873 5340 2952 5406 ad
2988 5353 3292 5427 quartum
3342 5342 3552 5423 docet,
3601 5345 3772 5414 sicut
3896 5356 4027 5430 ,1132

2224 5450 2334 5516 Dei
2375 5451 2578 5519 solius
2617 5466 2718 5521 est
2785 5477 3029 5537 creare,
3076 5457 3170 5524 sic
3211 5457 3406 5525 etiam
3439 5461 3584 5546 eJus
3622 5483 3768 5531 esse
3816 5420 4095 5533 Denequmz

2221 5568 2621 5645 annihilare:
2666 5585 2731 5639 et
2770 5572 2941 5640 sicut
2995 5577 3236 5643 creatio
3277 5589 3373 5644 est
3415 5579 3758 5663 productio
3797 5551 4115 5667 gffim‘,
