4287 6313
529 388 648 452 440

535 583 618 628 ex
662 568 1065 645 TridentinO,
1112 574 1314 653 exigit
1339 574 1747 637 voluntatem
1797 577 2083 654 praemis-

471 685 477 692 ’
532 699 668 745 sam
729 686 1128 751 emendandi
1186 690 1350 763 taliS,
1408 690 1628 769 quoad
1658 692 1764 754 illa
1811 710 1932 756 sex
1993 695 2084 755 ita

534 799 913 879 dispositus,
987 805 1208 882 quoad
1268 809 1620 886 septimum
1682 825 1815 871 non
1884 810 2086 873 habet

534 917 952 991 attritionem,
985 936 1203 999 neque
1264 924 1749 999 contritionem,
1801 931 1875 986 ut
1930 927 2086 989 dicit

536 1036 797 1107 Doctor,
850 1035 956 1097 vel
986 1039 1346 1115 supponit;
1401 1056 1544 1118 quae
1596 1044 1958 1120 suppositio
1991 1046 2082 1105 in-

196 1166 483 1235 suppositio
538 1147 897 1227 telligenda
944 1155 1045 1214 est
1087 1167 1218 1214 non
1258 1155 1470 1216 solum
1515 1161 1846 1237 negative,
1899 1163 2081 1240 quasi

231 1246 485 1359 q,f{¹1{,¹}‚⁵d0
538 1281 901 1343 suspensus
969 1274 1288 1342 maneret,
1337 1274 1490 1350 quia
1557 1274 1663 1336 hic
1709 1292 1899 1337 casus
1955 1294 2088 1339 non

190 1354 515 1469 intelgfficinda
542 1386 642 1443 est
708 1384 1054 1458 practicus,
1128 1385 1249 1446 sed
1310 1388 1478 1449 sicut
1541 1391 1605 1451 in
1684 1392 2088 1469 praecedenti

539 1502 906 1578 quaestione
959 1501 1136 1574 dixit,
1185 1503 1289 1565 vix
1333 1506 1628 1568 invenire
1673 1525 1869 1586 posse
1900 1510 2083 1573 adul-

538 1621 699 1690 tum,
750 1617 859 1695 qui
891 1618 984 1678 sic
1014 1622 1322 1698 negative
1352 1639 1426 1683 se
1457 1624 1731 1687 haberet
1777 1628 2091 1706 recipien-

537 1731 619 1793 do
682 1733 1115 1811 Baptismum‚
1168 1733 1233 1795 id
1320 1744 1440 1810 est,
1520 1740 1662 1800 sine
1731 1758 2087 1818 consensu,

535 1849 673 1909 sive
708 1853 905 1912 etiam
952 1848 1303 1926 dissensu;
1353 1857 1571 1918 minus
1623 1864 1845 1920 autem
1876 1865 2095 1938 potest

538 1965 839 2043 intelligi,
903 1969 1188 2043 practice
1259 1969 1618 2050 loquendo,
1673 1975 1736 2034 in
1791 1980 2093 2051 praesenti

537 2099 694 2144 casu
754 2083 1061 2146 voluntas
1110 2103 1432 2164 suspensa
1522 2092 1694 2152 circa
1739 2094 2092 2170 septimum

539 2202 886 2274 peccatum
931 2199 996 2259 in
1057 2216 1135 2261 eo
1181 2202 1245 2261 in
1294 2220 1424 2282 quo
1461 2212 1561 2267 est
1616 2209 1917 2269 voluntas
1945 2207 2088 2269 effi-

547 2328 661 2374 cax
714 2314 1119 2391 suscipiendi
1171 2318 1690 2383 Sacramentum.

315 2444 400 2511 212
628 2431 770 2491 Non
814 2431 1044 2494 subest
1101 2451 1260 2514 ergo
1308 2439 1648 2514 motivum,
1711 2458 1829 2504 cur
1900 2447 2092 2507 etiam

216 2524 496 2654 {ffissnmoffi
545 2544 630 2606 de
667 2545 941 2623 septimo
990 2544 1117 2608 fiat·
1157 2549 1381 2611 similis
1430 2554 1696 2630 attritio,
1742 2560 1865 2620 nisi
1924 2574 2097 2620 com-

195 2648 515 2765 {gssffigiffle
547 2661 813 2740 placeat
872 2666 937 2726 in
987 2667 1154 2741 ip50‚
1209 2671 1275 2728 et
1319 2676 1639 2746 quantum
1699 2678 1798 2733 est
1869 2674 1952 2735 de
2022 2694 2094 2739 se

553 2782 892 2842 continuat
934 2783 1328 2858 septimum3
1379 2802 1506 2863 quo
1552 2803 1755 2851 sensu
1798 2792 2100 2874 inlelligit

551 2898 793 2959 Doctor
824 2898 988 2960 illud
1020 2916 1165 2962 esse
1201 2917 1461 2963 causam
1506 2903 1784 2968 fictionis
1831 2925 1949 2970 seu
2007 2913 2099 2973 in-

552 3014 769 3095 dignae
813 3017 1209 3095 receptionis
1254 3019 1679 3084 sacramenti.
1731 3024 1896 3086 Illud
1939 3044 2098 3107 ergo

548 3136 641 3199 sic
685 3136 900 3198 animo
965 3141 1440 3213 continuatum,
1501 3140 1568 3202 fit
1600 3145 1855 3208 actuale
1907 3147 1972 3209 in
2020 3165 2099 3211 eo

548 3253 812 3314 instanti
870 3257 1121 3331 recepti
1191 3256 1617 3332 Sacramenti,
1681 3266 1746 3321 et
1804 3262 1897 3324 sic
1968 3280 2102 3325 non

551 3376 807 3448 spectat
849 3371 933 3433 ad
989 3374 1413 3451 Baptismum,
1468 3376 1589 3438 sed
1644 3377 1722 3438 ad
1782 3383 2104 3456 poeniten-

554 3487 733 3556 tiam,
767 3486 918 3564 quia
950 3501 1145 3548 omne
1190 3496 1529 3565 peccatum
1584 3490 1761 3569 quod
1813 3492 1882 3555 fit
1942 3510 2097 3556 con-

559 3607 653 3663 tra
714 3601 982 3683 dignam
1030 3606 1484 3682 receptionem
1553 3609 1954 3672 Sacramenti
2001 3610 2105 3673 in-

262 3758 480 3806 Peccata
561 3724 774 3799 tegrat
822 3719 1179 3796 fictionem,
1216 3724 1502 3803 alioquin
1534 3743 1752 3805 neque
1800 3727 2102 3791 defectus

206 3822 530 3947 ἓῇἓξᾶθῐζῃξξθ
563 3853 926 3899 consensus
956 3838 1165 3916 liberi,
1201 3846 1265 3902 et
1293 3840 1435 3903 sine
1481 3841 1610 3904 ulla
1641 3849 2101 3925 repugnantia,

210 3945 527 4059 §ffss'ssffigffi
557 3972 777 4033 neque
848 3954 1025 4027 fidei,
1107 3973 1326 4035 neque
1401 3957 1797 4036 poenitentiae
1884 3981 2102 4043 neque

186 4072 476 4141 pactantad
554 4071 871 4147 propositi
940 4071 1447 4146 emendationiS,
1534 4093 1750 4156 neque
1835 4095 2100 4143 servan-

185 4141 441 4251 oewtaassn-
556 4185 617 4248 di
689 4189 908 4265 legem
982 4188 1236 4262 Christi,
1310 4194 1421 4269 qui
1493 4210 1722 4257 ornnes
1800 4198 2096 4259 commit-

552 4316 775 4372 tuntur
836 4316 988 4373 ante
1052 4313 1454 4388 Baptismum
1513 4322 1662 4378 actu
1719 4325 2102 4396 susceptum

551 4433 934 4508 spectarent
980 4428 1065 4489 ad
1119 4428 1467 4493 fictionem.
1522 4433 1859 4513 Praecepta
1924 4441 2099 4499 enim

552 4542 633 4605 de
671 4544 767 4605 his
816 4543 1259 4608 determinant
1301 4552 1484 4608 actus
1515 4547 1680 4618 fieri,
1714 4555 1786 4610 ut
1819 4550 2096 4629 disposi-

550 4659 794 4721 tionem
830 4662 1126 4738 praeviam
1163 4669 1313 4724 ante
1354 4666 1808 4742 receptionem
1835 4665 2102 4746 dignam

552 4778 988 4851 Sacramenti3
1024 4779 1119 4840 sic
1152 4796 1311 4859 ergo
1358 4782 1661 4843 voluntas
1708 4785 2093 4846 continuan-

549 4892 609 4957 di
645 4895 1003 4972 seplimum
1035 4901 1294 4975 spectat
1344 4899 1428 4960 ad
1467 4898 1818 4970 fictionem,
1882 4906 1948 4962 et
2005 4901 2096 4979 ip-

547 5029 692 5074 sum
718 5015 1077 5090 septimum
1106 5015 1217 5078 dat
1249 5033 1537 5087 causam,
1592 5034 1725 5080 non
1755 5034 1910 5080 vero
1971 5034 2100 5098 qua

549 5129 855 5206 praeteriit
884 5129 1141 5207 pridem
1171 5131 1393 5210 quoad
1419 5140 1660 5196 actum.
1710 5140 1815 5194 aut
1859 5137 2099 5196 mansit

549 5245 866 5325 deinceps
900 5249 1118 5329 quoad
1149 5236 1443 5311 habitum
1476 5260 1539 5315 et
1567 5257 1821 5315 reatum
1867 5253 2093 5330 culpae,

548 5365 700 5445 quia
744 5364 868 5427 hoc
927 5366 1119 5429 modo
1196 5384 1326 5430 non
1386 5374 1485 5430 est
1552 5371 1822 5432 materia
1894 5370 2097 5449 poeni-

554 5473 789 5545 tentiae,
872 5490 1015 5552 quae
1070 5477 1339 5552 respicit
1394 5483 1610 5538 actum
1670 5480 2095 5557 praeteritum,

547 5590 669 5653 sed
714 5590 948 5653 subest
995 5590 1509 5669 complacentiae.

1724 397 1866 458 12113.
1930 398 2028 459 lv.
2078 397 2693 463 SENTENTIARUM.

2276 573 2416 634 Haec
2486 572 2937 647 interpretatio
2973 571 3318 635 manifesta
3394 575 3493 633 est
3538 573 3736 633 etiam
3882 572 3978 634 22.
4049 645 4056 653 ,

2197 703 2279 749 ex
2341 689 2708 767 Reportatis
2746 691 2890 752 dist.
2918 691 2977 751 4.
3040 695 3258 767 quaesl.
3321 690 3379 751 7.
3413 693 3442 764 ς
3476 689 3733 759 Quaesci-
3768 647 4097 781 Conagnapo

2197 817 2406 876 onem,
2446 809 2567 862 eto.
2613 799 3044 884 responsione
3074 798 3166 863 ad
3211 798 3500 883 primam
3562 796 3739 882 obje-
3771 775 4083 840 Reportatm.

2199 916 2503 979 ctionem.
2575 914 2784 979 Verba
2849 913 2991 999 ejus
3059 925 3214 980 sunt
3273 935 3286 979 :
3352 914 3513 978 Dico
3573 911 3746 998 qued

2198 1032 2390 1113 siccus
2446 1042 2655 1117 potest
2728 1031 2966 1098 habere
3039 1033 3254 1098 multa
3302 1041 3596 1117 peccata,
3637 1041 3638 1044 ’
3679 1040 3740 1094 et

2199 1165 2334 1210 non
2360 1155 2637 1232 propter
2673 1146 3008 1233 quodlibet
3064 1158 3157 1212 est
3195 1148 3414 1229 siccuS,
3461 1146 3624 1232 quia
3664 1145 3748 1211 de

2202 1262 2429 1327 multis
2485 1273 2692 1348 potest
2748 1263 2986 1329 habere
3027 1264 3526 1350 displicentiam
3594 1282 3744 1328 con-

2205 1378 2531 1443 tinuando
2565 1390 2818 1444 lantum
2876 1401 3099 1459 unum,
3157 1381 3255 1444 sic
3325 1380 3385 1443 si
3425 1389 3515 1445 est
3555 1380 3751 1461 siclus

2205 1491 2455 1559 denno
2504 1506 2758 1560 lcmtum
2829 1505 3120 1581 peccato,
3199 1506 3258 1559 ee
3327 1494 3562 1559 habeat
3640 1491 3748 1557 di-

2204 1612 2629 1696 splicentiam
2660 1612 2741 1676 de
2770 1612 3073 1676 omnibus
3113 1611 3297 1689 aliia,
3333 1620 3589 1695 oportet
3627 1610 3749 1673 Ιια-

2205 1728 2352 1793 bere
2376 1729 2835 1813 paenitentiam
2865 1726 2947 1792 de
2996 1728 3116 1793 illo
3174 1748 3304 1792 uno
3342 1737 3628 1812 peccate,
3663 1727 3749 1790 si·

2208 1854 2314 1908 cuc
2362 1844 2442 1909 de
2483 1846 2825 1909 commisso
2863 1855 3010 1930 post
3043 1845 3481 1929 Baptismum,
3528 1853 3588 1907 et
3611 1842 3755 1908 alia

2207 1958 2514 2026 delentur
2574 1981 2696 2046 per
2754 1961 3195 2046 Baptismum,
3262 1971 3384 2024 etc.
3441 1957 3752 2023 Videatur

2205 2076 2635 2153 responsione
2667 2075 2751 2138 ad
2786 2078 3070 2138 tertium.

2283 2193 2377 2253 Ex
2428 2193 2526 2253 his
2572 2196 2752 2270 patet
2809 2191 2892 2254 ad
2948 2195 3235 2255 rationes
3296 2193 3560 2266 SuareZ,
3609 2207 3753 2269 quae
3802 2199 4086 2272 Responsio

2208 2308 2576 2386 procedunt
2620 2325 2844 2371 omnes
2902 2326 2979 2370 ex
3051 2309 3217 2369 mala
3287 2307 3747 2387 intelligentia,
3779 2264 4105 2377 adsuztlzgezeta

2208 2426 2359 2513 quia
2410 2424 2565 2489 illud
2626 2426 2833 2489 inesse
2863 2444 2976 2490 seu
3020 2426 3346 2490 inliceret-e
3384 2435 3746 2511 peccatum,

2210 2549 2388 2629 quod
2445 2548 2726 2612 intendit
2755 2551 2992 2611 Doctor
3032 2558 3131 2613 est
3163 2551 3383 2612 inesse
3446 2554 3512 2612 et
3554 2550 3747 2612 inhae-

2208 2682 2353 2728 rere
2385 2683 2503 2744 per
2553 2670 3113 2729 continuationem
3165 2673 3231 2728 et
3284 2668 3724 2730 voluntarium

2214 2798 2634 2858 consensum,
2661 2797 2794 2844 non
2813 2788 3034 2846 autem
3053 2800 3173 2861 per
3194 2785 3398 2845 solam
3431 2785 3755 2846 maculam

2211 2899 2633 2971 habitualem,
2655 2900 2806 2978 quia
2835 2902 2926 2959 sic
2954 2899 3148 2960 etiam
3170 2899 3419 2978 reliqua
3442 2900 3761 2962 inhaerent

2213 3021 2366 3078 ante
2400 3022 2466 3077 et
2507 3020 2657 3093 post
2698 3016 3127 3094 Baptismum,
3168 3017 3235 3078 in
3289 3034 3367 3078 eo
3409 3034 3566 3078 casu
3638 3035 3743 3080 su-

2213 3135 2542 3209 sceptum,
2582 3147 2801 3210 neque
2841 3137 3188 3210 peccatum
3211 3132 3419 3196 ullum
3451 3132 3556 3196 dat
3592 3150 3748 3198 cau-

2214 3265 2356 3311 sam
2402 3248 2664 3322 fictioni,
2726 3249 2852 3311 nisi
2912 3248 3126 3312 medio
3172 3250 3379 3311 libero
3427 3269 3758 3315 consensu

2215 3366 2563 3429 voluntatis
2608 3367 2932 3443 praesenti,
2993 3383 3075 3428 ex
3132 3383 3261 3445 quo
3326 3370 3530 3430 oritur
3584 3367 3755 3431 fictio

2216 3499 2337 3544 seu
2367 3483 2625 3546 omissio
2663 3480 3102 3559 dispositionis
3133 3482 3218 3544 ad
3238 3482 3436 3545 finem
3459 3483 3756 3547 debitum

2217 3600 2636 3663 Sacramenti.
2712 3600 3017 3662 Rationes
3104 3600 3324 3679 itaque
3414 3602 3759 3680 praemissa}

2217 3714 2620 3777 concludunt
2642 3714 2860 3796 quoad
2885 3723 3152 3794 peccata
3178 3723 3329 3779 ante
3354 3718 3757 3796 Baptismum

2216 3834 2585 3906 commissa,
2618 3840 2682 3895 et
2713 3849 2994 3911 quorum
3024 3834 3264 3894 malitia
3300 3841 3754 3896 consummata

2219 3953 2319 4009 est
2349 3948 2571 4028 quoad
2613 3966 2710 4023 se,
2771 3954 2837 4011 et
2891 3955 3144 4011 motum
3183 3952 3535 4011 voluntatis
3565 3951 3751 4013 inde-

2217 4066 2589 4144 pendenter
2657 4082 2693 4126 a
2755 4067 3110 4144 Baptismo‚
3172 4083 3305 4128 non
3380 4076 3602 4129 autem
3678 4067 3762 4131 de

2220 4183 2504 4259 peccatis
2595 4182 2954 4243 commissis
3028 4183 3196 4243 circa
3269 4185 3761 4261 susceptionem

2216 4301 2425 4378 ipsam
2483 4302 2909 4371 Sacramenti,
2944 4301 3139 4379 quale
3199 4308 3297 4363 est
3359 4301 3518 4363 illud
3561 4305 3759 4379 septi-

2216 4435 2394 4479 mum
2465 4421 2782 4495 quantum
2839 4415 2913 4477 ad
2992 4419 3554 4480 continuationem
3631 4426 3756 4496 sui,

2218 4548 2360 4614 quae
2422 4533 2673 4596 inducit
2720 4532 3077 4594 fictionem.

2296 4649 2820 4720 Conclusionem‚
2854 4665 2975 4710 seu
3012 4651 3512 4727 responsionem
3544 4651 3756 4729 impu·
3908 4672 3994 4721 23.

2214 4772 2421 4847 gnant
2466 4767 2593 4835 alii,
2643 4773 2711 4828 ut
2760 4768 3058 4844 vasquez
3106 4784 3249 4843 cap.
3310 4769 3367 4828 3.
3430 4772 3559 4829 tota
3618 4769 3763 4848 ejus

2214 4884 2619 4964 impugnatio
2667 4883 3005 4946 reducitur
3035 4883 3118 4945 ad
3163 4900 3335 4957 eam,
3368 4901 3567 4963 quam
3627 4886 3755 4948 Do·

2217 5007 2356 5063 ctor
2399 5000 2523 5064 sibi
2582 5001 2805 5080 objicit
2866 5006 2930 5062 et
2985 5001 3196 5076 solvit,
3246 5017 3486 5080 nempe
3544 5004 3757 5081 poeni-

2214 5120 2487 5183 tentiam
2560 5118 2790 5181 ordine
2862 5126 3108 5183 naturae
3204 5128 3268 5184 et
3367 5125 3760 5186 causalitatis

2213 5237 2396 5315 prius
2468 5234 2727 5314 operari
2779 5236 2862 5297 ad
2934 5236 3394 5299 remissionem
3439 5237 3756 5315 fictionis;
3817 5197 4089 5326 ῑζιζῗιᾳῗιῖᾗ

2212 5355 2493 5431 gratiam
2525 5360 2746 5415 autem
2800 5352 3022 5417 datam
3075 5356 3310 5419 virtute
3355 5358 3750 5419 sacramenti
3830 5337 4080 5437 5331an

2209 5472 2606 5536 Poenitentiae
2650 5473 2877 5535 delere
2937 5474 3153 5534 omnia
3220 5479 3524 5552 peccata,
3588 5492 3757 5555 quae-
3864 5465 4039 5503 onom.

2218 5587 2369 5649 dam
2428 5606 2547 5667 per
2590 5605 2687 5663 se,
2734 5593 2809 5650 ut
2862 5587 3218 5662 fictionem,
3283 5604 3433 5668 quae
3477 5589 3564 5652 ad
3622 5607 3754 5652 ma-
