4287 6313
1635 394 1836 455 Dts'r.
1881 391 1981 454 Vl.
2031 380 2392 465 QUAES'HO
2435 381 2536 452 W.

499 553 897 646 distingui
955 575 1002 626 a
1049 554 1486 647 baptizato,
1538 553 1723 646 quia
1768 555 2043 624 Sacer-

3588 384 3700 445 561

2160 552 2777 623 Sacramentum
2860 565 3020 616 non
3070 548 3190 616 est
3237 549 3708 618 Sacra-men-

496 669 637 742 dos
693 673 958 763 potest
1019 670 1168 744 sibi
1212 672 1369 763 ipsi
1409 671 1600 741 dare
1652 666 2043 740 Euchari-
2158 670 2357 749 tum,
2407 667 2595 758 quia
2647 666 3259 737 Sacramentum
3309 662 3499 734 illud
3548 681 3709 732 non

504 787 775 869 stiam,
822 793 909 862 ut
952 793 1177 881 patet
1238 789 1321 860 in
1354 788 1646 867 Missa;
1706 805 1902 876 ergo
1939 784 2046 856 si-

501 908 638 976 cut
691 908 960 994 potest
1018 904 1379 996 recipere
1422 905 2045 977 Sacramentum

500 1018 694 1092 illud
728 1041 773 1092 a
818 1021 1109 1114 seipso,
1158 1021 1275 1094 ita
1314 1025 1395 1094 et
1438 1020 1676 1093 istud.

595 1138 927 1215 Contra,
981 1138 1264 1205 Exta-av.
1327 1136 1418 1206 de
1477 1132 1901 1226 Baptismo
1961 1133 2041 1201 et

491 1249 667 1343 ejus
699 1250 1002 1335 effectu,
1038 1271 1209 1344 cap.
1249 1254 1561 1318 debitum.

242 1145 336 1194 Rat
346 1142 394 1193 io

192 1204 410 1272 opposit.

1074 1478 1375 1533 SCHOLIU
1386 1478 1464 1532 M.

565 1677 862 1746 oportere
926 1674 1346 1745 baptizantem
1407 1671 1712 1740 distingui
1772 1684 1805 1724 a
1846 1668 2049 1738 bapti-

498 1777 651 1840 zato,
710 1773 928 1843 probat
966 1773 1189 1843 figura,
1229 1772 1592 1829 auctoritate
1622 1775 1682 1827 et
1709 1772 1967 1829 ratione.

587 1970 756 2040 Ista
788 1968 889 2058 (a)
922 1966 1259 2060 quaestio
1294 1964 1644 2039 solvitur
1673 1987 2057 2060 expresse

505 2085 584 2157 in
627 2085 768 2157 illo
812 2105 987 2178 cap.
1023 2088 1348 2168 Debitum,
1388 2105 1537 2177 pro
1575 2090 1807 2178 parte
1840 2083 2055 2157 affir-

502 2201 833 2285 mativa,
894 2202 988 2273 ad
1040 2201 1246 2293 quod
1289 2199 1713 2275 adducitur
1758 2200 2049 2291 figura,

496 2319 977 2401 auctoritas,
1056 2322 1136 2393 et
1207 2318 1419 2392 ratio
1488 2338 1881 2411 congrua.
1935 2317 2056 2389 Fi-

503 2454 710 2527 gura
795 2440 943 2518 est,
1027 2436 1215 2528 quia
1292 2435 1666 2511 Christus
1743 2436 1839 2508 ad
1906 2434 2056 2506 hoc

506 2553 1010 2645 signandum,
1047 2574 1208 2626 non
1240 2574 1286 2626 a
1330 2574 1438 2634 se,
1487 2553 1618 2625 sed
1660 2572 1707 2623 a
1747 2554 1788 2624 J
1802 2571 2056 2626 oanne

507 2671 907 2763 baptizari
959 2671 1244 2745 voluit.
1308 2670 1783 2744 Auctoritas
1838 2670 2059 2742 colli-

505 2790 730 2880 gitur
805 2810 904 2861 ex
978 2789 1248 2860 verbis
1315 2787 1641 2861 Domini
1717 2785 2058 2860 dicentis

507 2905 925 2999 Apostolis
997 2905 1285 2978 Matth.
1360 2904 1506 2978 ult.
1557 2906 1669 2987 Ite,
1729 2908 2060 2993 baptizate

505 3046 728 3090 omnes
792 3036 1015 3112 {sentes
1084 3026 1159 3089 in
1236 3025 1503 3089 nomine
1576 3024 1828 3103 Patris,
1900 3024 2053 3092 etc.

509 3137 640 3210 ubi
671 3136 1110 3230 discipulos
1153 3136 1546 3228 exprimit
1588 3136 1669 3208 in
1712 3136 2059 3210 secunda

510 3272 883 3345 persona,
921 3259 999 3326 et
1039 3252 1495 3345 baptizatos
1532 3252 1610 3325 in
1644 3254 1918 3326 tertia.

598 3369 842 3442 Ratio
885 3391 1058 3461 quae
1099 3370 1470 3442 innuitur
1515 3368 1648 3449 ibi,
1702 3373 1827 3442 est
1869 3369 2053 3452 ista,

511 3485 697 3578 quia
757 3486 836 3558 in
896 3486 1317 3580 Baptismo
1371 3486 1838 3559 celebratur
1916 3486 2058 3557 illa

511 3602 971 3693 spiritualis
1021 3603 1466 3693 generatio,
1511 3603 1601 3675 de
1652 3623 1807 3695 qua
1857 3602 2058 3674 veri-

511 3723 637 3792 tas
705 3720 866 3803 ait,
913 3722 1145 3792 Joan.
1224 3723 1290 3792 3.
1360 3724 1628 3809 Oportet
1696 3743 1806 3788 vos
1874 3724 2061 3788 nasci

510 3837 746 3904 denuo.
796 3837 1020 3911 Sicut
1070 3858 1268 3929 ergo
1319 3837 1402 3909 in
1459 3835 1774 3909 carnali
1824 3855 2059 3927 gene-

510 3955 829 4028 ratione
900 3954 1108 4026 alius
1196 3958 1321 4027 est
1398 3954 1531 4045 qui
1612 3953 1900 4045 gignit,
1979 3957 2060 4026 et

511 4072 721 4145 alius
760 4070 890 4165 qui
939 4067 1331 4161 gignitur,
1381 4069 1494 4142 ita
1544 4072 1621 4141 et
1668 4069 1747 4141 in
1795 4089 2058 4142 sacra·

512 4188 848 4264 mentali
917 4188 1466 4279 generatione,
1539 4186 1748 4258 alius
1835 4188 2061 4260 debet

511 4329 689 4382 esse
762 4304 891 4401 qui
954 4302 1505 4397 spiritualiter
1556 4310 1917 4394 generat,
1982 4310 2061 4378 et

515 4428 724 4501 alius
780 4425 910 4518 qui
980 4422 1533 4515 spiritualiter
1592 4425 2059 4513 generatur.

301 4598 355 4649 2·
607 4542 722 4616 Ad
781 4544 1377 4633 argumentum,
1447 4538 1622 4611 dico
1682 4541 1886 4630 quod
1935 4562 2064 4611 su-

161 4661 251 4714 Ad
279 4677 482 4728 argum.
520 4658 828 4751 sceptio
862 4654 1391 4728 Eucharistiae
1433 4674 1593 4726 non
1622 4657 1744 4726 est
1791 4658 2066 4728 Sacra-

521 4781 906 4857 mentum,
950 4774 1159 4846 sicut
1189 4776 1575 4865 tangetur
1607 4773 1687 4845 in
1723 4774 2068 4847 materia

517 4891 608 4962 de
676 4884 1223 4967 Eucharistia‚
1289 4887 1421 4958 sed
1489 4889 1613 4960 est
1671 4887 2066 4961 comestio

522 5027 657 5078 seu
732 5001 1146 5099 perceptio
1201 5002 1867 5085 sacramentalis;
1924 5006 2069 5075 Ba-

525 5121 872 5215 ptismus
934 5122 1204 5191 autem
1245 5124 1368 5193 est
1419 5123 2066 5194 Sacramentum.

526 5242 608 5310 Et
661 5235 730 5308 si
771 5253 1101 5326 arguaS,
1157 5236 1547 5308 Sacerdos
1605 5235 1895 5307 saltem
1934 5235 2074 5307 mi·

524 5352 822 5425 nistrat
886 5351 1034 5424 sibi
1099 5354 1718 5423 Sacramentum
1771 5350 2075 5423 Eucha-

530 5468 812 5551 ristiae,
909 5486 1108 5558 ergo
1179 5468 1357 5559 pari
1421 5467 1739 5541 ratione
1808 5473 2075 5562 potest

531 5588 768 5660 istud.
804 5585 1308 5677 RespondeO,
1356 5584 1834 5660 ministrare
1886 5585 2076 5658 illud

765 5704 914 5755 Tom.
950 5702 1069 5754 XVI

2161 782 2539 856 consistit
2613 782 2692 853 in
2772 801 2945 859 usu,
3021 781 3151 852 sed
3231 779 3708 852 ministrare

2164 901 2781 971 Sacramentum
2816 895 3215 988 Baptismi
3268 898 3390 966 est
3445 894 3709 985 ipsum

2164 1017 2808 1088 Sacramentum.
2873 1015 2974 1085 Et
3031 1011 3241 1085 ratio
3293 1010 3716 1084 diversita-

2163 1131 2268 1204 tis
2328 1136 2476 1212 est‚
2534 1132 2721 1222 quia
2782 1133 3400 1203 Sacramentum
3451 1126 3715 1219 Bapti-

2166 1248 2318 1319 smi
2383 1247 2760 1320 consistit
2803 1246 2882 1318 in
2928 1268 3072 1318 usu
3133 1243 3711 1325 essentialiter,

2166 1369 2243 1437 et
2284 1385 2440 1436 non
2505 1364 2584 1436 in
2628 1384 2861 1455 aqua,
2925 1369 3011 1436 ut
3078 1362 3381 1436 dictum
3443 1364 3566 1434 est
3638 1360 3717 1432 in

2168 1482 2614 1573 quaestione
2648 1480 3156 1574 praecedenti3
3195 1477 3716 1551 Eucharistia

2168 1602 2436 1671 autem
2526 1605 2649 1671 est
2750 1597 3136 1690 quoddam
3231 1613 3715 1688 permanens

2168 1714 2638 1788 distinctum
2744 1715 2841 1786 ab
2936 1735 3082 1784 usu
3182 1712 3715 1790 Sacramenti;

2171 1833 2537 1925 quamvis
2592 1851 2790 1921 ergo
2853 1829 3148 1922 aliquis
3209 1833 3484 1922 posset
3541 1848 3719 1900 esse

2170 1946 2249 2018 in
2328 1969 2476 2018 usu
2547 1945 3053 2020 Sacra-menti
3164 1944 3718 2038 permanentis

2173 2063 2548 2138 minister
2579 2068 2659 2137 et
2697 2063 3143 2156 suscipiens
3178 2062 3407 2134 illum
3452 2079 3712 2141 usum,

2167 2180 2329 2253 non
2397 2185 2668 2254 tamen
2729 2184 2994 2272 potest
3059 2179 3210 2252 hoc
3282 2180 3361 2251 in
3432 2183 3721 2252 Sacra-

2172 2303 2471 2380 ment0,
2509 2298 2713 2389 quod
2754 2297 3306 2372 essentialiter
3341 2295 3719 2369 consistit

2171 2435 2252 2485 in
2293 2434 2468 2484 usu.

2626 2695 3262 2757 COMMENTARIUS.

2248 2906 2334 2987 (a)
2377 2914 2504 2970 Ista
2547 2912 2831 2986 quaestio,
2884 2916 3009 2972 etc.
3059 2880 3199 2971 llaec
3242 2910 3571 2971 conclusio
3620 2912 3720 2970 est
3772 2898 3933 3012 Nenffd
3993 2977 4044 3010 se

2170 3028 2353 3085 extra
2406 3024 2700 3098 dubium,
2751 3024 3012 3088 definita
3063 3027 3143 3088 ab
3200 3027 3575 3128 Innocentio
3614 3027 3711 3089 111.
3779 3025 4035 3152 bggttgssfe

2169 3163 2314 3225 cap.
2383 3146 2701 3217 Debitum,
2770 3149 2847 3209 de
2907 3151 3254 3224 Baptz‘smo,
3324 3146 3505 3227 quod
3566 3149 3718 3208 citat

2168 3264 2428 3324 Doctor.
2480 3265 2820 3325 Rationem
2866 3272 3085 3327 autem
3135 3265 3501 3344 subjectam
3546 3263 3716 3325 illius

2169 3380 2421 3456 capitiS,
2470 3396 2614 3459 quae
2671 3386 2771 3441 est
2813 3379 3160 3456 Pontifici&
3223 3382 3418 3460 aliqui
3484 3386 3722 3442 vocant

2166 3495 2234 3555 in
2266 3493 2558 3572 dubium,
2592 3501 2902 3576 tanquam
2935 3513 3067 3560 non
3100 3498 3512 3574 probantem,
3540 3496 3720 3559 ideo·

2171 3629 2301 3690 que
2350 3613 2827 3677 recurrendum
2873 3630 3022 3675 esse
3073 3614 3300 3676 dicunt
3342 3613 3426 3675 ad
3473 3594 3723 3676 institu-

2171 3731 2417 3793 tionem
2448 3732 2654 3793 solam
2675 3732 2925 3794 Christi.
2962 3731 3321 3795 videantur
3367 3732 3617 3794 Rubion
3662 3739 3727 3795 et

2173 3848 2455 3910 Bassolis
2483 3849 2643 3910 locis
2684 3851 2891 3911 citatis
2932 3866 2968 3910 a
3016 3850 3398 3912 Scholiaste.
3453 3851 3517 3911 si
3566 3869 3720 3929 spe-

2175 3969 2387 4025 ctetur
2416 3958 2708 4041 potentia
2753 3967 2868 4026 Dei
2912 3966 3307 4029 instituentis
3339 3968 3722 4029 Sacramen-
3754 4010 4045 4074 Explicatur

2176 4086 2262 4151 ta,
2294 4098 2426 4143 non
2458 4088 2558 4144 est
2588 4082 2882 4156 dubium,
2926 4085 3082 4161 quin
3128 4085 3304 4144 Deus
3348 4089 3575 4161 posset
3631 4087 3725 4147 uti

2173 4197 2533 4261 ministerio
2606 4199 2866 4276 proprio
2935 4199 3220 4262 hominis
3277 4198 3362 4261 ad
3432 4202 3726 4278 seipsum

2175 4313 2709 4393 regenerandum
2793 4315 3167 4394 specialiter
3253 4333 3374 4393 per
3455 4316 3726 4379 modum

2176 4431 2495 4503 ministri;
2533 4435 2598 4491 et
2628 4433 2721 4494 sic
2752 4434 2913 4495 ratio
2958 4434 3066 4494 illa
3109 4449 3242 4495 non
3272 4435 3510 4510 probat
3537 4432 3728 4495 aliter

2176 4545 2315 4608 fieri
2366 4564 2498 4610 non
2549 4566 2769 4627 posse,
2815 4550 2936 4611 sed
2987 4551 3091 4611 illa
3140 4552 3300 4613 ratio
3351 4551 3542 4613 datur
3579 4558 3729 4613 tan-

2181 4681 2380 4743 quam
2435 4670 2865 4746 congruentia
2926 4667 3078 4731 facti
3173 4676 3237 4732 et
3310 4672 3730 4733 institutionis

2182 4782 2424 4858 positae,
2460 4798 2612 4843 nam
2656 4798 2851 4845 omne
2902 4787 3250 4847 secundnm
3297 4789 3451 4864 quid
3498 4786 3734 4849 dicitur
3760 4845 3921 4894 Docet
3950 4856 4076 4892 con-

2180 4903 2547 4980 respective
2622 4904 2700 4965 ad
2778 4921 2970 4967 suum
3053 4907 3458 4983 simpliciter,
3548 4909 3731 4987 cujus
3763 4905 4050 5019 εΐυῗᾶῑὲξὶὸω

2182 5020 2621 5095 proprietates
2677 5021 3046 5082 secundum
3117 5022 3404 5101 aliquem
3461 5024 3733 5086 modum

2184 5138 2573 5214 participare
2608 5136 2832 5212 debet,
2867 5143 2980 5199 aut
3011 5138 3266 5214 imitari,
3301 5143 3449 5219 quia
3485 5150 3585 5204 est
3615 5157 3733 5204 ens

2184 5255 2665 5330 participatum.
2728 5256 3055 5334 Scriptura
3118 5262 3183 5318 et
3224 5258 3448 5318 Patres
3514 5258 3738 5321 dicunt

2187 5371 2585 5447 Baptismum
2640 5387 2788 5433 esse
2835 5374 3166 5435 lavacrum
3216 5376 3736 5453 regenerationis

2189 5483 2558 5570 iri-ChristQ
2593 5504 2629 5547 a
2660 5493 2960 5564 peccam,
3010 5488 3190 5567 quod
3242 5493 3394 5568 quis
3438 5507 3520 5552 ex
3569 5490 3736 5553 Ada-

2189 5617 2299 5662 mo
2332 5605 2765 5681 generatione
2801 5606 3011 5679 traxit,
3050 5612 3117 5668 et
3146 5606 3512 5669 secundum
3544 5609 3752 5669 imita-

3544 5712 3605 5762 36

3851 4075 3984 4122 ratio

3781 4135 3933 4184 Ponti
3943 4132 4066 4184 ficis.
