4287 6313
610 399 735 464 ‘202
1750 403 1895 465 LlB.
1931 403 2031 464 lV.
2077 403 2673 469 SENTENTIARUM

603 562 729 630 cati
782 561 1069 644 delendi,
1113 574 1226 631 aut
1261 562 1679 630 conferenda}
1724 563 1979 651 gratiae,
2037 564 2151 631 sed
2252 564 2621 635 >efficaciam
2667 567 2923 635 delendi
2983 570 3253 656 peccati,
3325 581 3390 637 et
3441 571 3519 638 ad
3576 592 3807 639 omnes

608 692 740 748 tota
782 692 1156 748 reservatur
1207 679 1381 761 fidei,
1443 680 1533 746 ad
1578 682 1901 747 Romanos
1966 684 2028 748 7.
2082 684 2148 750 2.
2263 680 2556 764 effectus,
2603 682 2745 750 sive
2775 684 3295 772 consignationis
3344 697 3408 753 et
3446 686 3805 774 segregati-

606 796 698 863 ad
758 798 1062 865 Corinth.
1150 801 1214 865 3.
1276 796 1369 863 ad
1427 796 1655 865 Galat.
1725 802 1789 864 3.
1845 810 1905 865 et
1962 803 2026 867 ὃ.
2068 811 2154 879 ,ει
2263 798 2408 865 onis
2456 801 2715 886 generis
2771 802 3122 884 Abraham,
3185 813 3250 868 et
3306 802 3807 892 significationis

580 912 787 980 alibi.
2265 917 2561 1002 mysticae
2598 918 2831 1006 gratiae
2871 918 3308 1007 BaptismaliS‚
3347 931 3411 986 et
3451 919 3806 987 Circumci-

385 1048 463 1100 11.
700 1032 1053 1117 Utramque
1081 1030 1472 1097 sententiam
1507 1030 1772 1117 quidam
1804 1031 2151 1099 conciliare
2262 1032 2469 1100 sionis
2514 1034 2900 1122 spiritualiS,
2964 1057 3129 1124 quos
3199 1037 3325 1124 ipsi
3400 1037 3801 1124 exprimunt,

285 1114 566 1234 {Effffissm
602 1147 1033 1228 contendunt,
1080 1169 1162 1213 ex
1203 1169 1332 1235 quo
1393 1147 1566 1234 quod
1605 1148 2029 1216 circumcisio
2068 1171 2152 1216 ex
2260 1148 2511 1216 fructus
2577 1153 2722 1238 ejus
2782 1164 3056 1233 arctant,
3093 1151 3498 1220 excludendo
3539 1164 3796 1221 caetera.

607 1262 918 1350 peculiari
976 1262 1386 1331 institutione
1445 1285 1573 1330 non
1631 1265 1933 1332 habuerit
1972 1266 2147 1333 illam

603 1379 989 1462 efficaciam,
1062 1381 1177 1447 sed
1264 1382 1654 1469 inquantum
1714 1382 2151 1469 aequivalebat

605 1496 890 1563 remedio
937 1496 1102 1585 legis
1144 1510 1419 1578 naturae,
1475 1497 1578 1564 vel
1639 1509 1709 1564 ut
1768 1498 2148 1567 includebat

600 1612 795 1679 fidem
827 1625 1194 1699 parentum,
1231 1614 1334 1680 vel
1366 1613 1647 1701 denique
1679 1613 1830 1701 quia
1861 1615 2150 1683 circum-

2349 1268 2799 1354 Respondetur
2828 1290 3012 1356 ergo,
3048 1269 3235 1337 aliter
3261 1269 3522 1336 Judaeos
3547 1269 3800 1356 posuis·
3945 1319 4025 1370 12.

2261 1397 2332 1444 se
2372 1398 2633 1445 omnem
2659 1380 2980 1467 justitiam
3033 1403 3180 1448 esse
3227 1403 3307 1448 ex
3348 1380 3505 1449 solis
3551 1381 3698 1469 lege
3737 1393 3801 1447 et
3844 1383 4134 1494 Resffinsio

2259 1494 2792 1576 circumcisione,
2853 1511 2917 1564 et
2968 1497 3213 1564 nullam
3262 1498 3455 1564 aliam
3493 1497 3799 1566 admitte·
3863 1508 4110 1620 οἯξοηξὶο-

2259 1611 2413 1677 bant
2505 1612 3048 1700 redemptionem,
3137 1626 3249 1682 aut
3341 1614 3794 1683 necessitatem
3905 1635 4068 1683 Error

365 1491 481 1544 Alia
494 1558 505 1568 ι

280 1568 556 1622 responuO.

3820 1695 4115 1746 Judaeorum
4127 1733 4144 1749 .

292 3627 535 3680 IrenaeuS.

272 3860 538 3927 Origenes.

272 3924 536 3997 Chrysost.

311 3988 483 4052 Cyrill.

272 4050 527 4102 Theodor.

247 4113 421 4164 Tertu'
428 4115 554 4170 lian.

276 5013 512 5078 Cyprian.

282 5080 324 5126 A
335 5079 525 5131 mbros.

290 5138 499 5192 Hieron.

597 1730 783 1810 cisi0,
838 1730 988 1797 licet
1036 1730 1337 1797 habuerit
1375 1730 1552 1797 illam
1584 1730 1973 1815 efficaciam,
2012 1754 2143 1801 non

600 1847 795 1914 fuerit
843 1869 924 1915 ex
966 1848 1277 1935 primaria
1327 1849 1470 1934 ejus
1510 1849 1946 1933 institutione,
1993 1874 2142 1941 quae

597 1965 864 2052 respicit
929 1965 1468 2052 segregationem
1560 1965 1963 2051 Judaeorum,
2033 1981 2146 2037 aut

597 2082 824 2169 stirpis
869 2082 1153 2150 Abrahoe
1211 2084 1292 2149 ab
1339 2083 1512 2163 aliis,
1577 2105 1693 2170 per
1753 2086 1877 2152 hoc
1916 2084 2142 2172 signa-

595 2198 841 2278 culum,
878 2211 942 2265 et
974 2199 1366 2286 inquantum
1400 2200 1814 2287 significabat
1856 2201 2142 2268 futuram

594 2315 873 2403 gratiam
962 2315 1300 2402 Baptismi,
1405 2330 1471 2382 et
1562 2318 2142 2385 circumcisionem

594 2431 994 2518 spiritualem
1028 2431 1493 2498 conferendam
1538 2454 1653 2519 per
1686 2434 2045 2501 Christum.

680 2553 921 2617 Verum
953 2550 1008 2617 si
1049 2551 1467 2618 auctoritates
1507 2552 1852 2619 contrariae
1892 2554 2140 2642 aliquo·

597 2687 743 2734 rum
796 2669 1084 2748 Patrum,
1129 2677 1193 2733 et
1230 2668 1440 2755 ipsius
1472 2668 1667 2734 etiam
1704 2669 1881 2736 Pauli
1924 2671 1992 2736 in
2033 2691 2140 2737 su-

599 2783 862 2871 perficie
939 2796 1002 2850 et
1053 2783 1261 2849 forma
1321 2784 1675 2851 verborum
1741 2787 2134 2871 attendatur,

595 2910 659 2963 et
725 2917 852 2963 non
926 2896 1291 2964 secundum
1360 2898 1720 2985 subjectam
1774 2902 2133 2980 materiam,

591 3025 656 3079 et
722 3012 1044 3079 intentum
1115 3013 1502 3100 primarium
1548 3015 1863 3102 ipsorum,
1910 3030 2139 3087 neutra

593 3130 933 3217 responsio
1002 3131 1363 3212 satisfacit;
1413 3131 1720 3199 videntur
1776 3131 1951 3202 enim
2018 3137 2138 3204 Pa-

591 3258 726 3314 tres
770 3247 931 3314 nihil
982 3248 1280 3317 conferre
1328 3248 1846 3328 circumcisioni,
1900 3264 1964 3319 et
1999 3274 2136 3319 om-

595 3384 744 3429 nem
776 3366 921 3450 eJus
979 3365 1264 3432 fructum
1315 3387 1660 3447 evacuare,
1707 3383 2022 3454 quantum
2057 3371 2134 3437 ad

588 3481 912 3567 justitiam
954 3495 1019 3548 et
1075 3482 1471 3550 deletionem
1523 3484 1794 3571 peccati.

681 3598 969 3665 Irenaeus
1030 3598 1144 3667 lib.
1208 3604 1272 3666 4.
1319 3622 1465 3687 cap.
1517 3587 1593 3667 3.
1639 3601 1872 3669 asserit
1920 3602 2134 3671 datam

594 3735 729 3780 non
778 3726 849 3781 nt
889 3718 1517 3783 consummationem
1550 3719 1854 3807 justitioe,
1907 3719 2022 3786 sed
2068 3732 2137 3787 nt

595 3830 1034 3918 coqnoscibile
1076 3844 1527 3918 perseveraret
1562 3854 1768 3919 qenus
1823 3834 2129 3917 Abrahae,

596 3945 910 4032 Origenes
968 3945 1080 4013 lib.
1156 3950 1219 4013 2.
1291 3960 1516 4015 contra
1582 3949 1865 4031 Celsum,
1925 3954 2136 4036 fuisse

594 4062 960 4141 carnalem,
1023 4063 1527 4151 chrysostomus
1566 4068 1797 4135 homil.
1871 4070 1978 4135 27.
2061 4070 2135 4136 in

598 4179 928 4260 Genesim,
981 4179 1261 4268 cyrillus
1311 4183 1425 4249 lib.
1476 4187 1581 4251 10.
1637 4187 1708 4251 in
1761 4185 2127 4265 lulianum,

592 4306 789 4382 negat
846 4293 1137 4362 valuisse
1190 4293 1269 4361 ad
1292 4295 1642 4383 justitiam,
1688 4299 2133 4368 Theodoretus

586 4433 648 4499 q.
698 4414 809 4480 67.
857 4412 930 4477 in
973 4411 1200 4478 Genes.
1258 4411 1700 4481 Tertullianus
1751 4428 1985 4483 contra
2021 4418 2133 4483 Ju-

585 4528 763 4595 doeos
804 4550 952 4615 cap.
990 4530 1054 4595 2.
1085 4539 1147 4594 et
1182 4521 1319 4608 alii,
1357 4549 1522 4617 quos
1554 4530 1793 4598 ibidem
1817 4532 1968 4600 citat
1999 4534 2132 4602 Bel-

586 4642 928 4724 larminuS,
984 4655 1048 4709 et
1113 4664 1342 4711 omnes
1381 4664 1548 4730 pene
1614 4647 1819 4715 Graeci
1863 4651 2123 4717 PatreS.

584 4762 677 4825 Ex
712 4759 955 4826 Latinis
983 4760 1176 4827 etiam
1208 4759 1355 4828 addi
1392 4774 1597 4848 potest
1616 4775 1856 4851 praeter
1885 4764 2129 4832 Tertul-

588 4875 858 4958 lianum,
903 4876 1270 4964 Cyprianus
1329 4878 1442 4945 lib.
1494 4884 1550 4950 1.
1589 4892 1821 4948 contra
1867 4882 2129 4949 Jndoeos

585 5012 730 5078 cap.
766 4995 829 5060 8.
858 4992 972 5061 lib.
1010 4996 1073 5061 3.
1109 4995 1300 5080 epist.
1329 4995 1609 5080 epistola
1640 4996 1729 5062 ad
1755 4996 2016 5079 Fidum,
2057 5001 2120 5064 8.

585 5107 971 5176 Ambrosius
1002 5110 1192 5195 epist.
1232 5113 1313 5176 72
1354 5110 1443 5177 ad
1484 5112 1758 5180 Roman.
1803 5117 1866 5180 4.
1903 5112 2126 5181 Hiero·

586 5245 825 5311 nymus
866 5227 940 5291 in
970 5246 1121 5312 cap.
1159 5230 1222 5291 3.
1277 5225 1368 5291 ad
1410 5226 1709 5297 Galatas.

673 5344 747 5410 Hi
788 5363 1018 5410 omnes
1059 5343 1162 5410 vel
1201 5344 1558 5413 excludunt
1604 5347 1886 5415 fructum
1920 5349 2121 5436 justi-

583 5459 692 5525 tiae
723 5480 759 5525 a
790 5458 1327 5543 Circumcisione,
1363 5462 1466 5529 vel
1511 5462 1814 5532 effectum
1855 5475 1918 5531 et
1950 5464 2122 5532 utili-

586 5585 782 5647 tatem
831 5575 974 5673 eJus
1030 5574 1455 5664 declarantes,
1517 5587 1731 5652 tacent
1774 5580 1943 5652 hanc
1981 5581 2124 5672 ejus

2253 1728 2423 1815 ejus.
2458 1730 2758 1797 Messiam
2790 1732 3218 1818 expectabant
3239 1744 3309 1800 ut
3337 1732 3796 1799 instructorem

2255 1858 2319 1912 et
2359 1850 2721 1929 Doctorem,
2767 1848 2972 1936 etqui
3019 1870 3132 1915 eos
3169 1849 3473 1919 liberaret
3503 1871 3540 1916 a
3587 1849 3800 1917 servi-

2254 1972 2393 2029 tute
2421 1963 2788 2050 temporali‚
2819 1964 2901 2030 de
2931 1984 3059 2051 qua
3089 1963 3546 2053 intelligebant
3573 1985 3802 2032 omnes

2256 2078 2727 2166 promissiones
2765 2074 3232 2167 redemptionis
3288 2092 3353 2148 et
3408 2081 3727 2148 libertatis
3766 2102 3802 2148 a

2256 2209 2541 2282 peccam,
2606 2217 2769 2283 quas
2819 2197 3239 2284 promittebat
3281 2198 3615 2285 Scriptura
3670 2198 3808 2266 fore

2255 2332 2371 2398 per
2429 2314 2757 2395 Messiam,
2801 2314 2971 2382 sicut
3027 2328 3091 2382 et
3130 2336 3408 2401 regnum
3464 2317 3611 2403 ejus
3667 2316 3806 2383 fore

2253 2428 2632 2515 temporale,
2686 2442 2751 2497 et
2790 2431 3336 2499 restaurationem
3377 2432 3563 2518 regni
3605 2432 3802 2499 lsrael

2253 2545 2663 2632 temporalis,

2341 2666 2473 2730 Hoc
2513 2675 2684 2749 patet
2715 2685 2795 2731 ex
2835 2664 3130 2751 epistolis
3173 2665 3377 2745 Pauli,
3414 2665 3800 2734 disserentis

2251 2793 2475 2847 contra
2505 2780 2765 2848 Judaeos
2796 2793 2861 2847 et
2874 2781 3305 2868 judaizantes„
3343 2803 3460 2870 pro
3493 2782 3620 2849 fide
3646 2786 3797 2851 Jesu

2250 2896 2524 2976 Christi;
2562 2909 2625 2963 et
2665 2896 2789 2963 hoc
2832 2911 2931 2964 est
2968 2910 3428 2986 argumentum
3479 2900 3793 2986 ipsorum,

2251 3026 2320 3081 ut
2360 3014 2688 3101 explicant
2734 3035 2965 3081 omnes
2995 3016 3427 3103 expositores,
3469 3021 3648 3084 Patet
3677 3016 3795 3084 eti·

2248 3152 2352 3199 am
2384 3134 2524 3199 Act.
2575 3136 2677 3198 15.
2740 3132 2824 3199 Et
2864 3131 3138 3218 quidam
3195 3132 3659 3201 descendentes
3715 3134 3798 3202 de

2247 3249 2477 3315 Jndoea
2538 3249 2856 3315 docebant
2912 3251 3188 3335 fratres,
3246 3252 3407 3336 qnia
3462 3253 3605 3317 nisi
3665 3253 3796 3318 cir·

2248 3365 2722 3431 cummfdamini
2739 3365 3098 3431 secandum
3119 3386 3364 3432 morem
3392 3366 3630 3453 Moysi,
3663 3390 3797 3435 non

2244 3485 2514 3569 potestis
2560 3484 2838 3562 salvari,
2894 3493 3017 3549 etc.
3064 3484 3522 3550 Surreoecrunt
3576 3496 3798 3551 autem

2247 3600 2519 3686 quidam
2556 3599 2639 3665 de
2668 3600 2906 3664 hoeresi
2936 3599 3457 3678 Pharisaeorum,
3506 3602 3621 3686 qui
3651 3622 3795 3667 cre-

2247 3715 2585 3796 diderunt,
2630 3715 2940 3794 dicentes,
2979 3718 3138 3802 qnia
3166 3727 3420 3802 oportet
3450 3719 3794 3784 circumci-

2246 3832 2321 3898 di
2359 3852 2485 3909 eos,
2548 3832 2916 3917 proecipere
2963 3851 3215 3917 quoque
3271 3852 3540 3898 servare
3587 3834 3793 3919 leqem

2248 3946 2483 4032 Moysi,
2538 3956 2660 4012 etc.
2720 3948 2953 4011 Contra
3015 3946 3135 4011 hos
3196 3944 3463 4012 disserit
3525 3947 3784 4027 PauluS,

2247 4082 2548 4129 asserens
2596 4082 2854 4128 omnem
2889 4061 3211 4148 justitiam
3263 4083 3408 4129 esse
3466 4083 3549 4129 ex
3597 4065 3790 4131 meri-

2246 4183 2331 4249 tis
2378 4183 2641 4263 Christi,
2687 4194 2749 4250 et
2788 4182 3063 4249 salutem
3109 4203 3254 4250 esse
3311 4203 3428 4269 per
3474 4181 3668 4250 fidem
3727 4195 3791 4251 et

2246 4299 2784 4388 redemptionem,
2831 4319 2980 4386 quae
3017 4309 3118 4365 est
3168 4299 3232 4365 in
3290 4302 3442 4367 Jesu
3502 4300 3784 4383 Christ0,

2247 4435 2457 4502 neque
2494 4415 2707 4502 legem
2743 4412 3098 4501 quidquam
3131 4414 3373 4494 valere,
3412 4435 3625 4503 neque
3654 4416 3793 4482 Cir-

2244 4531 2739 4612 cumcisionem,
2785 4552 2861 4597 eo
2894 4550 3130 4618 nempe
3161 4551 3382 4609 sensu,
3422 4552 3550 4618 quo
3582 4530 3789 4599 Judaei

2244 4648 2518 4716 salutem
2559 4669 2639 4713 ex
2679 4645 3210 4725 Circumcisione,
3256 4659 3320 4713 et
3367 4646 3582 4713 littera
3623 4646 3792 4735 legis

2242 4762 2454 4830 solum
2495 4783 2640 4830 esse
2669 4761 3114 4842 adstruebant,
3149 4773 3214 4828 et
3247 4761 3792 4848 repromissiones

2241 4878 2366 4944 sibi
2426 4879 2626 4945 factas
2684 4899 2831 4946 esse
2896 4900 2977 4945 ex
3026 4878 3260 4945 merito
3322 4879 3666 4966 utriusque
3727 4890 3792 4946 et

2240 4995 2608 5063 sanctitate.

2326 5115 2466 5179 Non
2526 5113 2809 5200 negabat
2866 5134 3025 5200 ergo
3075 5113 3314 5182 Paulus
3373 5114 3793 5181 Circumcisi-

2238 5251 2429 5297 onem
2464 5231 2626 5297 nihil
2675 5232 2897 5299 valere
2935 5232 3258 5320 adjunctis
3317 5233 3569 5300 meritis
3599 5232 3781 5299 Chri-

2238 5344 2346 5424 sti,
2411 5354 2472 5409 et
2512 5342 2740 5411 eodem
2783 5344 2975 5412 modo
3025 5346 3106 5413 de
3143 5346 3314 5434 lege,
3378 5347 3443 5413 in
3505 5367 3783 5435 quorum

2237 5460 2482 5528 virtute
2521 5483 2634 5548 per
2663 5463 2965 5548 gratiam,
3007 5483 3154 5550 quae
3195 5463 3260 5530 in
3302 5463 3558 5531 christo
3591 5464 3788 5531 daba-

2235 5597 2371 5667 tur,
2424 5587 2749 5655 valebant.
2800 5588 2981 5656 Unde
3021 5588 3099 5656 ad
3147 5593 3473 5657 Romanos
3521 5594 3585 5659 2.
3641 5590 3777 5659 ait:

3883 3974 4082 4047 Scopus

3898 4038 3940 4086 Ρ
3943 4038 4075 4091 auli.

3941 5146 4019 5200 13.
