4287 6313
1632 460 1830 522 msr.
1888 460 1988 520 vl.
2022 459 2387 537 QUAEsrlo
2419 462 2521 524 1x.

465 621 640 691 cter
717 616 823 691 sit
875 618 1348 700 indelebilis,
1400 619 1622 690 nulla
1663 618 1856 691 talis
1897 623 2021 690 est

462 732 735 805 forma
768 733 849 805 in
882 735 1155 806 anima
1190 734 1600 824 baptizati.

555 849 1001 923 Secundum
1043 850 1292 924 istam
1352 851 1845 943 opinionem,
1877 869 2013 942 pa-

454 970 571 1041 tet
628 967 1055 1058 responsio
1096 968 1190 1040 ad
1222 967 1417 1039 duas
1472 965 2012 1039 auctoritates

458 1082 838 1156 adductas
881 1083 976 1154 ad
1010 1082 1259 1155 aliam
1320 1085 1640 1175 partem
1700 1080 2015 1173 quaesti-

461 1198 662 1280 onis,
701 1196 889 1290 quia
924 1198 1133 1270 male
1165 1199 1695 1280 adducuntur,
1738 1202 1819 1272 et
1856 1217 2016 1269 om-

459 1315 652 1389 nino
710 1335 871 1388 non
952 1315 1385 1389 secundum
1482 1314 2015 1388 intentionem

464 1436 923 1516 auctorum,
998 1433 1210 1505 sicut
1287 1433 1510 1526 patet
1598 1431 1679 1503 in
1750 1431 2017 1523 prima

469 1549 788 1622 ratione
822 1548 1062 1624 istius
1101 1548 1531 1642 opinionis,

555 1667 670 1739 Ad
732 1665 1136 1739 rationem
1209 1686 1360 1760 pro
1432 1666 1572 1737 illa
1640 1668 1877 1758 parte
1926 1665 2019 1737 de

471 1783 1075 1865 indelebilitate,
1120 1784 1564 1876 respondeo
1610 1783 1815 1874 quod
1858 1802 2019 1853 non

470 1900 592 1971 est
636 1902 1259 1973 Sacramentum
1301 1897 1791 1977 initerabile,
1839 1916 2018 1989 pro-

470 2020 652 2108 pter
693 2014 846 2087 hoc
920 2016 1126 2107 quod
1186 2014 1612 2106 imprimat
1644 2013 2018 2085 effectum

468 2131 999 2213 indelebilem,
1092 2132 1224 2204 sed
1323 2151 1424 2202 ex
1512 2129 2020 2203 ordinatione

465 2247 767 2332 divina,
806 2248 1018 2321 sicut
1085 2248 1386 2321 dictum
1427 2254 1552 2321 est
1595 2247 1676 2319 in
1720 2266 2017 2339 praece-

466 2364 683 2438 denti
727 2366 1198 2457 quaestione.

562 2483 734 2554 Ista
791 2483 1044 2555 etiam
1103 2483 1319 2553 ratio
1377 2487 1642 2574 potest
1702 2481 1883 2554 duci
1926 2483 2020 2554 ad

478 2599 971 2691 oppositum.
1017 2599 1283 2690 Magis
1325 2599 1539 2670 enirn
1571 2602 1697 2671 est
1740 2601 2022 2671 Sacra-

477 2720 839 2789 mentum
882 2715 1367 2799 initerabile,
1409 2715 1478 2787 si
1510 2714 1820 2786 nullam
1860 2714 2020 2785 for-

476 2852 692 2906 mam
789 2832 1237 2925 imprimat,
1331 2832 1520 2924 quia
1598 2836 2017 2924 quantum-

469 2971 813 3042 cumque
872 2949 1387 3043 imprimeret
1455 2948 1709 3029 illam,
1770 2946 2017 3020 deleri

469 3070 770 3160 posset.
846 3065 929 3139 Si
981 3069 1255 3139 autem
1338 3066 1600 3138 solum
1687 3066 2022 3161 ponitur

471 3183 961 3265 initerabile,
1025 3183 1215 3275 quia
1272 3182 1579 3257 transit
1659 3184 1741 3257 in
1819 3204 2014 3276 prae-

467 3301 833 3383 teritum,
920 3303 1112 3373 tunc
1190 3300 1561 3374 salvatur
1631 3301 2022 3395 simplici-

467 3421 596 3491 ter
644 3417 862 3489 ratio
898 3416 1374 3500 indelebiliS,
1421 3418 1612 3509 quia
1661 3420 1875 3490 Deus
1930 3419 2021 3491 de

467 3535 829 3627 potentia
891 3534 1269 3607 absoluta
1350 3555 1514 3606 non
1580 3537 1851 3627 posset
1904 3536 2022 3607 fa-

467 3669 651 3723 cere
709 3649 1226 3742 praeteritum
1268 3668 1429 3721 non
1488 3650 2018 3743 praeteriisse,

468 3787 657 3839 nam
744 3768 812 3839 si
909 3765 1177 3860 fugias
1258 3768 1350 3840 ad
1432 3766 1793 3842 formam
1877 3770 2017 3842 im-

470 3903 865 3975 pressam,
913 3904 1094 3958 cum
1156 3884 1529 3977 quaelibet
1591 3885 1698 3960 sit
1739 3887 2023 3960 delebi-

467 4002 598 4083 lis,
653 4020 814 4073 non
864 4001 1207 4075 habetur
1241 4000 1731 4095 simpliciter
1781 4004 2019 4077 inite-

474 4118 877 4191 rabilitas.
972 4120 1116 4191 Sed
1202 4119 1271 4191 si
1337 4120 1658 4194 dicatur
1743 4123 2017 4193 actum

472 4234 986 4327 praeteritum
1036 4254 1215 4306 esse
1295 4234 1643 4325 signum,
1682 4258 1864 4309 cum
1924 4239 2020 4310 il-

467 4353 541 4424 le
628 4356 862 4425 actus
950 4351 1424 4444 praeteritus
1514 4372 1674 4424 11011
1754 4357 2017 4447 possit

464 4468 739 4551 deleri,
853 4469 925 4541 id
975 4472 1124 4550 est,
1196 4489 1356 4540 non
1393 4468 1669 4553 fuisse,
1756 4473 2018 4564 sequi-

462 4586 603 4656 tur
642 4586 848 4677 quod
888 4585 1049 4658 ista
1099 4584 1209 4658 sit
1259 4585 1475 4658 ratio
1531 4585 2020 4679 simpliciter

469 4701 1143 4776 initerabilitatis.

1042 4963 1441 5024 SCHOLIUM.

677 5135 685 5158 Ι

540 5190 672 5246 Νο11
727 5202 906 5260 posse
951 5188 1211 5260 probari
1291 5190 1552 5260 ratione,
1604 5194 2015 5265 experientia,

474 5287 795 5358 Scriptura
826 5301 1024 5356 sacra,
1054 5288 1162 5344 vel
1193 5288 1384 5347 claris
1423 5293 1483 5345 et
1519 5293 1831 5363 expressis
1861 5293 2018 5350 San-

472 5388 712 5441 ctorum
760 5386 934 5449 locis,
984 5385 1340 5457 ponendum
1391 5402 1524 5443 esse
1564 5388 2016 5460 characterem,

474 5482 580 5538 sed
654 5481 789 5538 dari
839 5487 1080 5540 constat
1154 5499 1229 5539 ex
1299 5486 1661 5545 auctoritate
1703 5490 2015 5561 Ecclesiae,

476 5598 523 5637 c.
556 5582 813 5651 Majores,
842 5581 919 5638 de
942 5585 1112 5654 bapt.
1137 5584 1300 5654 quod
1330 5591 1467 5657 post
1495 5588 1650 5647 Scot.
1690 5589 2016 5648 definitum

482 5682 577 5736 est
621 5680 687 5735 in
739 5680 1002 5737 Florent-
1041 5682 1293 5740 Decreto
1340 5686 1493 5757 Eug.
1546 5693 1607 5745 et
1635 5688 1802 5745 Trid.
1845 5703 1926 5745 sS.
1957 5693 2014 5746 7.

3572 462 3688 526 603

2131 635 2269 676 can.
2316 621 2373 676 6.
2414 620 2522 675 sed
2552 635 2629 676 ex
2659 622 3130 678 auctoritatibus
3166 637 3301 700 ¹non
3344 625 3683 693 expressis.

2131 721 2361 774 Omnes
2425 725 2593 780 enim
2656 730 2904 798 possent
2963 723 3188 791 exponi
3233 722 3311 778 de
3378 724 3510 793 ipso
3569 724 3688 778 Ba-

2128 820 2380 891 ptimo,
2438 822 2545 890 qui
2586 821 2709 880 dici
2762 830 2960 895 potest
2997 825 3322 881 character
3364 826 3426 878 et
3472 823 3687 890 signa-

2128 916 2368 975 culum.
2431 918 2593 976 Vide
2664 922 2799 979 loca
2869 925 3231 981 Sanctorum
3301 920 3469 994 apud
3532 921 3685 978 Coc-

2131 1030 2323 1072 cium.

2219 1329 2332 1401 Ad
2401 1331 2931 1422 quaestionem
2973 1335 3240 1425 potest
3307 1333 3461 1406 dici
3531 1333 3678 1406 ali-

2133 1451 2283 1527 ter,
2332 1448 2538 1538 quod
2570 1448 2761 1523 licet
2793 1449 3357 1524 characterem
3414 1451 3680 1524 inesse

2133 1563 2450 1646 animae,
2535 1585 2697 1638 non
2772 1567 3035 1658 possit
3122 1567 3458 1660 probari
3535 1589 3682 1662 per

2136 1681 2539 1753 rationem
2582 1685 3070 1768 naturalem,
3108 1705 3362 1777 neque
3395 1684 3478 1757 in
3510 1687 3681 1758 uni-

2132 1796 2459 1880 versali,
2519 1798 2725 1889 quod
2803 1800 3116 1873 scilicet
3191 1820 3522 1873 necesse
3574 1801 3680 1874 sit

2131 1915 2324 1986 dare
2358 1914 2606 1988 talem
2661 1912 3329 1997 formaminesse
3388 1916 3684 1988 animae

2134 2036 2475 2122 propter
2515 2033 2695 2120 quid,
2735 2052 2880 2104 nec
2921 2032 3172 2104 etiam
3221 2037 3558 2124 propter
3595 2033 3683 2105 fi-

2133 2165 2342 2230 nem,
2388 2167 2643 2239 neque
2697 2148 2779 2219 in
2822 2148 3335 2238 particulari,
3397 2152 3487 2222 ut
3536 2169 3682 2242 per

2131 2266 2725 2359 experientiam
2789 2267 3135 2359 alicujus
3214 2272 3473 2351 actuS,
3542 2291 3679 2342 seu

2137 2403 2282 2474 per
2322 2383 2827 2457 conditiones
2879 2388 3109 2457 actus
3154 2380 3680 2457 manifestan-

2131 2505 2257 2572 tes
2289 2502 2540 2574 talem
2572 2498 2927 2573 formam
2960 2503 3224 2575 inesse
3258 2501 3414 2594 ipsi
3447 2520 3681 2593 agen-

2135 2616 2196 2688 ti
2261 2618 2744 2711 percipienti
2812 2622 3085 2692 actum
3144 2638 3403 2701 suum,
3469 2618 3680 2692 sicut

2134 2754 2279 2807 nec
2339 2736 2675 2828 probari
2728 2740 2997 2829 potest
3064 2737 3155 2808 de
3221 2735 3496 2828 gratia
3552 2734 3679 2806 vel

2133 2852 2566 2934 charitate,
2620 2853 2710 2925 de
2763 2840 3261 2946 quo'dictum
3301 2857 3427 2927 est
3474 2854 3555 2925 in
3594 2856 3667 2926 3.

2136 2974 2249 3039 lib.
2320 2970 2512 3044 licet
2561 2970 2809 3045 etiam
2869 2991 2968 3042 ex
3028 2969 3359 3042 creditis
3432 2969 3680 3041 mani-

2137 3090 2364 3173 feste,
2444 3090 2612 3164 sive
2683 3109 2858 3181 quae
2912 3092 3097 3161 sunt
3148 3085 3530 3181 explicite
3589 3087 3681 3160 de

2137 3205 2595 3280 substantia
2660 3206 2865 3291 fidei,
2936 3206 3104 3278 sive
3184 3226 3358 3297 quae
3435 3204 3685 3278 conti-

2132 3326 2433 3397 nentur
2475 3325 2556 3398 in
2590 3325 3045 3418 Scriptura,
3102 3325 3271 3398 sive
3307 3344 3481 3416 quae
3517 3342 3682 3394 ma-

2134 3440 2428 3515 nifeste
2507 3463 2651 3535 per
2736 3446 3078 3516 Sanctos
3161 3443 3345 3514 sunt
3406 3440 3683 3513 elicita

2134 3580 2234 3631 ex
2312 3559 2671 3643 creditiS,
2746 3580 2907 3631 non
2979 3559 3241 3651 possit
3317 3557 3676 3651 probari,

2138 3678 2326 3768 quia
2356 3698 2517 3751 non
2567 3681 2912 3770 apparet
2953 3675 3420 3748 necessaria
3460 3675 3680 3748 habi-

2139 3794 2324 3868 tudo
2375 3795 2551 3887 ejus
2607 3794 2702 3866 ad
2751 3791 2953 3867 talia
3003 3792 3348 3873 credita;
3406 3797 3682 3866 tamen

2138 3913 2329 4003 poni
2403 3913 2698 4004 potest,
2781 3909 2967 4002 quia
3034 3930 3194 3983 non
3280 3914 3678 4002 repugnat

2134 4031 2291 4124 ipsi
2334 4029 2624 4104 animae
2677 4029 2927 4102 talem
2969 4030 3321 4101 formam
3354 4026 3676 4107 habere,

2135 4146 2397 4239 qualis
2465 4144 2955 4220 describitur
3004 4144 3464 4226 character,
3536 4163 3678 4214 nec

2137 4286 2280 4359 per
2325 4285 2821 4356 consequens
2862 4265 3031 4336 Deo
3093 4282 3334 4355 posse
3384 4259 3676 4332 animae

2133 4383 2384 4457 talem
2418 4379 2774 4454 formam
2811 4379 3309 4472 imprimere.

2225 4502 2370 4574 Sed
2430 4520 2527 4571 ne
2581 4499 2908 4572 omnino
3010 4495 3328 4570 frustra
3421 4497 3500 4568 et
3563 4493 3669 4565 si-

2129 4639 2228 4691 ne
2286 4615 2773 4690 necessitate
2861 4616 3239 4707 ponatur,
3352 4612 3677 4704 oportet

2129 4732 3108 4825 aliquamauctoritatem
3176 4728 3498 4812 habere,
3543 4726 3672 4801 cui

2133 4851 2560 4933 innitatur,
2609 4850 2745 4940 qui
2821 4848 3051 4940 ponit
3085 4865 3293 4929 eam,
3365 4848 3445 4918 et
3485 4846 3679 4916 tunc

2131 4968 2372 5040 facile
2412 4967 2574 5040 erit
2610 4967 2954 5047 solvere,
3055 4984 3228 5056 quae
3289 4961 3677 5055 objiciun-

2130 5091 2294 5159 tur.
2321 5085 2548 5157 Inter
2586 5080 3130 5155 auctoritates
3172 5082 3447 5151 autem
3490 5081 3679 5152 San-

2131 5206 2455 5275 ctorum
2481 5200 2912 5272 secundum
2935 5198 3181 5271 istam
3215 5196 3684 5288 significati-

2134 5339 2367 5392 onem
2399 5316 3034 5399 characteris,de
3060 5335 3214 5407 qua
3237 5314 3673 5406 loquimur,

2130 5455 2293 5507 non
2351 5433 2728 5506 videntur
2788 5431 3064 5504 multae
3134 5428 3676 5503 auctoritates

2130 5571 2566 5644 expressae,
2656 5553 2949 5642 tamen·
2987 5547 3277 5641 aliquae
3327 5546 3678 5636 allegan-

2129 5674 2271 5744 tur
2328 5689 2487 5741 non
2556 5665 3121 5741 concludentes
3162 5684 3260 5737 ex
3301 5661 3676 5753 Augusti-

3736 3012 3859 3066 dist.
3909 3012 3993 3065 26.
