4287 6313
541 397 660 458 436

540 561 779 653 cepit,
878 561 973 632 ad
1085 561 1579 634 causandum
1674 561 2076 642 effectum,

541 696 784 768 quam
822 676 995 750 cito
1043 677 1244 749 obex
1300 677 1661 751 tollitur.

1723 399 1867 459 ΗΒ.
1915 400 2015 460 lv.
2044 398 2637 463 SENTENTlARUM

2204 560 2588 634 conciliat
2629 563 2822 644 Deo,
2871 565 3262 654 quantum
3299 563 3394 634 ad
3429 560 3740 640 omnia;

2194 697 2392 769 ergo
2442 677 2912 769 Baptismus
2974 698 3135 750 non
3188 681 3461 770 potest
3550 697 3751 770 prae-

625 795 770 866 Sed
813 798 1104 867 contra
1165 795 1377 868 istud
1440 796 1848 886 arguitur,
1895 795 2083 888 quia
2191 794 2470 866 venire
2519 793 2896 867 effectum
2936 795 3455 886 poenitentiae,
3506 815 3749 886 quan·

532 931 677 1002 per
743 911 1306 1003 poenitentiam
1355 911 1674 984 deletur
1734 912 1894 985 ista
1938 913 2077 986 fic-

528 1026 646 1098 tio
702 1048 847 1119 per
907 1031 1019 1108 te;
1089 1047 1248 1100 non
1312 1033 1592 1102 autem
1637 1033 1908 1121 potest
1948 1030 2079 1103 de-

524 1140 673 1213 leri
720 1161 964 1214 unum
1000 1147 1434 1235 peccatum
1471 1142 1845 1224 mortale,
1886 1144 2077 1236 quin

520 1248 945 1331 deleantur
1022 1259 1317 1343 omnia,
1375 1258 1561 1351 quia
1640 1259 2075 1333 secundum

527 1378 1072 1469 Augustinum
1125 1404 1139 1448 ε
1187 1382 1470 1467 Impium
1510 1393 1600 1446 esc
1639 1405 1680 1446 a
1715 1384 1845 1446 Deo
1874 1382 2076 1448 dimi-

525 1495 708 1561 diam
747 1517 1019 1582 sperare
1054 1499 1316 1562 veniam
1345 1522 1368 1576 ,·
1428 1514 1627 1584 ergo
1666 1514 1810 1585 pel*
1845 1492 2074 1565 illam

527 1610 1085 1702 poenitentiam
1147 1610 1517 1681 delentur
1581 1609 1851 1681 omnia
1910 1609 2074 1682 alia

531 1729 864 1818 peccata
901 1752 915 1807 ;
954 1746 1112 1798 non
1166 1746 1365 1816 ergo
1436 1726 1709 1817 gratia
1753 1725 2072 1818 Baptis-

534 1842 769 1914 malis
819 1842 1025 1914 delet
1069 1841 1209 1914 illa
1260 1841 1446 1913 alia.
1899 1911 1905 1916 ,

310 1988 363 2057 5,
457 2051 466 2061 ς
622 1961 848 2039 Item,
905 1959 1215 2030 nullum
1292 1963 1710 2051 peccatum
1770 1962 2072 2032 morta-

194 2047 626 2160 Ps‘ssssssffiffale,
703 2076 907 2166 quod
979 2075 1186 2148 inest
1277 2079 1459 2166 post
1532 2073 2065 2167 Baptismum,

182 2173 500 2302 ‘ffgffga‘gi’ft
532 2193 799 2281 potest
840 2191 1090 2263 deleri
1139 2191 1635 2284 poenitentia,
1687 2191 1873 2283 quia
1927 2191 2070 2263 illa

290 2315 398 2352 ”¹1¹-
525 2308 649 2379 est
720 2308 1062 2380 secunda
1139 2308 1414 2381 tabula
1484 2311 1667 2400 post
1735 2307 2064 2379 naufra-

524 2424 771 2514 gium,
882 2424 1316 2498 secundum
1408 2422 1993 2514 Hieronymum
2047 2449 2061 2503 ;

524 2540 663 2613 illa
740 2548 1010 2614 autem
1054 2542 1217 2613 alia
1269 2545 1624 2633 peccata,
1692 2561 1864 2632 quae
1908 2561 2065 2612 non

521 2663 706 2730 sunt
774 2678 1026 2729 causa
1093 2657 1473 2735 fictionis,
1543 2658 1819 2731 insunt
1882 2661 2064 2749 post

515 2775 1072 2868 Baptismum;
1145 2795 1345 2867 ergo
1418 2796 1575 2847 non
1656 2774 2057 2853 delentur,

515 2892 674 2964 nisi
718 2913 861 2985 per
912 2892 1496 2985 poenitentiam:
1536 2892 1660 2964 vel
1698 2891 1765 2963 si
1798 2892 2062 2983 fingas

514 3008 656 3080 illa
683 3009 932 3081 deleri
969 3030 1113 3100 per
1167 3010 1705 3101 Baptismum‚
1747 3008 2061 3100 quando

512 3125 840 3201 tollitur
954 3126 1611 3220 impedimentum
1724 3125 2060 3199 effectus

510 3243 944 3336 Baptismi‚
1014 3262 1275 3334 quare
1357 3262 1512 3314 non
1594 3245 1862 3336 potest
1944 3241 2059 3313 ita

508 3360 649 3432 illa
690 3359 936 3439 fictio,
1014 3379 1187 3450 quae
1243 3358 1392 3429 fuit
1455 3357 2060 3450 causaimpedi-

511 3475 785 3555 menti,
838 3474 1043 3552 tolli,
1075 3475 1386 3566 quando
1421 3477 1686 3547 cessat
1731 3472 2053 3566 impedi-

510 3596 869 3665 mentum
932 3611 1075 3684 per
1137 3591 1403 3682 ipsum
1457 3589 1962 3682 Baptismum
2016 3598 2050 3661 ⁶?

597 3710 677 3784 Si
721 3709 1041 3781 dicatur
1108 3709 1201 3780 ad
1245 3708 1603 3801 primum
1670 3708 2047 3789 istorum,

504 3826 710 3916 quod
778 3823 1276 3917 poenitentia,
1340 3828 1732 3915 quantum
1784 3828 1908 3896 est
1957 3823 2050 3895 de

506 3962 611 4022 se,
681 3945 956 4034 posset
1014 3940 1281 4012 delere
1348 3939 1622 4011 omnia
1683 3944 2046 4032 peccata,

502 4064 776 4131 tamen
837 4057 1146 4149 quando
1204 4057 1704 4149 praevenitur
1745 4058 1843 4128 ab
1903 4058 2048 4129 ali·-

502 4194 657 4267 qua
719 4195 965 4247 causa
1050 4172 1525 4265 potentiori,
1605 4192 1767 4245 non
1840 4172 2048 4246 delet

500 4290 677 4371 illa;
754 4291 885 4362 sed
938 4290 1094 4363 ista
1148 4310 1394 4361 causa
1448 4293 1572 4362 est
1620 4289 1755 4361 hic
1807 4309 2047 4380 quan-

495 4415 669 4481 tum
722 4407 817 4478 ad
889 4407 1050 4478 alia
1112 4428 1253 4478 sex
1318 4410 1677 4499 peccata,
1736 4406 2047 4479 scilicet

494 4526 771 4616 gratia
811 4524 1369 4617 Baptismalis,
1428 4543 1603 4614 quae
1654 4522 2048 4614 praevenit

496 4639 1050 4734 poenitentiam
1146 4637 1272 4709 vel
1355 4638 1732 4710 effectum
1840 4639 2041 4731 ejus.

492 4759 663 4830 Hoc
719 4777 878 4828 non
931 4755 1251 4827 videtur
1296 4753 1809 4836 rationabile,
1859 4754 2046 4847 quia

490 4875 715 4967 prius
803 4872 1303 4946 naturaliter
1385 4870 1720 4944 tollitur
1790 4870 2039 4954 fictio,

492 5012 588 5083 qu
617 5010 747 5061 am
865 5010 1009 5081 per
1112 4988 1624 5080 Baptismum
1745 4988 2045 5080 aliquid

492 5103 1086 5184 causet111‘;sed
1158 5104 1236 5175 in
1290 5102 1431 5174 illo
1492 5102 1751 5195 priori
1800 5123 2043 5196 opor-

493 5222 606 5293 tet
703 5218 1002 5290 habere
1089 5237 1369 5289 veram
1453 5216 2034 5308 poenitentiam,

176 3747 468 3814 Responsio

200 3826 434 3875 quorum-

246 3876 363 3923 dam
375 3913 387 3923 .

483 5336 668 5428 quia
727 5334 949 5408 fictio
993 5354 1153 5406 non
1222 5333 1550 5407 tollitur
1610 5333 1781 5405 sine
1840 5353 2035 5406 vera
2151 5336 2316 5408 lum
2380 5356 2666 5409 eorum
2709 5337 2862 5410 fuit
2930 5359 3203 5422 causa,
3270 5341 3456 5433 quin
3513 5341 3689 5435 jam

1117 5452 1552 5523 secundum
1648 5450 2034 5541 Augusti·
2148 5458 2421 5526 essent
2479 5454 2764 5527 deleta.
2842 5455 3044 5528 Illud
3113 5462 3384 5530 autem
3448 5460 3692 5551 septi·
3722 5456 4053 5516 annumque

491 5452 992 5546 poenitentia,

486 5590 704 5653 num,
793 5588 991 5641 vera
1068 5566 1544 5659 poenitentia
1610 5564 1842 5658 plene
1912 5588 2030 5638 re-

2195 913 2367 982 tum
2427 909 2522 982 ad
2564 908 2865 1002 aliquid
2895 910 3318 983 delendum
3369 910 3502 988 ibi,
3569 910 3740 982 imo

2192 1028 2665 1121 poenitentia
2730 1028 3125 1120 praevenit
3184 1032 3582 1121 quantum
3655 1029 3749 1100 ad

2196 1143 2500 1216 omnia.

2277 1262 2562 1335 Posset
2655 1281 2856 1353 ergo
2952 1262 3201 1335 aliter
3273 1262 3455 1346 dici,
3536 1262 3746 1354 quod
3900 1289 3955 1339 6.

2193 1378 2665 1470 poenitentia
2720 1399 2918 1452 vera
2981 1376 3343 1472 perfecte
3389 1378 3741 1453 reconci-

2189 1492 2561 1576 liat'Deo,
2598 1498 2677 1567 et
2712 1515 2856 1587 per
2889 1513 3392 1585 consequens
3430 1495 3738 1568 nullum
3773 1542 4073 1603 quandoque

2190 1612 2616 1700 peccatum
2708 1610 3120 1702 relinquit.
3228 1611 3374 1684 Sed
3468 1616 3739 1685 tamen
3798 1607 3918 1650 ’ω
3963 1615 4062 1651 ⁰¹¹⁸

2187 1744 2347 1796 non
2438 1746 2671 1798 omne
2785 1726 2990 1818 quod
3072 1727 3337 1808 infuit,
3423 1747 3569 1819 per
3656 1749 3738 1799 se
3796 1678 4059 1798 *ᾶῖᾱυῗὲἶῑε

2188 1842 2447 1922 curat,
2525 1841 2657 1913 sed
2728 1846 3050 1915 tantum
3124 1842 3316 1915 illud
3367 1843 3571 1935 quod
3613 1846 3735 1915 est
3779 1803 4086 1916 ηρῖἶῖῗῧω

2186 1957 2589 2047 obiectum
2655 1958 3172 2050 poenitentiae,
3238 1960 3329 2032 de
3373 1981 3528 2052 quo
3587 1958 3737 2032 sci·
3855 1929 3994 1967 ’ω’

2181 2071 2369 2145 licet
2453 2074 2842 2164 poenitens
2926 2075 3286 2166 poenitet.
3374 2076 3735 2158 Quando-

2186 2210 2335 2280 que
2421 2194 2694 2262 autem
2752 2196 3082 2283 oportet
3158 2211 3393 2265 omne
3464 2212 3736 2285 pecca-

2186 2310 2357 2378 tum
2426 2306 2635 2398 quod
2676 2305 3017 2392 deletur,
3078 2329 3257 2380 esse
3331 2309 3735 2399 objectum

2186 2421 2700 2512 poenitentiae,
2775 2426 3054 2514 utpote
3108 2423 3176 2495 si
3256 2424 3528 2498 omnia
3599 2424 3738 2497 illa

2183 2541 2514 2629 peccata
2585 2538 2748 2611 sint
2816 2541 3258 2612 commissa
3339 2545 3521 2633 post
3581 2542 3734 2612 Ba-

2185 2653 2596 2750 ptismum,
2675 2655 3145 2748 quandoque
3207 2661 3488 2731 autem
3570 2677 3731 2731 non

2178 2773 2529 2862 oportet,
2627 2774 2708 2843 ut
2811 2773 2893 2844 in
2997 2773 3445 2866 proposito.
3541 2776 3721 2846 Non

2175 2907 2375 2978 ergo
2471 2908 2622 2980 per·
2720 2888 3114 2962 virtutem
3231 2891 3724 2983 poenitentiae
3837 2881 3846 2888 ’

2173 3003 2700 3078 dimittuntur
2778 3003 2908 3078 hic
3007 3007 3278 3079 omnia
3358 3014 3714 3100 peccata,

2174 3122 2307 3195 sed
2405 3123 2486 3195 in
2582 3122 3062 3216 poenitentia
3165 3125 3720 3212 dimittuntur,

2172 3240 2476 3326 partim
2582 3260 2729 3333 per
2835 3242 3421 3333 poenitentiam,
3537 3265 3724 3338 par-

2169 3355 2318 3429 tim
2408 3378 2550 3448 per
2649 3358 2897 3429 aliam
2986 3379 3366 3442 causam;
3434 3366 3514 3433 et
3603 3362 3719 3435 sic

2166 3491 2325 3543 non
2410 3471 2757 3546 habetur
2854 3474 2957 3545 ibi
3061 3474 3388 3547 dimidia
3471 3476 3713 3549 venia

2164 3593 2719 3679 peccatorum,
2796 3591 2927 3661 sed
2986 3594 3159 3663 tota
3202 3611 3247 3661 a
3298 3593 3506 3671 Deo,
3544 3612 3717 3665 non

2166 3704 2441 3773 tamen
2497 3704 2675 3774 tota
2715 3722 2856 3794 per
2894 3703 3472 3796 poenitentiam,
3523 3706 3712 3798 quia

2166 3837 2328 3889 non
2418 3817 2787 3909 oportuit
2873 3820 2963 3891 de
3047 3820 3441 3904 omnibuS,
3537 3842 3714 3916 quae

2165 3932 2511 4012 inerant,
2631 3935 2985 4026 peccatis
3078 3936 3490 4028 poenitere.
3606 3941 3708 4014 Et

2166 4053 2602 4125 secundum
2702 4051 2852 4126 hoc
2948 4059 3165 4128 esset
3264 4056 3707 4141 dicendum,

2163 4170 2368 4260 quod
2439 4169 2579 4242 illa
2650 4190 2794 4241 sex
2853 4170 3250 4253 delentur,
3313 4177 3395 4247 et
3458 4195 3708 4267 quan-

2163 4290 2334 4359 tum
2424 4287 2518 4359 ad
2579 4288 2927 4380 culpam,
2992 4293 3072 4361 et
3144 4295 3531 4382 quantum
3612 4293 3708 4365 ad

2165 4422 2512 4493 poenam,
2558 4423 2703 4476 nec
2745 4406 2835 4477 de
2867 4405 2983 4476 eis
3031 4410 3357 4497 oportet
3409 4402 3709 4480 habere

2159 4518 2765 4602 contritionem,
2848 4541 2990 4593 nec
3069 4522 3704 4609 confessionem,

2160 4657 2303 4708 nec
2374 4638 3054 4721 satisfactionem,
3120 4641 3255 4714 sed
3308 4641 3573 4713 solum
3614 4643 3706 4715 de

2161 4753 2301 4825 illo
2363 4756 2739 4846 septimo,
2807 4759 3012 4848 quod
3093 4756 3245 4831 fuit
3287 4777 3535 4831 causa
3575 4757 3708 4832 fic-

2165 4870 2441 4945 tionis.

2245 4987 2361 5059 Ad
2413 4986 2844 5059 secundum
2919 4991 3189 5081 potest
3257 4989 3436 5071 dici,
3493 4991 3701 5083 quod
3857 5008 3910 5079 7.

2159 5101 2431 5175 omnia
2500 5106 2832 5195 peccata
2905 5106 3317 5189 mortalia,
3379 5106 3534 5180 etsi
3588 5068 4026 5186 in-Iiffnufiss‘issi

2156 5222 2339 5290 sunt
2385 5225 2570 5310 post
2612 5218 3148 5312 Baptismum,
3195 5226 3467 5295 tamen
3524 5225 3694 5297 nul·
3752 5197 4035 5325 ficitfj’ss‘ssss'm,

3756 5339 3872 5389 qum
3910 5338 4017 5374 non

3754 5385 4004 5452 praecedit

2153 5588 2396 5650 mum,
2444 5566 2596 5641 fuit
2639 5587 2885 5641 causa
2920 5588 3171 5662 quare
3211 5590 3356 5644 nec
3392 5570 3684 5663 ipsum,
3723 5513 4052 5642 οοὲἷῖῗὲῗυε
