4287 6313
580 425 695 489 248

597 588 889 663 efficax
958 591 1054 664 ad
1109 591 1348 663 finem
1446 590 1762 682 gratiae,
1837 586 2148 661 scilicet

596 707 691 780 ad
743 708 1345 790 beatitudinem,
1401 707 1559 779 nisi
1637 706 1867 799 prius
1935 705 2145 776 obse·

595 823 872 915 quium
905 824 1099 896 illud
1129 828 1346 897 esset
1380 823 1772 904 solutum;
1813 821 2148 893 minima

599 942 898 1023 autem,
978 940 1046 1013 si
1132 940 1658 1014 conferretur
1756 959 1964 1011 nunc
2069 938 2149 1008 in

599 1058 907 1131 virtute
966 1057 1206 1151 hujus
1252 1056 1613 1150 obsequii
1666 1056 1836 1150 jam
1872 1055 2145 1138 soluti,

602 1175 1123 1249 conferretur
1188 1179 1460 1248 tamen
1511 1178 1598 1248 ut
1651 1173 2151 1247 sufficienter

606 1291 1039 1384 disponens
1093 1293 1188 1365 ad
1220 1291 1824 1366 beatitudinem.
1869 1293 2148 1362 Exem-

606 1400 826 1490 plum
880 1400 961 1471 in
1018 1400 1275 1480 nobis,
1326 1401 1590 1492 majus
1628 1400 1926 1471 bonum
1960 1419 2148 1470 con-

602 1516 947 1589 ferimus
993 1518 1331 1610 propter
1411 1516 1874 1609 obsequium
1932 1514 2148 1587 exhi-

604 1632 862 1706 bitum
900 1653 1137 1726 quam
1198 1636 1641 1726 speratum.

258 1812 343 1864 Ad
369 1748 489 1878 ἐξά.
524 1809 571 1862 1·
693 1749 807 1821 Ad
870 1749 1226 1842 primum
1299 1754 1873 1839 argumentum
1942 1749 2146 1830 dico,

607 1865 810 1958 quod
870 1865 1024 1939 etsi
1093 1864 1366 1959 passio
1441 1865 1751 1940 Christi
1812 1886 1971 1938 non
2042 1864 2151 1939 sit

512 2036 515 2047 .
606 2002 816 2055 nunc
853 1981 932 2053 in
992 1979 1312 2064 effectu,
1368 1987 1493 2056 est
1550 1988 1817 2054 tamen
1885 1980 1964 2068 in
2028 2001 2152 2054 ac-

607 2100 999 2193 ceptione,
1034 2100 1328 2180 divina,
1382 2101 1458 2171 et
1502 2100 1653 2174 hoc
1713 2099 2012 2174 sufficit
2063 2103 2152 2173 ut

606 2215 714 2289 sit
782 2235 1032 2290 causa
1093 2216 1546 2290 meritoria.
1619 2218 1849 2290 Patet
1907 2218 2146 2300 enim,

609 2333 815 2426 quod
884 2354 1031 2406 nos
1083 2332 1578 2407 conferimus
1642 2335 1893 2407 multa
1967 2355 2151 2428 pro-

611 2453 796 2542 pter
838 2448 1161 2542 aliquod
1204 2451 1503 2524 bonum
1580 2473 1739 2525 non
1792 2472 2152 2545 praesens

606 2568 687 2640 in
720 2587 830 2651 se,
882 2568 1015 2640 sed
1057 2587 1414 2660 praesens
1450 2569 1528 2640 in
1574 2572 1973 2643 memoria
2022 2592 2155 2645 no-

605 2687 807 2768 stra,
846 2683 914 2757 si
954 2684 1066 2760 sit
1100 2686 1637 2778 praeteritum,
1671 2687 1798 2760 vel
1851 2689 1932 2761 in
1984 2690 2155 2781 opi-

614 2800 879 2884 nione,
919 2801 987 2874 si
1023 2800 1130 2875 sit
1162 2800 1553 2876 futurum.

279 2924 553 3037 Ngvdfsae
695 2918 811 2992 Ad
880 2921 1310 2993 secundum
1372 2925 1641 3015 potest
1703 2921 1883 3005 dici,
1948 2925 2155 3015 quod

292 3055 551 3161 usamenta
611 3034 884 3108 omnia
928 3039 1457 3112 Sacramenta
1510 3059 1735 3112 novae
1778 3040 1982 3134 legis
2013 3041 2153 3115 ha-

255 3116 581 3248 οᾷζῖᾞοηῗέξ
609 3149 792 3224 bent
857 3170 905 3222 a
976 3150 1350 3244 passione
1411 3152 1744 3243 Christi,
1810 3160 1894 3229 ut
1937 3158 2153 3230 exhi-

281 3241 562 3350 iffssffimdb
601 3268 795 3349 bita,
876 3267 1347 3351 efficaciam,
1447 3292 1607 3344 non
1690 3275 2004 3365 quidem
2075 3275 2154 3347 in

255 3376 580 3486 mmmm,
608 3390 791 3460 actu
855 3385 1279 3467 exteriori,
1363 3388 1496 3460 sed
1574 3389 1949 3464 interiori
2028 3416 2155 3466 ex-

280 3487 973 3598 V³m⁸¹¹⁰¹²5²¹·hibita1n.
1079 3504 1197 3576 Ab
1261 3503 1600 3578 instanti
1678 3507 1891 3580 enim
1974 3533 2152 3583 con-

532 3607 537 3688 l
605 3619 1005 3715 ceptionis
1048 3620 1423 3695 Christus
1447 3621 1725 3697 habuit
1770 3627 2154 3700 meritum

520 3701 533 3853 ff
611 3735 1041 3827 passioniS‚
1081 3741 1161 3812 et
1230 3738 1311 3810 in
1355 3737 1493 3811 illo
1537 3739 1918 3814 interiori
1969 3749 2154 3817 actu

603 3851 984 3927 consistit
1039 3854 1575 3947 principalior
1611 3856 1825 3930 ratio
1854 3859 2151 3941 meriti,

605 3972 686 4040 et
738 3966 910 4041 ideo
972 3971 1343 4064 quidquid
1387 3972 1746 4046 instituit
1787 3978 2157 4067 tempore

605 4084 800 4160 vitae
900 4109 1088 4172 suae,
1180 4091 1447 4183 potuit
1523 4090 1774 4165 etiam
1858 4091 2154 4165 habere

611 4208 802 4278 tunc
834 4204 1281 4284 efficaciam
1337 4227 1383 4278 a
1453 4208 1832 4300 passione
1901 4209 2156 4284 volita

614 4321 972 4414 perfecte
1032 4323 1130 4394 ab
1192 4322 1370 4416 ipso
1421 4324 1772 4408 Christ0,
1858 4326 1936 4398 in
2001 4346 2157 4418 qua

607 4433 1211 4513 volitione'erat
1272 4438 1749 4533 principalis
1822 4441 2151 4524 oblatio,

608 4561 689 4630 et
740 4554 1217 4650 principalis
1264 4556 1566 4630 oblatio
1637 4562 1879 4648 grata
1937 4555 2156 4633 facta

606 4675 802 4747 Deo.
850 4675 1014 4746 Nec
1053 4675 1320 4765 potest
1350 4672 1528 4756 dici,
1573 4674 1779 4766 quod
1814 4674 1929 4748 sic
1973 4697 2154 4769 pas-

611 4791 732 4864 sio
812 4791 951 4867 illa
1011 4795 1345 4883 accepta
1398 4788 1687 4865 fuisset
1774 4795 1960 4865 ante
2037 4792 2157 4865 in·-

607 4907 1167 4980 carnationem
1211 4907 1334 4978 vel
1414 4904 1902 4998 passionem,
1968 4909 2156 5000 quia

607 5021 763 5098 etsi
830 5024 1046 5096 Deus
1114 5042 1293 5094 eam
1361 5022 1755 5116 praevidit,
1829 5043 1987 5096 non
2039 5028 2158 5097 ta-

613 5160 794 5213 men
844 5137 997 5212 fuit
1032 5138 1304 5211 oblata
1345 5140 1531 5211 actu
1575 5139 1981 5223 interiori,
2018 5159 2154 5210 ne-

613 5275 762 5348 que
810 5253 1235 5328 exteriori.

696 5370 840 5443 Vel
892 5374 1163 5464 potest
1203 5370 1384 5456 dici,
1423 5372 1624 5464 quod
1686 5374 2155 5446 Sacramen-

613 5494 700 5562 ta
784 5507 1003 5560 novae
1087 5487 1292 5581 legis
1387 5488 1699 5563 vivente
1793 5489 2152 5572 Christo,

620 5604 890 5696 omnia
942 5605 1341 5682 minorem
1374 5606 1830 5682 habuerunt
1887 5607 2155 5706 efficass

1757 426 1903 487 LIB.
1951 423 2052 488 IV.
2102 422 2700 488 SENTENTIARUM

2266 586 2474 659 ciam
2530 606 2767 679 quam
2850 589 3035 679 post
3094 586 3270 680 ejus
3323 580 3814 679 passionem,

2264 706 2343 776 et
2415 709 2674 776 tamen
2732 724 2894 776 non
2970 700 3123 779 fuit
3213 702 3809 786 inconvenienS,

2267 822 2469 912 quod
2513 808 3146 896 instituerentur
3228 821 3404 914 ipso
3464 819 3810 902 vivente,

2266 939 2454 1029 quia
2506 941 2742 1012 erant
2817 938 3219 1020 instituta,
3288 956 3448 1009 non
3508 941 3595 1010 ut
3665 957 3813 1029 pro

2267 1061 2482 1137 tunc,
2564 1057 2696 1128 sed
2780 1060 2868 1129 ut
2962 1077 3104 1148 pro
3175 1059 3542 1148 tempore
3631 1057 3813 1146 post

2267 1292 2423 1363 lem
2492 1290 2966 1364 efficaciam.

2352 1410 2464 1481 Ad
2523 1408 2861 1481 tertium
2932 1407 3130 1491 dico,
3221 1405 3425 1498 quod
3502 1404 3814 1479 intelle·
3919 1413 4056 1525 Abi-3

2265 1530 2442 1600 ctus
2507 1524 2884 1617 Apostoli
2993 1528 3141 1606 est,
3238 1524 3446 1615 quod
3540 1521 3814 1613 gratia
3908 1513 4097 1649 imum}

3921 1663 4081 1712 nostri

2266 1760 2688 1851 condignO,
2774 1760 2853 1832 in
2930 1756 3070 1830 illo
3149 1757 3276 1830 cui
3357 1756 3806 1837 confertur,
3911 1734 4093 1787 ‘mm'

2264 1883 2536 1951 tamen
2585 1879 2850 1971 potest
2911 1874 3212 1948 habere
3271 1892 3604 1947 causam
3657 1892 3810 1944 me·
3893 1866 4123 1981 ζξζξῇἰῗ

2269 1995 2655 2070 ritoriam
2687 1995 2777 2066 de
2837 2009 3205 2082 congruo
3250 1990 3330 2063 in
3363 1990 3664 2072 eodem,
3733 1991 3817 2062 et
3913 1978 4088 2029 ‘hm‘-

2267 2230 2848 2310 extrinsecam,
2896 2226 3246 2298 maxime
3293 2224 3362 2298 si
3431 2224 3571 2297 illa
3638 2245 3820 2299 cau-

2271 2368 2360 2421 sa
2429 2343 2858 2417 meritoria
2926 2341 3393 2415 extrinseca
3459 2341 3820 2433 gratuite

2269 2465 2374 2539 sit
2435 2465 2622 2537 data
2692 2459 2838 2543 illi,
2905 2480 3053 2552 pro
3135 2479 3290 2551 quo
3402 2462 3527 2532 est
3577 2478 3824 2531 causa

2359 2700 2460 2770 Et
2520 2694 2585 2768 si
2650 2692 2984 2786 objicis:
3058 2690 3347 2765 Gratia
3414 2691 3600 2765 data
3671 2711 3818 2783 pro

2268 2813 2416 2888 tali
2466 2830 2708 2886 causa
2741 2807 3161 2900 condigna,
3235 2827 3396 2879 non
3450 2812 3577 2881 est
3636 2828 3818 2900 gra-

2266 2932 2407 3013 tia,
2465 2927 2648 3021 quia
2692 2924 3096 3016 aliquibus
3154 2921 3472 2996 meritis
3515 2928 3639 2998 est
3686 2924 3814 2996 de-

2269 3168 2552 3239 Posset
2599 3162 2778 3244 dici,
2824 3162 3029 3252 quod
3070 3161 3150 3232 in
3191 3161 3596 3234 universis
3632 3182 3808 3254 ope·
3893 3214 4104 3265 omnino

2269 3283 2489 3356 ribus
2532 3281 2704 3361 Dei,
2767 3298 2927 3351 non
3005 3276 3156 3350 fuit
3217 3276 3536 3368 aliquod
3607 3297 3807 3368 opus
3873 3278 4093 3392 ³³13}ss

2270 3515 2455 3588 Filii
2509 3513 2675 3595 Dei,
2726 3514 2803 3584 et
2844 3511 2995 3583 hoc
3040 3510 3108 3583 si
3149 3512 3244 3583 ad
3308 3510 3532 3583 ulam
3594 3471 4170 3582 nuua¹¹²⁰⁸¹'¹¹⁸²¹⁰·

2273 3631 2569 3703 merita
2604 3629 3228 3721 praecesserunt,
3285 3626 3491 3718 quod
3545 3626 3820 3717 utique

2267 3766 2553 3818 verum
2623 3744 2745 3816 est
2807 3743 2889 3815 in
2974 3742 3483 3815 ordinatione
3553 3741 3821 3815 divina

2265 3998 2465 4070 pore
2568 3972 3123 4068 conceptionis
3222 3981 3824 4066 praecesserunt

2265 4094 2539 4185 aliqua
2612 4091 2906 4164 merita
2967 4089 3276 4173 Mariae,
3330 4094 3604 4163 tamen
3663 4111 3821 4163 non

2262 4214 2500 4282 erant
2522 4208 2728 4279 bona
2751 4207 3143 4289 absolute,
3169 4210 3538 4298 respectu
3566 4206 3825 4279 incar-

2268 4449 2355 4517 ut
2400 4441 2886 4532 impleretur
2931 4440 3072 4511 illa
3127 4439 3587 4513 incarnatio
3624 4460 3824 4533 prae-

2273 4559 2670 4632 ordinata.
2744 4557 2955 4628 Bene
3024 4574 3223 4646 ergo
3269 4554 3386 4630 ait
3436 4556 3825 4647 Augusti-

2269 4697 2420 4749 nus
2471 4679 2579 4749 13.
2625 4676 2715 4747 de
2757 4673 3046 4748 'rr-init.
3092 4693 3268 4766 cap.
3331 4676 3438 4747 19.
3498 4675 3576 4743 In
3631 4679 3823 4744 rebus

2269 4911 2443 4998 quod
2472 4912 2664 4977 homo
2696 4911 2770 4976 in
2809 4910 3066 4975 unitate
3089 4930 3395 4995 persona·
3425 4913 3820 4997 conjunctus

2269 5036 2361 5091 est
2402 5028 2561 5090 Dec.

2359 5140 2472 5211 Ad
2507 5137 2887 5212 ultimum
2922 5137 3099 5209 dico
3127 5139 3258 5229 (g),
3286 5138 3489 5230 quod
3527 5137 3595 5210 si
3629 5136 3820 5210 illud
3866 5129 4184 5243 §afflffi‘ffi-

2264 1173 2439 1268 ejus
2540 1175 2888 1245 mortem
2950 1172 3331 1246 habitura
3401 1169 3811 1265 principa-

3910 1537 4085 1587 Gratia

2266 1664 2425 1719 non
2466 1641 2705 1715 habet
2748 1660 3077 1715 causam
3131 1638 3645 1713 meritoriam
3722 1637 3813 1709 de

3909 1788 4099 1840 christi

2268 2132 2601 2186 causam
2673 2109 3187 2184 meritoriam
3247 2109 3339 2181 de
3415 2106 3814 2199 condigno

2271 2577 2724 2661 meritoria,
2770 2581 2854 2648 ut
2892 2576 2996 2648 sit
3029 2575 3102 2646 ei
3137 2574 3329 2649 talis
3364 2593 3635 2647 causa.

2263 3048 2457 3126 bita,
2521 3043 2676 3117 etsi
2727 3062 2885 3115 non
2939 3041 3258 3116 meritis
3313 3040 3807 3133 recipientis,

3921 3150 4067 3203 Nihil

2271 3420 2490 3473 mere
2559 3395 2876 3488 gratiae,
2937 3394 3094 3466 nisi
3147 3394 3321 3466 sola
3356 3393 3810 3467 incarnatio
3839 3403 4032 3475 datum.
4065 3403 4177 3455 nisi

2266 3864 2357 3935 de
2409 3861 2548 3934 illa
2612 3858 3214 3934 Incarnatione.
3255 3858 3456 3940 Quia
3508 3858 3576 3929 si
3623 3861 3819 3932 tem-

2264 4324 2652 4406 nationiS,
2699 4324 2832 4395 sed
2866 4322 3084 4396 forte
3156 4323 3822 4407 accelerationiS,

2265 4817 2390 4883 per
2449 4807 2700 4880 tempus
2744 4795 2929 4873 ortiS,
2979 4794 3103 4858 illa
3140 4814 3396 4859 summa
3432 4796 3657 4880 [fracia
3699 4805 3813 4873 est,

2251 5227 2561 5326 ‘vuinus
2609 5251 3184 5328 suitinflictum
3238 5254 3565 5329 Christo
3635 5261 3820 5347 post
3983 5261 4035 5302 ta

3899 5318 4112 5366 fluxisse

2273 5376 2647 5454 mortem,
2712 5373 2828 5459 (ut
2878 5375 3168 5444 narrat
3258 5370 3817 5460 Evangelium)
3885 5379 4139 5491 dicugxtur

2271 5491 2802 5564 Sacramenta
2852 5507 3013 5560 non
3069 5487 3482 5562 fluxerunt
3515 5487 3613 5559 ab
3648 5487 3812 5570 illo,
3900 5504 4118 5554 vumere

2270 5611 2658 5698 tanquam
2714 5624 2760 5677 a
2827 5623 3072 5677 causa
3140 5604 3611 5685 meritoria;
3673 5604 3815 5686 sed
3930 5570 4169 5684 Ῑὲἷῗιῗῖἕιῑ.
