4287 6313
134 524 353 575 Formam

113 586 392 643 materialem

138 667 350 767 astura

131 779 368 829 creabilem

132 857 205 891 non
236 857 367 891 ease.

121 3697 329 3751 Comus.
361 3701 412 3750 3.

1616 371 1820 434 DIST.
1869 370 1917 434 1.
1946 369 2307 447 QUAEsTlo
2340 373 2387 434 1.

434 546 613 618 quae
645 532 1002 613 creatur,
1041 531 1271 623 prius
1301 531 1801 606 naturaliter
1850 530 1973 603 est

432 664 481 715 a
521 664 768 718 causa
805 646 1201 721 efficiente
1249 668 1488 741 quam
1541 647 1974 723 materiam

437 762 858 845 informet;
941 763 1211 838 forma
1280 765 1735 840 materialis
1816 787 1974 838 non

437 886 706 977 potest
772 903 947 955 esse
1025 883 1123 955 ab
1197 882 1474 976 aliqua
1562 886 1971 968 creatura,

435 1000 666 1093 prius
725 1000 1222 1074 naturaliter
1283 1021 1525 1092 quam
1585 997 1975 1074 informet

438 1118 861 1194 materiam
947 1139 1204 1200 suam,
1305 1118 1434 1190 vel
1535 1117 1977 1211 potentiale

436 1257 706 1316 suum:
751 1254 974 1327 erg0,
1026 1236 1179 1308 etc.
1262 1235 1650 1309 Probatio
1722 1234 1976 1327 majo-

433 1353 578 1435 ris,
617 1352 802 1443 quia
855 1350 921 1423 si
966 1372 1125 1423 non
1169 1351 1398 1444 prius
1448 1352 1970 1436 naturaliter,

433 1489 631 1562 ergo
673 1489 832 1541 non
884 1469 1180 1562 accipit
1236 1493 1371 1537 esse
1402 1490 1448 1542 a
1480 1490 1752 1553 causa,
1818 1468 1976 1541 nisi

436 1586 578 1659 illa
620 1585 963 1666 actione,
1003 1605 1160 1678 qua
1221 1584 1668 1677 subjectum
1728 1585 1976 1658 infor-

437 1708 736 1784 matur,
775 1703 906 1775 sed
945 1702 1086 1775 illa
1117 1702 1595 1776 informatio
1639 1704 1761 1775 est
1816 1724 1975 1775 mu-

438 1819 642 1896 tatio
703 1820 1039 1913 proprie
1132 1820 1369 1902 dicta,
1458 1824 1538 1893 et
1616 1819 1734 1893 ita
1815 1841 1978 1893 non

437 1935 775 2009 creatio.
861 1936 1249 2010 Probatio
1311 1935 1680 2019 minoris,
1753 1936 1978 2009 nulla

436 2057 823 2127 creatura
879 2054 1148 2145 potest
1215 2052 1503 2124 formae
1565 2052 1977 2126 materiali

437 2172 631 2242 dare
670 2194 804 2238 esse
843 2169 1306 2242 absolutum
1356 2168 1436 2241 in
1469 2190 1579 2251 se,
1636 2168 1787 2242 hoc
1820 2175 1973 2253 est,

436 2288 738 2379 absque
798 2287 947 2360 hoc
1000 2286 1206 2379 quod
1279 2286 1670 2361 informet
1742 2306 1976 2358 suum

439 2402 911 2496 potentiale,
969 2403 1156 2494 quia
1194 2401 1261 2473 si
1305 2406 1583 2495 posset
1630 2402 1744 2476 sic
1786 2404 1978 2478 dare

434 2544 591 2604 esse,
633 2524 905 2612 posset
955 2524 1035 2594 et
1086 2519 1280 2593 illud
1331 2540 1853 2606 conservare,
1894 2525 1980 2596 ut

440 2637 780 2712 realiter
807 2637 1116 2711 virtute
1175 2640 1577 2710 creaturae
1615 2644 1980 2713 maneret

441 2757 524 2827 in
598 2755 873 2846 aliqua
953 2753 1382 2829 duratio'ne
1447 2754 1643 2827 talis
1711 2754 1981 2828 forma

440 2875 614 2946 sine
648 2872 1020 2946 materia.
1059 2873 1444 2945 Formam
1505 2878 1778 2947 autem
1821 2893 1984 2946 ma-

437 2990 817 3065 terialem
860 2989 1036 3063 dico
1114 3010 1294 3064 esse
1347 3009 1665 3063 omnem
1725 2990 1977 3073 illam,

440 3129 617 3203 quae
666 3129 764 3182 ex
816 3112 1118 3182 natura
1161 3127 1306 3181 sua
1346 3106 1812 3181 necessario
1867 3107 1984 3181 in-

439 3226 800 3300 clinatur
856 3224 1354 3299 naturaliter
1413 3228 1501 3299 ut
1570 3223 1677 3298 sit
1752 3226 1983 3298 actus

445 3342 835 3425 materiae,
936 3341 1104 3414 sive
1203 3341 1308 3416 sit
1391 3340 1979 3425 substantialis,

443 3456 611 3528 sive
661 3456 1212 3531 accidentalis

531 3573 809 3647 Tertia
868 3573 1284 3647 conclusio
1347 3575 1440 3663 (z)
1488 3578 1606 3648 est
1664 3599 1681 3645 :
1740 3574 1984 3646 Nulla

445 3690 712 3763 forma
756 3690 1211 3764 materialis
1250 3695 1517 3783 potest
1559 3712 1737 3764 esse
1775 3691 1989 3784 prin-

436 3808 742 3902 cipium
777 3808 1102 3881 creandi
1137 3807 1463 3900 aliquid,
1495 3829 1668 3900 quae
1704 3809 1987 3901 proba-

438 3929 602 4012 tur,
659 3925 847 4017 quia
880 3926 1089 3999 sicut
1122 3924 1202 3997 in
1247 3926 1580 3999 essendo
1634 3947 1991 4021 praesup-

439 4045 668 4139 ponit
707 4041 1141 4116 materiam
1201 4042 1280 4115 in
1351 4062 1506 4135 qua
1557 4043 1688 4126 sit,
1735 4042 1852 4118 ita
1907 4045 1987 4116 in

440 4162 750 4256 agendo
809 4161 1365 4254 praesupponit
1419 4161 1853 4236 materiam
1907 4163 1985 4235 in

443 4301 686 4374 quam
792 4284 1011 4371 agat,
1129 4279 1491 4370 alioquin
1588 4280 1985 4354 terminus

441 4398 793 4473 actionis
879 4396 1056 4489 ejus
1143 4400 1361 4470 esset
1437 4397 1986 4472 absolutiora

447 4513 798 4588 materia
830 4533 1070 4605 quam
1121 4512 1299 4605 ipsa
1340 4511 1642 4585 forma.

530 4633 649 4702 Ex
701 4627 829 4700 his
889 4627 1402 4702 concluditur
1470 4631 1985 4722 propositum

442 4746 558 4819 sic
621 4773 635 4816 :
696 4745 991 4818 Nullus
1051 4746 1404 4836 Angelus
1458 4750 1725 4838 potest
1805 4749 1984 4821 sub—

439 4863 835 4938 stantiam
912 4883 1197 4936 creare
1278 4868 1399 4954 (ex
1447 4865 1800 4958 prima),
1840 4886 1986 4941 nec

439 4981 807 5054 accidens
838 4979 1159 5073 aliquod
1196 4982 1320 5070 (ex
1358 4981 1752 5070 secunda),
1798 4983 1986 5075 quia

438 5099 806 5173 accidens
857 5118 904 5168 a
938 5103 1322 5172 creatura
1353 5100 1624 5172 creari
1654 5121 1812 5173 non
1858 5122 1985 5194 po-

445 5221 633 5298 test3
714 5235 915 5308 ergo
1016 5216 1370 5307 Angelus
1458 5237 1618 5289 non
1718 5222 1986 5312 potest

438 5353 749 5415 creare,
813 5353 960 5405 nec
1014 5333 1466 5406 substantia
1532 5335 1984 5410 materialis

445 5454 710 5543 potest
792 5447 1099 5541 aliquid
1184 5470 1492 5532 creare,
1571 5451 1760 5543 quia
1825 5472 1986 5524 non

446 5580 712 5670 potest
806 5595 1060 5669 agere
1148 5576 1305 5650 nisi
1399 5598 1541 5671 per
1629 5575 1983 5652 formam

3557 375 3637 438 89

2092 550 2349 617 suam,
2397 532 3028 622 (accidentalem,
3083 533 3210 606 vel
3270 533 3635 607 substan-

2089 646 2395 731 tialem,
2469 669 2625 720 non
2681 655 2939 740 curo.)
3004 651 3214 723 Nam
3285 653 3635 722 materia

2088 766 2245 838 etsi
2314 766 2637 859 aliquod
2669 788 2810 840 ens
2845 769 2975 852 sit,
3024 774 3301 842 tamen
3350 767 3466 842 ita
3526 768 3638 841 in-

2087 882 2367 955 fimum
2400 886 2549 962 est,
2577 886 2782 976 quod
2806 906 2967 958 non
2989 888 3113 958 est
3148 886 3641 979 principium

2089 1000 2438 1093 alicujus
2480 1002 2830 1075 actionis
2873 1004 3390 1095 productivae.
3447 1006 3643 1077 For-

2093 1137 2223 1189 ma
2289 1122 2562 1192 autem
2623 1118 3078 1192 materialis
3149 1140 3310 1193 non
3370 1125 3642 1214 potest

2090 1235 2394 1328 aliquid
2462 1255 2772 1320 creare,
2846 1257 2990 1311 nec
3061 1259 3206 1332 per
3248 1239 3639 1312 accidens

2090 1353 2415 1445 aliquod
2516 1358 2789 1445 potest
2882 1376 3060 1427 esse
3145 1355 3636 1448 principium

2090 1469 2418 1543 creandi
2451 1470 2777 1563 aliquid,
2837 1493 2933 1544 ex
2996 1472 3243 1546 tertia
3320 1472 3639 1546 conclu-

2092 1587 2360 1668 sione;
2416 1605 2616 1678 ergo
2680 1586 3137 1662 substantia
3181 1589 3638 1662 materialis

2089 1704 2292 1775 nihil
2349 1705 2612 1797 potest
2655 1725 2967 1788 creare,
3040 1724 3241 1798 ergo
3311 1726 3457 1780 nec
3500 1706 3641 1779 im·

2091 1820 2575 1902 materialis,
2612 1842 2757 1894 nec
2792 1823 3142 1896 materia
3176 1826 3447 1915 potest
3497 1824 3641 1897 ali-

2093 1938 2277 2031 quid
2310 1957 2620 2022 creare,
2700 1959 2844 2013 nec
2895 1939 3265 2013 accidens
3320 1940 3644 2033 aliquod

2094 2056 2362 2148 potest
2393 2076 2573 2127 esse
2609 2054 3101 2148 principium
3153 2056 3505 2142 creandi,
3555 2061 3643 2131 ut

2091 2173 2397 2246 dictum
2430 2176 2555 2246 est
2589 2194 2688 2245 ex
2726 2173 3001 2247 tertia.

2183 2291 2461 2362 Potest
2524 2290 2776 2365 etiam
2819 2289 3297 2383 specialiter
3362 2291 3648 2384 proba-

2095 2406 2193 2489 ri,
2224 2405 2414 2499 quia
2471 2407 2932 2481 substantia
2971 2408 3428 2481 materialis
3486 2428 3647 2480 non

2095 2526 2364 2617 potest
2397 2523 2841 2615 producere
2888 2523 3350 2607 materiam,
3388 2527 3467 2598 et
3501 2546 3647 2619 per

2094 2659 2592 2733 consequens
2615 2659 2759 2713 nec
2781 2643 3044 2713 totum
3067 2639 3440 2715 effectum
3465 2661 3647 2733 pro·

2094 2755 2409 2838 ducere,
2481 2755 2703 2829 nullo
2772 2757 3399 2849 praesupposito.
3472 2758 3646 2831 Hoc

2098 2870 2499 2964 probatur
2540 2871 2690 2945 sic:
2731 2872 2919 2964 quia
2988 2873 3295 2966 quando
3375 2872 3648 2965 aliqua

2095 2989 2532 3061 secundum
2601 2992 2865 3063 totum
2902 3007 3155 3079 genus
3218 3007 3452 3061 suum
3515 2989 3647 3061 ha·

2094 3105 2284 3179 bent
2315 3104 2668 3199 aliquem
2706 3105 3067 3179 ordinem
3102 3106 3199 3180 ad
3270 3105 3642 3191 invicem,

2100 3224 2503 3317 quodlibet
2532 3224 2767 3297 un'ius
2792 3224 3030 3296 habet
3060 3224 3412 3296 similem
3447 3224 3649 3298 ordi-

2098 3362 2282 3414 nem
2342 3343 2438 3414 ad
2488 3342 2892 3433 quodlibet
2953 3340 3322 3416 alterius.
3361 3345 3649 3415 Exem-

2101 3457 2349 3551 plum,
2389 3457 2457 3529 si
2517 3457 2794 3531 albedo
2874 3457 3306 3531 secundum
3384 3463 3646 3532 totam

2102 3573 2453 3667 speciem
2537 3575 2642 3647 sit
2734 3575 2965 3666 prior
3032 3575 3474 3666 nigredine,
3571 3578 3652 3649 et

2103 3689 2478 3781 quaelibet
2567 3689 2955 3781 qualibet;
3056 3691 3190 3763 sed
3269 3691 3644 3783 quaelibet

2102 3803 2372 3878 forma
2396 3805 2849 3878 materialis
2884 3808 3319 3880 secundum
3380 3811 3648 3882 totum

2103 3942 2355 4013 genus
2401 3942 2659 4005 suum,
2714 3924 2837 3995 est
2867 3924 3284 4015 posterior
3326 3923 3645 4015 origine

2103 4042 2281 4113 tota
2352 4039 2699 4113 materia
2741 4058 2887 4111 sua
2950 4041 3651 4133 receptiva;ergo

2104 4156 2478 4249 quaelibet
2521 4156 2712 4230 talis
2762 4155 3032 4228 forma
3078 4160 3199 4229 est
3236 4156 3655 4249 posterior

2101 4273 2196 4346 ad
2223 4272 2661 4366 quamlibet
2709 4271 3187 4355 materiam;
3225 4275 3359 4346 sed
3396 4278 3655 4367 poste-

2106 4390 2277 4461 rius
2333 4388 2651 4481 origine
2691 4390 2819 4462 vel
2867 4390 3420 4482 generatione,
3493 4411 3654 4464 non

2100 4510 2225 4579 est
2312 4505 2808 4598 principium
2880 4507 3363 4598 producendi
3421 4507 3655 4580 modo

2101 4625 2240 4700 illo
2280 4624 2789 4718 prius3ergo
2851 4624 3119 4697 forma
3177 4624 3660 4699 substantia-

2099 4742 2201 4816 lis
2260 4763 2419 4814 non
2464 4743 2730 4834 potest
2802 4761 3089 4814 creare
3187 4742 3647 4815 materiam.

2101 4858 2658 4933 confirmatur
2690 4857 2926 4939 istud,
2965 4855 3152 4950 quia
3186 4856 3456 4930 forma
3489 4878 3649 4931 ma-

2100 4975 2421 5051 terialis
2470 4974 2852 5066 dependet
2902 4972 2984 5045 in
3034 4975 3367 5047 essendo
3400 4995 3447 5047 a
3489 4997 3651 5048 ma-

2100 5093 2345 5175 teria;
2399 5110 2596 5183 ergo
2667 5091 2747 5162 in
2813 5091 3116 5183 agendo
3158 5112 3318 5165 non
3386 5095 3652 5185 potest

2099 5232 2278 5284 esse
2311 5207 2804 5303 principium
2838 5208 3323 5300 producendi
3357 5208 3657 5301 aliquid

2099 5326 2459 5419 ejusdem
2556 5323 2907 5398 rationis
2992 5345 3173 5398 cum
3267 5324 3652 5407 materia;

2098 5451 2420 5524 videtur
2451 5449 2667 5540 enim
2707 5451 3274 5566 repugnantia,
3339 5452 3544 5543 quod
3577 5451 3659 5524 in

2099 5578 2404 5668 agendo
2452 5596 2597 5669 per
2630 5597 2714 5650 se
2752 5577 3186 5671 dependeat
3215 5575 3315 5650 ab
3382 5576 3656 5670 aliquo
