4287 6313
357 2502 431 2552 ΤΘ
437 2506 489 2552 xt
498 2539 512 2553 .

603 426 696 492 -90

611 587 974 683 ejusdem
1062 594 1411 672 rationis
1495 610 1678 668 cum
1773 592 2156 676 termino,

622 726 859 797 quem
912 709 1312 801 producit.

711 823 793 898 Si
845 824 1100 900 instes
1149 828 1240 901 de
1307 826 1576 901 forma
1640 826 2163 923 substantiali

620 943 700 1013 et
735 940 1126 1032 qualitate
1156 946 1697 1035 consequente
1728 963 1932 1027 eam,
1957 943 2161 1036 quod

621 1056 762 1129 illa
796 1058 1148 1149 qualitas
1181 1067 1568 1151 sequatur
1601 1060 1951 1134 formam
1987 1060 2156 1133 sub·

620 1176 1098 1249 stantialem
1163 1177 1657 1269 generantis,
1732 1182 1809 1251 et
1887 1184 2160 1253 tamen

621 1289 894 1384 aliquo
947 1294 1181 1364 modo
1214 1298 1338 1367 est
1377 1315 1626 1367 causa
1669 1295 1952 1367 formae
1987 1290 2161 1365 sub-

621 1408 1043 1482 stantialis
1087 1410 1343 1502 ipsius
1383 1412 1678 1503 geniti;
1732 1413 1923 1486 licet
1962 1430 2161 1503 ergo

627 1522 898 1599 forma
982 1528 1544 1601 substantialis
1630 1534 1709 1603 et
1808 1529 2162 1620 qualitas

627 1644 970 1736 propria
1055 1645 1490 1718 secundum
1587 1666 1837 1738 genus
1926 1667 2163 1718 suum

625 1758 970 1835 habeant
1003 1760 1392 1845 ordinem,
1441 1762 1627 1854 quia
1675 1760 1946 1834 forma
1987 1760 2161 1834 sub·

625 1878 1040 1955 stantialis
1115 1882 1240 1950 est
1321 1876 1576 1967 prior,
1647 1897 1808 1948 non
1886 1879 2159 1950 tamen

622 1995 995 2090 quaelibet
1056 1992 1435 2085 qualibet,
1473 1993 1638 2065 imo
1673 1995 2164 2067 tantummo-

620 2116 718 2186 do
788 2114 869 2185 in
949 2130 1454 2206 quocumque
1528 2111 1831 2193 eodem,
1895 2110 2163 2182 forma

625 2227 1189 2303 substantialis
1230 2231 1355 2301 est
1415 2227 1646 2319 prior
1715 2246 1860 2298 sua
1909 2226 2165 2319 quali-

625 2352 821 2428 tate,
886 2345 1077 2419 licet
1137 2345 1219 2417 in
1283 2344 1446 2417 alio
1510 2348 1587 2417 et
1661 2344 1823 2416 alio
1908 2343 2167 2435 possit

626 2463 979 2558 qualitas
1041 2460 1493 2555 praecedere
1560 2461 1913 2533 formam
1982 2460 2165 2532 sub-

278 2565 1125 2678 wffigggssstantialem.
1210 2580 1312 2652 Et
1388 2576 1928 2650 confirmatur
2025 2595 2165 2668 per

628 2696 821 2768 illud
891 2694 1365 2788 Philosophi
1430 2698 1498 2769 9.
1555 2698 1839 2783 Metaph.
1876 2701 1937 2765 c.
1965 2697 2032 2768 7.
2073 2694 2165 2767 de

626 2812 991 2906 potentia
1065 2816 1147 2885 et
1205 2817 1417 2893 actu,
1479 2811 1610 2883 ubi
1686 2810 1887 2893 vult,
1959 2814 2164 2903 quod

623 2934 854 3003 actus
899 2926 1388 3020 simpliciter
1458 2926 1840 3021 praecedit
1903 2943 2166 3020 poten-

622 3046 825 3119 tiam
867 3049 1260 3136 tempore,
1302 3049 1383 3118 et
1423 3048 1693 3118 tamen
1737 3044 1816 3115 in
1858 3045 2160 3128 eodem,

625 3162 992 3257 potentia
1036 3161 1416 3252 praecedit
1459 3164 1729 3233 actum
1766 3166 2159 3254 tempore.

715 3279 1216 3372 Respondeo,
1277 3278 1482 3371 quod
1549 3278 1923 3370 quaelibet
1983 3279 2164 3351 sub-

629 3396 934 3472 stantia
1000 3397 1356 3488 ejusdem
1426 3398 1722 3490 speciei
1783 3397 2166 3491 praecedit

629 3513 1106 3608 qualitatem
1131 3511 1598 3604 quamlibet,
1621 3534 1716 3586 eo
1739 3514 1972 3587 modo
2007 3534 2164 3605 quo

629 3630 1085 3706 substantia
1127 3629 1561 3702 secundum
1604 3632 1868 3703 totum
1912 3650 2165 3723 genus

627 3771 862 3823 suum
915 3750 1296 3844 praecedit
1363 3750 1840 3843 qualitatem
1894 3771 2168 3823 secun-

627 3868 814 3940 dum
899 3886 1150 3959 genus
1194 3887 1453 3946 suum,
1518 3865 1831 3940 scilicet
1896 3866 2169 3939 defini-

634 3985 879 4069 tione,
933 3983 1399 4075 cognitione
1467 3985 1546 4056 et
1586 3988 1980 4075 tempore,
2015 3983 2167 4057 hoc

488 4107 606 4218 ΙΙξιίει
636 4104 786 4184 est,
841 4100 1479 4195 separabilitate,
1526 4103 1915 4192 quantum
1960 4101 2041 4172 in
2087 4122 2170 4171 se

486 4247 516 4282 n
637 4224 788 4300 est,
862 4221 940 4291 et
1023 4218 1154 4290 sic.
1192 4218 1639 4312 tripliciter
1716 4215 2173 4289 substantia

550 4314 599 4350 ι’·
639 4334 892 4428 geniti
956 4335 1333 4428 praecedit
1395 4333 1874 4426 qualitatem
1944 4351 2175 4424 gene-

640 4452 927 4532 rantis,
963 4449 1156 4525 licet
1214 4469 1374 4523 non
1420 4452 1816 4541 tempore,
1880 4449 1954 4521 id
2019 4453 2168 4530 est,

635 4566 1075 4661 temporali
1140 4565 1265 4638 vel
1363 4562 1663 4639 actuali
1744 4564 2174 4638 duratione

634 4686 873 4758 extra
938 4701 1297 4763 causam,
1387 4700 1531 4754 nec
1611 4680 1725 4753 sic
1785 4679 2175 4772 intelligit

639 4797 1203 4891 Philosophus,
1240 4799 1328 4871 ut
1371 4795 1786 4889 supponis,
1831 4798 1932 4870 Et
1988 4817 2175 4869 cum

635 4917 834 4992 dicis
867 4915 1344 5010 qualitatem
1379 4912 1849 5006 generantis
1884 4933 2175 5006 praece-

638 5036 825 5109 dere
876 5031 1420 5107 substantiam
1463 5029 1741 5121 geniti,
1787 5033 1876 5102 ut
1927 5048 2177 5100 causa

638 5151 1039 5228 effectum,
1113 5147 1410 5220 falsum
1476 5148 1651 5228 est;
1717 5145 1851 5217 sed
1911 5145 2177 5217 solum

638 5265 1098 5362 hujusmodi
1142 5262 1496 5357 qualitas
1546 5263 1668 5334 est
1710 5280 1960 5335 causa
1993 5281 2179 5353 qua-

640 5376 902 5452 litatis
932 5370 1422 5467 disponentis
1456 5372 1549 5444 ad
1603 5370 1955 5443 formam
2003 5369 2178 5443 sub-

641 5492 1137 5575 stantialem,
1199 5493 1499 5615 etopro
1561 5492 1794 5564 tanto
1879 5488 2181 5564 dicitur

641 5609 1223 5713 quodammodo
1317 5631 1495 5684 esse
1569 5628 1819 5683 causa
1895 5606 2176 5701 geniti,

1753 434 1896 498 ΜΒ.
1952 433 2052 498 [V.
2080 426 2684 501 'SENTENTMRUM

2274 592 2465 669 licet
2576 594 2729 670 hoc
2843 596 2950 671 sit
3034 597 3262 671 valde
3361 593 3804 670 extensive.

2364 714 2839 789 Auctoritas
2913 713 3389 807 Philosophi
3454 733 3614 786 non
3687 712 3810 784 est

2275 829 2371 902 ad
2448 832 2991 923 propositum,
3066 832 3250 924 quia
3345 834 3602 911 actus,
3681 828 3815 920 qui

2274 950 2399 1019 est
2438 946 2669 1039 prior
2711 953 3078 1040 tempore
3142 946 3360 1020 omni
3420 945 3810 1039 potentia.

2273 1083 2433 1135 non
2502 1070 2627 1138 est
2689 1065 2982 1156 aliquis
3035 1070 3267 1139 actus
3329 1062 3812 1146 materialiS,

2272 1182 2409 1254 sed
2490 1180 2979 1275 simphcitcr
3058 1182 3660 1263 immaterialis,
3728 1184 3814 1256 ut

2276 1300 2499 1389 patet
2561 1301 2807 1396 ibidem
2866 1304 2939 1367 in
2994 1304 3131 1384 fine
3202 1300 3505 1387 capituli.
3565 1295 3811 1371 Ratio

2276 1418 2549 1487 autem
2630 1415 2990 1506 procedit
3050 1414 3141 1487 de
3200 1414 3340 1486 illo
3392 1419 3603 1494 actu,
3678 1412 3813 1505 qui

2278 1531 2695 1624 posterior
2803 1532 2926 1604 est
3032 1531 3467 1604 secundum
3560 1550 3812 1621 genus

2277 1667 2511 1719 suum
2549 1650 2809 1721 totum
2848 1646 3025 1738 ipsa
3070 1645 3432 1739 potentia
3478 1647 3816 1739 recepti·

2274 1784 2406 1844 va;
2454 1763 2627 1835 ideo
2668 1783 2829 1835 non
2867 1763 3110 1837 valet.
3140 1765 3237 1836 Et
3271 1763 3571 1836 iterum
3605 1763 3816 1837 istud

2275 1879 2366 1952 de
2440 1880 2813 1961 materia,
2858 1883 2941 1953 et
2991 1878 3405 1951 conclusio
3471 1879 3817 1952 secunda

2279 1994 2711 2067 manifesta
2753 2000 2939 2069 sunt
2981 1995 3188 2088 apud
3251 1994 3810 2088 Philosophos,

2276 2110 2410 2203 qui
2474 2117 2922 2202 posuerunt
3000 2113 3364 2185 ordinem
3437 2113 3817 2186 secunda-

2278 2246 2460 2298 rum
2491 2246 2840 2300 causaru
2857 2248 2931 2299 m
2966 2249 3143 2301 esse
3179 2228 3671 2321 simpliciter
3693 2249 3816 2302 ne-

2277 2344 2753 2429 cessarium,
2800 2345 2916 2419 ita
2993 2345 3200 2437 quod
3242 2343 3510 2418 forma
3572 2349 3815 2419 mate-

2279 2458 2511 2532 rialis
2587 2482 2743 2535 non
2821 2467 3087 2555 potest
3130 2464 3229 2536 ab
3284 2463 3447 2536 alio
3527 2468 3817 2555 agente

2281 2578 2639 2668 produci,
2673 2578 2830 2650 nisi
2864 2586 3406 2654 concurrente
3442 2580 3814 2663 materia,

2278 2698 2663 2785 tanquam
2696 2714 2945 2767 causa
2970 2697 3438 2768 necessaria
3466 2716 3729 2788 praesu
3746 2718 3819 2789 p-

2280 2811 2547 2903 posita
2597 2813 2949 2886 termino
2996 2812 3576 2905 productionis.

2367 2929 2818 3021 Siquaeras,
2854 2949 2956 3000 an
2996 2950 3094 3002 ex
3125 2929 3360 3030 dictis
3400 2932 3656 3023 possit
3688 2931 3821 3004 ha-

2275 3046 2448 3119 beri
2513 3046 3027 3138 propositum
3085 3047 3175 3118 de
3263 3047 3534 3119 anima
3595 3049 3821 3122 intel-

2280 3163 2619 3237 lectiva?
2665 3162 3167 3255 Respondeo,
3222 3163 3593 3256 quidquid
3646 3163 3819 3238 Phi-

2277 3277 2601 3370 losophi
2638 3278 3043 3352 senserint
3075 3279 3166 3352 de
3199 3298 3318 3361 ea,
3355 3299 3457 3351 an
3489 3286 3821 3355 creetur

2278 3396 2407 3467 vel
2446 3414 2631 3478 non,
2670 3398 3057 3485 tangetur
3096 3399 3251 3465 dist.
3274 3398 3355 3463 de
3387 3401 3814 3465 resurrectio·
3847 3402 4191 3517 diaffimzss·

2278 3535 2382 3595 ne,
2414 3512 2545 3583 sed
2578 3532 2675 3582 ex
2710 3511 3366 3585 conclusionibus
3404 3512 3812 3605 praedictis
3842 3531 4166 3581 rationalem

2284 3626 2738 3702 ostenditur
2821 3628 3337 3720 propositum
3423 3628 3514 3701 de
3591 3629 3812 3722 ipsa³
3873 3607 3997 3705 ἔξω
4029 3607 4156 3642 esse

2283 3764 2443 3815 non
2474 3743 2688 3816 enim
2726 3748 2990 3836 potest
3022 3746 3292 3818 creari
3335 3745 3433 3817 ab
3480 3746 3818 3837 Angelo,
3876 3735 4159 3834 matha,

2290 3863 2510 3953 patet
2540 3882 2638 3933 ex
2676 3861 2941 3954 prima
2977 3886 2993 3943 ;
3036 3881 3182 3934 nec
3214 3880 3260 3932 a
3320 3880 3823 3954 quacumque

2286 3983 2583 4052 natura
2626 3999 2847 4051 mere
2915 3979 3450 4054 intellectuali
3519 3985 3822 4063 creata,

2287 4097 2510 4185 patet
2554 4112 2699 4185 per
2740 4091 2981 4175 idem;
3016 4112 3160 4166 nec
3194 4093 3292 4165 ab
3334 4094 3606 4186 aliqua
3645 4114 3828 4167 cor-

2287 4209 2553 4301 porali
2589 4208 3069 4291 substantia,
3097 4209 3263 4281 sive
3300 4229 3444 4303 per
3475 4210 3825 4283 formam

2288 4324 2935 4406 substantialem,
2977 4324 3145 4396 sive
3202 4346 3346 4418 per
3385 4327 3828 4402 accidenta-

2289 4447 2481 4526 lem,
2527 4444 2715 4537 quia
2750 4444 2925 4535 ipsa
2970 4441 3243 4515 anima
3284 4448 3406 4518 est
3468 4446 3822 4520 nobilior

2289 4580 2790 4655 quacumque
2841 4558 3109 4631 forma
3142 4560 3663 4635 substantiali
3706 4564 3830 4636 vel

2289 4675 2792 4758 accidentali;
2863 4675 3132 4748 forma
3193 4680 3464 4750 autern
3527 4678 3826 4770 ignobi-

2290 4796 2452 4870 lior
2500 4815 2661 4866 non
2728 4795 2853 4865 est
2911 4790 3400 4884 principium
3471 4794 3830 4869 activum

2290 4915 2385 4988 ad
2468 4909 3054 5004 producendum
3125 4910 3666 4996 nobiliorem;
3715 4915 3830 4989 sic

2290 5032 2513 5123 patet
2590 5028 3132 5122 propositum,
3218 5028 3532 5104 scilicet
3626 5034 3831 5124 quod

2290 5145 2515 5217 nulla
2546 5146 2933 5216 creatura
2968 5145 3238 5236 potest
3263 5144 3830 5238 principaliter

2292 5282 2604 5336 creare.
