4287 6313
194 2852 308 2903 lsai.
374 2852 452 2902 10.

218 3779 368 3828 Joan.
398 3778 447 3827 5.

1591 446 1789 510 Dls'1·.
1837 444 1937 506 lV.
1971 441 2334 519 QUAESTto
2392 440 2493 502 IX.

578 612 778 687 Dico
838 630 1037 703 ergo
1088 609 1451 684 breviter
1508 608 1634 698 (b),
1708 603 1915 696 quod
1964 601 2034 675 si

495 728 882 821 Princeps
926 727 1073 799 hoc
1119 725 1427 799 faceret
1482 742 1666 797 cum
1716 717 2038 792 cautela.

492 846 726 928 bona,
807 844 1116 918 scilicet
1177 864 1275 916 ne
1348 842 1728 935 parentes
1810 834 2036 928 prius

497 966 1081 1054 cognoscentes
1116 960 1266 1032 hoc
1305 960 1700 1036 futurum,
1742 951 2039 1025 occidc-

501 1080 677 1152 rent
716 1098 1013 1170 pueros
1048 1097 1264 1157 suos,
1310 1078 1390 1148 et
1434 1072 1638 1166 quod
1687 1069 2039 1163 baptiza-

496 1200 625 1269 tos
668 1193 979 1269 faceret
1023 1193 1408 1284 religiose
1449 1188 1804 1271 educari,
1845 1186 2040 1257 bene

498 1312 757 1385 fieret.
821 1313 994 1383 Imo
1069 1308 1276 1400 quod
1333 1308 1512 1399 plus
1570 1310 1718 1386 est,
1776 1302 2039 1376 crede-

501 1446 670 1498 rem
717 1425 1103 1516 religiose
1135 1422 1315 1495 fieri
1359 1422 1426 1494 si
1462 1421 1614 1513 ipsi
1659 1422 2040 1512 parentes

500 1544 993 1633 cogerentur
1099 1537 1338 1610 minis
1415 1542 1495 1609 et
1581 1533 2042 1608 terroribus

502 1660 596 1731 ad
674 1657 1270 1749 suscipiendum
1349 1642 1890 1745 Baptismum,
1965 1655 2044 1723 et

502 1778 597 1848 ad
664 1775 1309 1849 conservandum
1407 1774 1694 1864 postea
1783 1788 2046 1839 susce-

503 1899 759 1986 ptum,
809 1892 998 1983 quia
1040 1895 1216 1964 esto
1273 1887 1478 1982 quod
1519 1886 1675 1978 ipsi
1722 1903 1882 1956 non
1932 1905 2047 1956 es·

500 2015 676 2084 sent
724 2031 913 2082 vere
944 2010 1213 2082 fideles
1263 2008 1339 2080 in
1375 2008 1671 2089 animo,
1776 2011 2048 2079 tamen

505 2131 770 2203 minus
816 2128 1120 2201 malum
1171 2129 1386 2198 esset
1421 2126 1568 2208 eiS,
1615 2144 1773 2197 non
1815 2142 2052 2217 posse

506 2245 832 2336 impune
865 2244 1124 2335 legem
1170 2262 1402 2313 suam
1451 2240 1823 2314 illicitam
1889 2258 2050 2309 ser-

496 2382 717 2443 vare,
757 2381 997 2454 quam
1042 2379 1280 2452 posse
1333 2378 1511 2429 eam
1572 2356 1825 2429 libere
1889 2374 2052 2425 ser-

499 2496 720 2550 vare.
771 2477 973 2549 Item
1015 2472 1159 2546 filii
1201 2493 1513 2554 eorum,
1550 2471 1845 2544 sibene
1876 2470 2053 2560 edu·
2088 2538 2091 2542 ,

507 2594 896 2667 carentur
931 2590 1011 2662 in
1046 2588 1296 2663 tertia
1344 2590 1422 2660 et
1492 2592 1787 2679 quarta
1866 2606 2053 2680 pro-

511 2710 767 2803 genie,
813 2711 1086 2782 essent
1117 2726 1310 2779 vere
1364 2706 1657 2778 fideles.

600 2832 699 2901 Et
741 2827 810 2899 si
868 2826 1085 2899 dicas
1129 2824 1336 2916 quod
1387 2823 1822 2896 secundum
1877 2841 2059 2914 pro-

514 2945 869 3041 phetiam
936 2942 1196 3023 Isaiae,
1245 2960 1486 3032 quam
1532 2938 1826 3011 recitat
1862 2938 2055 3008 Pau-

511 3063 640 3134 lus
700 3062 936 3132 Rom.
995 3061 1064 3131 9.
1129 3059 1449 3145 Reliquioe
1507 3056 1716 3122 lsrael
1781 3075 2058 3120 conver-

519 3193 740 3248 lentur
786 3182 860 3246 in
902 3181 1081 3263 sine;
1123 3178 1204 3248 et
1264 3172 1438 3246 ideo
1499 3171 1824 3242 Judaeos
1895 3189 2057 3241 non

516 3299 840 3389 oportet
881 3312 1175 3384 cogere
1234 3290 1611 3364 totaliter
1663 3290 1758 3360 ad
1791 3288 2062 3379 Bapti-

518 3435 780 3490 smum
832 3412 1429 3505 suscipiendum
1485 3413 1562 3482 et
1611 3409 2062 3500 relinquen-

519 3534 704 3604 dum
739 3530 999 3621 legem
1043 3547 1299 3599 suam.
1354 3525 1855 3617 Respondeo,
1902 3543 2061 3595 non

520 3647 819 3728 dubito,
908 3645 1094 3739 quin
1165 3664 1360 3716 vera
1437 3643 1542 3715 sit
1630 3639 2064 3734 prophetia

524 3763 856 3842 Christi,
950 3780 1190 3853 quam
1290 3758 1587 3832 recitat
1685 3755 2063 3830 Christus

522 3884 565 3953 J
578 3900 754 3954 oan.
789 3882 855 3952 5.
895 3881 1033 3965 qu
1065 3880 1217 3945 veni
1247 3879 1320 3944 in
1352 3878 1620 3942 nomine
1649 3877 1878 3941 Patris
1908 3876 2059 3955 mci,

519 4011 580 4067 et
616 4021 752 4066 non
789 3997 1133 4083 accepistis
1163 4016 1265 4060 me
1286 4019 1309 4072 ,·
1341 3996 1402 4059 si
1460 3995 1639 4059 alius
1679 3993 1933 4057 venerit
1996 3992 2069 4056 in

517 4119 787 4185 nomine
825 4135 962 4193 suc,
1014 4114 1209 4178 illum
1244 4111 1621 4196 suscipietis
1638 4134 1661 4187 ,·
1703 4123 1904 4195 ergo
1971 4104 2066 4175 ad

523 4235 789 4304 minus
837 4249 935 4301 ex
975 4227 1225 4299 verbo
1269 4223 1577 4299 Christi
1618 4224 1860 4295 erunt
1897 4240 2067 4313 per-

522 4345 910 4426 vertendi,
961 4343 1149 4435 quia
1189 4340 1707 4413 adhaerebunt
1743 4338 1861 4410 illi
1901 4357 2069 4429 pes·

524 4465 730 4537 simo
782 4459 1318 4540 Antichristo,
1365 4458 1454 4529 de
1516 4477 1670 4547 quo
1722 4459 1846 4527 est
1905 4474 2070 4525 ser-

526 4601 658 4653 mo
719 4576 1029 4652 Christi
1074 4572 1533 4668 praedictus.

616 4697 718 4769 Et
760 4694 827 4767 si
860 4692 1103 4773 dicas,
1162 4689 1369 4784 quod
1426 4687 1604 4759 visa
1645 4685 2073 4759 destructi-

531 4833 677 4884 one
718 4808 1231 4886 Antichristi,
1279 4806 1398 4879 illi
1435 4805 1568 4898 qui
1621 4803 1773 4875 sibi
1813 4802 2066 4874 adhae-

529 4911 831 5011 serant,
925 4927 1538 5003 convertentur,
1658 4921 1833 4994 dico
1924 4940 2071 5012 pro

533 5052 700 5123 tam
751 5045 1061 5141 pauciS,
1122 5048 1204 5117 et
1275 5042 1390 5114 sic
1447 5039 1678 5112 tarde
1744 5056 2072 5111 conver-

532 5165 815 5246 tendis,
871 5183 1032 5235 non
1077 5162 1502 5255 oporteret
1569 5162 1692 5232 tot
1724 5156 2072 5240 Judaeos,

532 5283 616 5355 in
713 5284 834 5355 tot
946 5277 1314 5374 partibus
1413 5272 1708 5354 mundi,
1818 5272 2073 5345 tantis

537 5397 1039 5491 temporibus
1103 5393 1510 5467 sustinere
1553 5392 1630 5463 in
1694 5390 1867 5480 lege
1929 5407 2075 5460 sua

541 5505 1009 5599 persistere,
1058 5502 1244 5595 quia
1292 5499 1562 5573 finalis
1606 5498 1927 5569 fructus
1988 5495 2079 5567 de

535 5615 652 5689 eis
695 5611 1079 5687 Ecclesiae
1136 5612 1287 5692 est,
1356 5610 1436 5681 et
1477 5605 1639 5679 erit
1692 5603 2074 5677 modicus.

2155 600 2374 674 Unde
2417 597 2829 672 sufficeret
2896 597 3212 689 aliquos
3265 609 3568 686 paucos
3621 587 3701 659 in

2152 713 2425 807 aliqua
2470 711 2740 784 insula
2775 711 3336 803 sequestratos
3373 701 3699 797 permit-

2152 829 2215 903 ti
2275 829 2534 919 legem
2587 848 2817 900 suam
2869 844 3230 906 servare,
3273 822 3363 895 de
3408 817 3695 910 quibus

2149 945 2472 1018 tandem
2539 944 2684 1017 illa
2750 941 3173 1036 prophetia
3248 937 3485 1011 Isaiae
3561 934 3705 1006 im-

2154 1062 2544 1156 pleretur.

2245 1177 2466 1252 Istud
2526 1181 2796 1250 autem
2846 1176 2937 1247 de
3001 1170 3468 1266 parentibus
3526 1169 3702 1241 infi-

2150 1296 2454 1367 delibus
2513 1292 2889 1386 cogendis
2924 1311 3069 1383 per
3115 1288 3373 1360 minas
3417 1291 3496 1360 et
3537 1287 3695 1358 ter-

2155 1432 2412 1494 rores,
2501 1411 2822 1483 videtur
2893 1405 3249 1500 probari,
3343 1402 3531 1495 quia
3592 1401 3692 1473 si-

2155 1531 2341 1602 milo
2392 1529 2901 1602 commendat
2978 1525 3171 1598 illud
3240 1521 3690 1598 Concilium

2155 1647 2634 1720 Toletanum
2740 1664 2990 1736 supra
3102 1641 3547 1730 allegatum
3627 1636 3695 1707 d.

3594 425 3770 499 489,

2156 1765 2291 1848 Qui
2358 1764 2626 1851 pridem
2693 1763 2783 1828 ad
2835 1760 3416 1827 Christianitatem
3481 1754 3695 1820 coacti
3736 1759 4056 1814 Concil.Tol.

2153 1894 2324 1961 ειιηι,
2388 1882 2556 1946 sicul
2603 1881 2858 1964 saelum
2897 1888 2989 1943 esc
3059 1868 3469 1960 temporibus
3527 1870 3693 1935 reli-

2158 1998 2520 2083 yiosissimi
2549 1995 2887 2082 principis
2927 1995 2949 2017 *
2981 1990 3301 2056 Assebuci
3323 2013 3346 2065 ‚·
3388 2001 3587 2074 ergo
3629 1983 3708 2055 in

2162 2108 2311 2182 hoc
2356 2109 2754 2202 approbat
2818 2126 2996 2179 eum
3033 2108 3426 2195 tanquam
3491 2098 3711 2192 prin-

2164 2224 2425 2317 cipem
2515 2223 3018 2314 religiosum,
3092 2218 3278 2310 quia
3356 2213 3711 2288 infideles

2165 2342 2432 2433 coegit
2491 2340 2586 2411 ad
2642 2340 2911 2411 fidem.

2600 2600 3267 2668 COMMENTARIUS.

2258 2806 2352 2892 (b)
2409 2806 2571 2869 Dico
2627 2824 2782 2888 erqo
2840 2801 3147 2878 breviter,
3215 2810 3336 2865 etc.
3410 2801 3561 2863 Haec
3617 2804 3716 2861 est

2171 2918 2504 2985 conclusio
2556 2915 2873 2994 DoctoriS,
2938 2934 3132 3000 quam
3197 2912 3426 2998 probat
3465 2910 3713 2976 ratione

2174 3036 2513 3122 praemissa
2553 3056 2634 3100 ex
2670 3031 3053 3107 auctoritate
3096 3035 3160 3098 S.
3225 3029 3602 3116 Augustini,
3650 3038 3715 3093 ct

2172 3176 2255 3222 ex
2285 3151 2819 3221 subordinatione
2845 3148 3018 3236 juris
3052 3159 3392 3234 parentum
3426 3146 3492 3211 in
3519 3145 3712 3224 filios,

2172 3270 2251 3338 ad
2293 3271 2404 3356 jus
2465 3267 2635 3356 quod
2680 3267 2874 3332 habet
2913 3265 2980 3331 in
3025 3264 3204 3350 ipsos
3239 3266 3450 3341 Deus3
3493 3273 3720 3327 contra

2175 3385 2344 3475 quod
2388 3404 2506 3449 nec
2552 3382 2726 3449 licite
2771 3402 2889 3446 nec
2923 3380 3102 3466 juste
3155 3377 3228 3443 lit
3291 3399 3449 3444 usus
3500 3375 3717 3442 domi-

2178 3504 2267 3570 nii
2319 3500 2670 3577 inferioris,
2725 3519 2854 3563 non
2893 3497 3103 3561 solum
3148 3495 3210 3559 in
3255 3493 3713 3581 praejudicium

2171 3619 2340 3706 juris
2362 3615 2592 3692 divini,
2630 3611 2741 3678 sed
2774 3611 2980 3697 ipsius
3012 3608 3210 3688 tertii,
3251 3628 3485 3693 nempe
3511 3607 3721 3672 infan-

2178 3737 2286 3814 tis,
2322 3733 2427 3800 cui
2459 3743 2716 3797 tenetur
2749 3747 2983 3814 parens
3018 3724 3366 3813 providere
3401 3723 3480 3789 de
3514 3743 3719 3789 reme·

2179 3853 2284 3918 dio
2327 3848 2690 3916 necessario
2733 3845 2810 3913 ad
2844 3844 3146 3920 salutem,
3194 3862 3323 3907 non
3379 3840 3592 3908 solum
3641 3861 3722 3906 ex

2181 3978 2504 4056 praecepto
2552 3963 2796 4041 divin0‚
2825 3960 2935 4027 sed
2972 3960 3168 4026 etiam
3231 3957 3535 4034 naturali,
3589 3975 3717 4021 non

2181 4107 2369 4154 secus
2396 4105 2472 4150 ac
2500 4083 2581 4149 de
2611 4079 2962 4147 alimentis,
2994 4080 3074 4142 Et
3104 4077 3225 4142 hoc
3255 4075 3334 4141 de
3360 4073 3620 4161 justitia
3646 4092 3722 4138 eo

2183 4204 2374 4269 modo
2403 4219 2531 4288 quo
2591 4208 2803 4283 potest
2844 4192 3241 4260 intervenire
3274 4191 3441 4256 inter
3473 4201 3723 4275 patrem

2181 4317 2478 4386 etlilium
2514 4312 2812 4402 justitia;
2861 4310 2975 4377 sed
3017 4309 3328 4394 Princeps
3375 4306 3575 4380 habet
3612 4325 3724 4391 po-

2181 4446 2479 4502 testatem
2527 4429 2883 4498 coactivam
2952 4437 3251 4512 respectu
3301 4422 3715 4491 subditorum

2181 4552 2259 4618 ad
2290 4551 2733 4617 defensionem
2785 4543 3179 4622 innocentiS‚
3226 4542 3377 4627 quia
3416 4541 3726 4626 yladium

2182 4670 2307 4733 Dei
2339 4675 2585 4754 porcat,
2651 4656 2945 4749 alioquin
2997 4678 3124 4724 non
3175 4669 3349 4723 recte
3410 4654 3724 4722 consiste-

2184 4795 2281 4849 ret
2315 4782 2535 4868 politia
2567 4801 2602 4845 a
2662 4784 2789 4845 Deo
2838 4776 3136 4843 instituta
3178 4775 3349 4840 inter
3390 4772 3717 4850 homineS‚

2185 4899 2238 4966 si
2279 4898 2583 4965 delictum
2642 4895 2975 4982 publicum
3034 4890 3444 4979 particularis
3496 4908 3723 4974 perso·

2188 5037 2290 5083 nae
2329 5027 2391 5081 et
2448 5013 2762 5099 subjectae
2824 5031 2950 5077 non
3000 5008 3411 5075 ordinaretur
3453 5027 3567 5093 per
3598 5004 3730 5072 suf-

2187 5132 2510 5199 ficientem
2541 5127 3017 5202 auctoritatem,
3054 5138 3371 5214 quantum
3406 5123 3483 5190 ad
3512 5143 3729 5209 posse,

2188 5263 2251 5316 et
2292 5247 2576 5314 maxime
2608 5245 2663 5312 si
2706 5255 2805 5311 est
2857 5257 3079 5310 contra
3125 5244 3236 5331 jus
3302 5240 3502 5317 tertii,
3548 5239 3739 5325 quale

2192 5367 2256 5432 in
2312 5364 2642 5452 proposito
2708 5375 2807 5429 est
2867 5362 3077 5450 ipsius
3141 5359 3410 5427 infantis
3468 5371 3531 5426 et
3595 5355 3731 5435 Dei,

2194 5484 2342 5572 quia
2421 5503 2659 5569 parens
2730 5492 2984 5547 tenetur
3060 5478 3193 5545 silio
3272 5477 3503 5544 infanti
3572 5474 3737 5541 reci-

2197 5621 2413 5688 proce,
2462 5599 2632 5667 sicut
2665 5597 2839 5664 silius
2892 5596 3187 5684 parenti;
3247 5616 3406 5680 ergo
3461 5592 3630 5660 sicut
3659 5611 3741 5657 ex

3763 1826 3811 1875 4.
3861 1841 3906 1875 c.
3948 1825 4030 1874 55.

3767 1890 3784 1910 ⁸
3815 1888 3861 1937 ol
3897 1887 4032 1937 Sise-

3831 1948 3966 2000 buci.

3774 2892 4043 2944 Conclusio

3745 2955 4067 3008 affirmativa.

3771 3018 4042 3070 Probatur.

3805 4691 4035 4743 Potestas

3779 4754 4052 4821 Principis,
