4287 6313
571 446 690 510 646

352 611 433 663 38.
651 606 841 691 (c)Et
879 612 942 672 si
976 611 1157 671 dicas
1209 611 1381 687 quod
1422 609 1678 669 habitus
1721 612 2103 684 supernatu-

571 724 738 788 ralis
778 742 905 787 non
947 731 1034 786 est
1075 725 1251 797 talis,
1288 730 1414 786 etc.
1447 727 1515 786 In
1558 721 2112 809 praecedeptibuS,

1723 446 1866 508 LIB.
1900 444 2001 507 lv.
2050 441 2649 509 SENTENTlARUM

2221 603 2554 678 inclinant,
2625 611 2698 667 ut
2725 606 3268 669 concurrentibus
3311 606 3450 667 aliis
3479 620 3786 667 necessa-

2228 719 2336 782 riis
2382 724 2566 782 actus
2614 722 2834 783 bonus
2894 721 3211 795 eliciatur,
3284 727 3412 784 etc.
3463 724 3612 782 Haec
3661 721 3773 785 do-

572 847 646 902 ut
686 846 872 920 patet
941 858 1024 902 ex
1078 842 1313 915 littera,
1393 848 1688 904 removet
1759 838 2116 919 quamdam
2232 841 2436 901 ctrina
2483 839 2565 901 de
2626 839 2794 901 facili
2852 841 3163 919 explicari
3199 845 3422 918 potest
3459 845 3784 919 quantum

570 957 1159 1035 aequivocationem
1208 958 1376 1019 circa
1422 958 1880 1035 acceptionem
1921 953 2119 1033 hujus
2233 958 2317 1019 ad
2347 958 2852 1030 inclinationem,
2921 963 2987 1019 et
3016 965 3088 1019 ut
3116 957 3201 1018 ita
3235 957 3469 1032 dicam,
3524 956 3786 1035 pondus

576 1071 754 1133 vocis
813 1071 1172 1148 dispositae,
1235 1088 1313 1132 ea
1364 1073 1712 1135 occasione
1779 1087 1908 1150 qua
1963 1069 2124 1131 dixit
2239 1075 2541 1153 potentiae
2604 1090 2724 1152 per
2777 1074 3075 1135 habitum
3123 1075 3314 1153 juxta
3361 1075 3785 1146 sententiam,

578 1202 733 1250 eum
804 1188 1131 1249 communi
1193 1188 1665 1262 characterem,
1723 1193 1796 1248 ιιι
1850 1185 2127 1249 formam
2240 1202 2437 1266 quam
2481 1192 2550 1248 ut
2608 1188 3022 1265 probabilem
3081 1184 3380 1249 defendit
3427 1190 3494 1249 in
3530 1191 3582 1250 l.
3636 1190 3783 1249 ἀίει.

581 1305 891 1384 priorem,
941 1320 1089 1365 esse
1141 1302 1640 1380 dispositionem
1688 1301 1773 1362 ad
1822 1303 2122 1381 gratiam.

320 1428 480 1500 Varia
585 1423 747 1484 Nam
802 1419 1138 1498 dispositio
1181 1421 1459 1481 sumitur
1505 1419 1873 1498 dupliciter,
1919 1423 2127 1496 primo

263 1496 547 1624 ειῖἓξξξὶῗῗο-
586 1545 659 1601 ιιι
690 1543 791 1600 est
818 1538 1151 1601 inclinatio
1197 1539 1479 1618 subjecti
1522 1554 1637 1616 per
1678 1536 1953 1598 formam
1996 1536 2126 1613 pri-

356 1632 453 1667 ms.
586 1672 771 1718 orem
832 1654 914 1715 ad
971 1651 1241 1717 formam
1290 1625 1746 1730 posteriorem,
1825 1654 1993 1714 sicut
2063 1654 2131 1713 in

585 1772 870 1849 physicis
904 1770 1081 1832 calor
1125 1768 1412 1846 disponit
1453 1768 1827 1847 subjectum
1875 1766 1959 1826 ad
2007 1765 2132 1828 for·

584 1904 761 1949 mam
790 1888 984 1968 ignis
1019 1888 1160 1947 Alio
1194 1886 1391 1947 modo
1437 1888 1719 1947 sumitur
1769 1884 2131 1963 dispositi0‚

585 2009 657 2065 ut
688 2009 788 2065 est
833 2002 1141 2082 quaedam
1191 2001 1401 2063 forma
1448 2004 1770 2064 inhaerens
1807 2007 1872 2064 in
1916 2002 2135 2081 subje-

483 2164 487 2168 -
590 2128 718 2195 cto,
780 2117 1150 2181 secundum
1205 2119 1454 2197 gradus
1503 2118 1837 2190 remissos,
1869 2134 1946 2178 ac
1989 2135 2135 2195 pro·

587 2236 742 2300 inde
789 2235 872 2297 de
931 2233 1101 2296 facili
1156 2234 1413 2296 mobilis
1472 2251 1509 2294 a
1551 2235 1878 2313 subjecto,
1934 2237 2000 2295 et
2044 2233 2136 2294 sic

593 2354 1016 2433 distinguitur
1072 2356 1299 2414 contra
1340 2353 1661 2426 habitum,
1704 2352 1816 2430 qui
1861 2357 1960 2413 est
2000 2350 2128 2414 for·

592 2484 698 2528 ma
756 2465 996 2528 eadem
1059 2464 1408 2528 difficulter
1462 2465 1740 2538 mobiIiS‚
1802 2471 1876 2527 ut
1919 2473 2020 2528 est
2073 2468 2138 2527 in

593 2584 804 2665 gradu
847 2585 1107 2647 intenso
1142 2589 1206 2645 et
1237 2583 1555 2661 perfecte.

674 2703 888 2780 Negat
927 2708 1146 2762 autem
1203 2701 1653 2761 characterem
1716 2716 1864 2762 esse
1923 2701 2135 2779 dispo-

598 2817 905 2878 sitionem
934 2816 1057 2876 hoc
1100 2816 1393 2878 secundo
1443 2815 1665 2886 modo,
1720 2821 1833 2878 aut
1875 2820 2030 2894 poni
2073 2820 2142 2879 in

281 2956 575 3010 Summa-i·
597 2934 820 3009 specie
853 2934 1212 3011 QualitatiS,
1257 2940 1329 2995 ut
1376 2933 1710 3011 dispositio
1763 2941 1862 2996 est
1910 2933 2136 2994 distin-

253 3038 565 3150 reliqffgrum
598 3058 699 3116 cta
734 3058 953 3115 contra
985 3052 1306 3124 habitum,
1354 3051 1474 3113 sed
1503 3050 1661 3128 poni
1683 3054 1747 3112 in
1779 3051 2003 3128 specie
2032 3050 2139 3110 ha·

325 3154 511 3200 textus.
594 3173 795 3246 hituS,
857 3177 923 3233 et
953 3170 1241 3233 declarat
1271 3167 1586 3246 deinceps
1606 3167 1934 3245 quomodo
1956 3168 2141 3230 habi-

595 3295 698 3352 tus
728 3290 935 3367 possit
964 3303 1110 3349 esse
1145 3286 1475 3363 dispositio
1509 3283 1593 3346 ad
1626 3285 1819 3345 aliam
1870 3282 2140 3346 formam

592 3407 800 3485 primo
832 3403 1030 3467 modo
1076 3412 1334 3481 sumpta
1367 3401 1819 3478 dispositione.
1853 3402 2142 3478 Respon-

594 3523 814 3586 dendo
861 3538 1021 3602 ergo
1053 3519 1141 3580 ad
1187 3526 1317 3581 tres
1360 3520 1771 3599 objectiones
1820 3516 2143 3579 adductas

596 3643 822 3700 contra
883 3636 1372 3697 conclusionem
1433 3650 1551 3694 suo
1609 3631 1865 3708 ordine,
1927 3631 2143 3694 adhuc

593 3755 1019 3833 prosequitur
1044 3750 1542 3829 responsionem
1574 3747 1660 3810 ad
1688 3748 1963 3821 tertiam,
2004 3766 2145 3826 quae

595 3877 696 3933 est
724 3871 868 3933 talis
903 3891 917 3931 ε
968 3869 1195 3931 Omnis
1238 3867 1496 3929 habitus
1528 3865 1816 3943 disponit
1855 3865 1940 3926 ad
1968 3865 2141 3926 bene

594 3988 697 4052 vel
753 3989 921 4049 male
980 3984 1341 4065 agendum,
1389 3983 1503 4045 sed
1563 3983 1906 4044 character
1963 3997 2138 4053 non;

596 4123 755 4185 ergo
787 4122 920 4167 non
953 4110 1051 4165 est
1091 4102 1373 4164 habitus,
1428 4098 1528 4161 Ad
1585 4097 1993 4160 antecedens
2036 4113 2139 4157 re-

595 4221 883 4301 spondet
916 4220 1055 4283 dari
1099 4218 1393 4280 medium
1419 4219 1590 4279 inter
1635 4216 1809 4277 bene
1857 4218 1925 4275 et
1972 4213 2143 4274 male

593 4338 879 4418 operari,
928 4343 1059 4399 tam
1117 4334 1337 4414 quoad
1382 4341 1595 4397 actum
1658 4348 1857 4411 quam
1928 4329 2147 4409 quoad

592 4457 913 4530 habitum,
975 4455 1058 4516 de
1119 4471 1245 4534 quo
1320 4455 1638 4515 hactenus
1714 4449 1963 4511 dictum
2022 4453 2145 4510 est.

595 4573 726 4636 Sed
753 4573 1030 4634 ulterius
1060 4571 1259 4631 instat
1288 4569 1391 4628 hic
1424 4565 1603 4646 quod
1650 4566 1909 4627 habitus
1954 4575 2141 4626 natu-

597 4692 750 4753 ralis
820 4704 953 4749 non
1026 4686 1108 4748 sit
1177 4686 1344 4758 taliS,
1417 4684 1666 4744 scilicet
1736 4680 2148 4749 indifferens,

604 4808 755 4887 quia
789 4806 982 4868 datur
1012 4803 1096 4865 ad
1128 4800 1599 4880 perfectionem
1640 4798 1948 4876 subJecti.

384 4937 465 4986 39.
680 4917 1063 4998 Respondet
1093 4933 1271 4995 ergo,
1306 4913 1484 4994 quod
1528 4913 1787 4973 habitus
1830 4925 2155 4991 superna-

606 5040 829 5105 turalis
852 5021 1078 5115 poss’et
1109 5050 1257 5097 esse
1291 5032 1643 5111 disponens
1673 5029 1757 5091 ad
1787 5034 2001 5090 actum
2032 5028 2148 5089 bo-

602 5174 781 5228 num,
827 5156 981 5215 licet
1056 5168 1187 5214 non
1232 5152 1312 5211 sit
1360 5149 1747 5226 principium
1801 5145 2152 5207 elicitivum

606 5273 977 5354 proximum
995 5269 1098 5329 vel
1130 5264 1485 5337 sufficienS,
1518 5268 1586 5326 et
1615 5264 1738 5324 hoc
1772 5261 1966 5324 modo
1990 5260 2154 5322 fides

598 5389 836 5460 infusa,
888 5385 1121 5462 inquit,
1169 5400 1301 5443 non
1349 5388 1450 5444 est
1520 5379 1855 5441 sufficiens
1902 5378 2141 5454 princi·

605 5509 779 5584 pium
827 5499 1132 5563 eliciendi
1177 5506 1388 5560 actum
1436 5493 1778 5565 credendi,
1815 5508 1942 5552 nec
1994 5491 2153 5551 cha-

602 5626 757 5684 ritas
784 5619 993 5682 infusa
1029 5615 1334 5679 eliciendi
1396 5618 1620 5674 actum
1653 5606 1998 5689 diligendi,
2028 5605 2149 5668 sed

2247 1306 2340 1366 17.
2389 1310 2607 1379 quaesc.
2667 1306 2727 1365 2.
2800 1303 3246 1381 supponendo
3317 1304 3616 1366 habitum
3682 1322 3789 1364 ac-

2244 1416 2555 1495 quisitum
2611 1417 2818 1499 (quod
2891 1416 2973 1478 de
3044 1416 3258 1478 infuso
3330 1417 3560 1496 nequit
3633 1417 3785 1491 dici,

2243 1540 2317 1595 ut
2375 1536 2519 1612 ipse
2583 1534 2818 1595 asserit
2874 1534 3261 1612 quodlibeto
3329 1535 3422 1595 17.
3497 1541 3562 1596 et
3630 1535 3794 1597 alias

2245 1650 2510 1730 passim)
2569 1667 2702 1711 non
2760 1666 2907 1710 esse
2962 1650 3244 1711 activum
3300 1667 3421 1727 per
3474 1649 3788 1711 influxum

2245 1768 2312 1827 in
2370 1771 2614 1837 actum,
2668 1764 2753 1825 ad
2811 1780 3014 1843 quem
3080 1772 3297 1826 tamen
3363 1765 3656 1837 inclinat,
3718 1769 3795 1824 ut

2245 1878 2456 1944 forma
2516 1885 2691 1959 prior
2763 1879 3212 1943 determinans
3281 1880 3790 1943 indifferentiam

2247 2002 2553 2080 potentiae
2589 1998 2673 2060 ad
2719 2005 2962 2071 actum,
3026 1996 3147 2059 sed
3197 1998 3345 2075 quia
3395 1998 3499 2058 hic
3542 1979 3795 2074 suppo-

2249 2120 2343 2181 nit
2399 2118 2693 2179 habitum
2761 2086 2906 2178 esse
2969 2116 3275 2188 activum,
3340 2113 3521 2193 quod
3582 2120 3648 2175 et
3705 2115 3797 2177 ibi

2253 2230 2549 2294 defendit
2590 2237 2663 2292 ut
2705 2232 2915 2311 magis
2960 2230 3327 2309 probabile,
3362 2235 3429 2292 et
3478 2229 3795 2307 deinceps

2250 2351 2570 2428 sequitur,
2604 2365 2737 2411 non
2772 2355 2872 2409 est
2898 2346 2985 2409 ad
3027 2348 3152 2409 hoc
3203 2347 3709 2409 recurrendum.

2329 2465 2717 2528 Tenendum
2776 2470 2996 2526 tamen
3060 2469 3163 2526 est
3219 2464 3567 2541 dupliciter
3607 2464 3791 2527 habi·
3853 2448 4106 2526 'Duplex

3843 2525 4146 2574 considera·

2257 2588 2387 2644 tum
2422 2579 2842 2645 considerari.
2885 2580 3120 2655 Prim0,
3148 2583 3225 2642 ut
3251 2580 3450 2641 habet
3478 2578 3796 2641 rationem
3871 2587 4037 2700 1121?ss
4062 2664 4108 2697 s.

3981 2666 4000 2698 1
4027 2665 4060 2697 u

2253 2703 2470 2766 formae
2503 2701 2905 2763 informantis
2936 2708 3002 2763 et
3034 2701 3528 2763 determinantis
3569 2706 3798 2778 poten-

2259 2823 2435 2894 tiam,
2486 2824 2805 2899 quantum
2851 2825 2952 2881 est
2996 2836 3078 2881 ex
3119 2820 3541 2882 inclinatione
3595 2821 3800 2899 ipsius

2257 2939 2341 3000 ad
2384 2939 2719 3018 objectum
2788 2953 2981 2998 suum
3048 2936 3579 3012 determinatum,
3637 2938 3808 2999 sicut

2259 3063 2325 3118 et
2355 3056 2438 3117 ad
2490 3061 2708 3117 actum
2753 3055 2875 3132 ipsi
2935 3056 3521 3131 proportionatum,
3567 3059 3636 3115 et
3674 3055 3803 3116 hoc

2258 3176 2576 3254 competit
2605 3175 2878 3246 habitui,
2941 3175 3075 3236 sive
3109 3175 3405 3252 potentia
3440 3191 3517 3235 eo
3550 3178 3797 3248 utatur,

2257 3291 2602 3372 sequendo
2664 3292 2809 3371 ejus
2871 3291 3391 3361 inclinationem,
3450 3291 3585 3351 sive
3640 3306 3799 3366 non,

2259 3417 2326 3473 et
2393 3413 2528 3472 sive
2593 3408 2941 3487 suspensio
3014 3409 3236 3485 operis
3304 3411 3649 3485 proveniat
3718 3425 3800 3469 ex
3865 3425 4144 3496 t'tohabet

2255 3532 2580 3602 libertate,
2626 3529 2762 3590 sive
2795 3545 2876 3590 ex
2920 3527 3044 3588 alio
3084 3526 3558 3606 impedimento
3599 3544 3797 3607 agen·
3857 3491 4122 3598 τιέξ-Ἓξ

2260 3646 2347 3718 di,
2407 3653 2477 3708 ut
2521 3645 2673 3723 quia
2721 3642 3097 3705 distrahitur
3144 3645 3439 3721 potentia
3494 3660 3617 3722 per
3672 3645 3800 3706 alia

2257 3764 2518 3830 motiva,
2587 3761 2693 3821 vel
2763 3759 2915 3837 quia
2990 3758 3302 3820 deficiunt
3389 3758 3609 3837 aliqua
3681 3774 3804 3837 per

2258 3890 2330 3935 se
2375 3874 2687 3951 requisita
2758 3871 2842 3934 ad
2897 3876 3139 3947 actum,
3206 3871 3572 3934 secundum
3614 3872 3805 3934 incli-

2259 3994 2590 4054 nationem
2634 3990 2918 4051 habitus⁸

2338 4108 2476 4168 Alio
2517 4104 2715 4166 modo
2764 4102 3214 4166 consideratus
3262 4103 3546 4177 habituS,
3596 4109 3670 4166 ut
3701 4108 3801 4166 est
3832 4111 4162 4175 Habitusper

2259 4223 2647 4301 principium
2701 4220 2969 4301 agendi,
3030 4226 3094 4281 et
3148 4223 3240 4283 sic
3293 4228 3504 4299 magis
3568 4220 3804 4284 dicitur
3865 4177 4138 4317 {fix-13,

2264 4341 2801 4418 comprincipium
2865 4339 2930 4398 in
2994 4336 3255 4417 agendo
3349 4353 3546 4415 quarn
3617 4340 3808 4401 incli-

2262 4460 2460 4528 nati0,
2515 4456 2665 4533 quia
2707 4455 2926 4532 potius
2971 4454 3442 4516 determinatur
3488 4472 3525 4516 a
3575 4462 3806 4534 poten-

2263 4574 2346 4637 tia
2393 4572 2477 4633 ad
2520 4571 2881 4651 agendum,
2932 4576 3245 4650 tanquam
3289 4588 3324 4632 a
3367 4590 3578 4634 causa·
3613 4590 3813 4652 supe-

2263 4695 2456 4763 riore,
2519 4705 2718 4768 quam
2770 4705 2807 4750 e
2858 4694 3108 4762 contra,
3169 4692 3330 4765 quia
3370 4690 3635 4752 habitus
3682 4695 3813 4752 uti-

2267 4821 2433 4879 mur,
2492 4805 2719 4883 inquit,
2778 4803 3231 4879 Philosophus,
3293 4822 3439 4865 cum
3491 4806 3812 4879 volumuS,

2269 4928 2391 4984 etc.
2465 4921 2829 5000 Applicatio
2901 4922 3122 4999 itaque
3179 4922 3464 4998 habitus,
3536 4929 3608 4984 ut
3677 4925 3814 5003 agit

2269 5046 2370 5103 est
2420 5058 2539 5118 per
2586 5041 2969 5119 potentiam,
3027 5058 3160 5103 non
3239 5060 3274 5103 e
3325 5047 3571 5106 contra.
3622 5044 3815 5120 Quod

2270 5162 2466 5221 etiam
2508 5177 2736 5222 verum
2768 5165 2870 5221 est
2897 5162 2962 5220 in
2993 5162 3624 5238 supernaturalibu3‚
3660 5166 3811 5241 quia

2268 5278 2420 5338 licet
2449 5279 2765 5353 potentia,
2813 5282 2884 5336 ut
2917 5276 3214 5338 voluntas
3245 5293 3374 5338 non
3416 5279 3622 5355 possit
3660 5295 3816 5360 age-

2269 5411 2364 5466 re,
2437 5393 2561 5455 nisi
2622 5400 2694 5454 ut
2751 5394 3027 5468 elevata,
3077 5400 3296 5458 tamen
3367 5396 3509 5473 ipsa
3570 5400 3670 5458 est
3731 5414 3816 5459 ex

2273 5517 2398 5579 qua
2450 5501 2655 5578 primo
2720 5506 2822 5562 est
2880 5501 3338 5564 determinatio
3399 5504 3696 5580 actionis⁴
3747 5513 3820 5568 ut

2274 5612 2687 5685 comparatur
2758 5608 2842 5670 ad
2911 5609 3203 5673 habitum
3284 5617 3813 5688 concurrentem,
