4287 6313
230 1043 313 1093 nic

153 1106 363 1168 colligitur

1633 426 1835 489 DIST.
1889 426 1934 488 l.
1967 423 2332 501 QUAESTlo
2369 426 2412 485 l.

425 605 605 658 vam
646 586 937 660 formae
979 587 1571 669 substantialis,
1611 587 1814 680 quod
1853 589 1978 661 est

427 701 1024 788 inconvenienS,
1088 724 1275 778 cum
1314 724 1475 775 non
1538 702 1799 797 possit
1860 722 1977 774 re-

424 818 606 910 cipi,
662 819 823 893 nisi
867 821 949 893 in
999 821 1461 895 substantia
1517 820 1980 914 composita

425 932 505 1004 in
544 937 921 1020 essendo;
977 959 1121 1012 nec
1168 957 1367 1031 ergo
1415 941 1686 1030 potest
1733 956 1978 1028 agere

424 1050 819 1136 accidens»,
855 1052 1012 1125 nisi
1054 1053 1135 1126 in
1179 1053 1721 1128 substantiam
1765 1072 1977 1127 com-

158 1169 394 1221 ‚caseum
426 1166 804 1257 positam,
877 1174 958 1245 et
1016 1169 1130 1245 ita
1182 1192 1344 1244 non
1405 1173 1482 1245 in
1547 1170 1977 1245 materiam

156 1231 362 1295 completa

218 1308 301 1343 non

154 1356 378 1420 subjecturi

426 1283 778 1375 primam
827 1286 958 1359 vel
1010 1308 1324 1381 puram.
1368 1290 1524 1362 Per
1553 1289 1705 1361 hoc
1740 1308 1978 1381 appa-

136 1419 373 1469 immediate
428 1406 553 1477 ret
593 1404 691 1475 ad
742 1404 937 1479 illud
985 1407 1191 1499 quod
1231 1407 1532 1481 dicitur
1569 1411 1635 1481 2.
1686 1411 1768 1476 cle
1814 1412 1977 1475 Am·-

137 1500 175 1531 in
212 1484 392 1531 materia

180 1545 344 1615 prim„
423 1540 557 1600 ma,
601 1519 692 1591 de
741 1520 1017 1594 calore
1060 1550 1075 1594 :
1135 1523 1382 1597 Calor
1420 1524 1637 1596 enim
1678 1522 1978 1597 dicitur

212 1608 309 1656 licet

133 1669 365 1734 imperfecta

156 1732 293 1789 insint,
339 1736 390 1779 ut

164 1795 357 1866 Ρηημον

153 1863 358 1919 quantitas

135 1919 376 1969 intermina-

177 1989 229 2040 ta,
248 1988 332 2033 etc.

150 2735 352 2847 'soff-22.

148 2860 358 2919 Quomodo

182 2922 327 2973 domus

128 2990 380 3036 exmfitn

422 1633 1064 1712 instrumentum
1122 1639 1413 1712 animae
1469 1641 1548 1711 in
1596 1660 1979 1733 generan-

417 1748 511 1820 do
570 1770 902 1824 carnem
956 1753 1430 1839 animatam,
1470 1776 1618 1849 pro
1672 1761 1974 1849 quanto

416 1869 544 1939 est
580 1867 1077 1961 principium
1110 1871 1512 1944 alterandi
1559 1871 1638 1943 in
1680 1873 1974 1944 altera-

419 1982 645 2056 tione
746 1985 1053 2076 praevia
1139 1987 1234 2059 ad
1313 1987 1969 2078 generationem;

415 2122 577 2174 non
633 2106 909 2175 autem
963 2103 1149 2197 quia
1209 2105 1286 2177 in
1349 2105 1687 2181 instanti
1746 2125 1972 2197 gene-

414 2217 772 2291 rationis
827 2221 1182 2312 attingat
1245 2223 1601 2295 formam
1670 2224 1967 2307 carnis,

411 2337 810 2427 tanquam
855 2338 1320 2421 terminum,
1386 2339 1596 2414 sicut
1654 2361 1797 2413 nec
1860 2343 1972 2413 at-

414 2451 667 2543 tingit
694 2454 1129 2527 materiam
1153 2454 1773 2529 substantialem
1801 2478 1970 2531 car·

409 2568 534 2640 nis
570 2573 822 2661 tanqu
849 2590 981 2642 am
1016 2591 1373 2664 passum.

500 2686 821 2758 Contra
862 2684 1103 2758 istam
1147 2687 1554 2761 rationem
1608 2688 1973 2765 instatur

413 2819 560 2889 per
605 2798 805 2873 illud
854 2805 920 2874 7.
975 2804 1124 2873 Met.
1168 2828 1315 2891 cap.
1366 2807 1434 2877 5.
1490 2808 1736 2875 Domus
1773 2820 1968 2877 extra

406 2919 483 2998 fit
531 2940 575 2982 α
632 2918 828 2985 domo
860 2922 932 2985 in
971 2933 1205 3002 mente,
1256 2924 1336 2993 et
1379 2925 1651 2994 tamen
1682 2922 1965 2996 domus

145 3048 353 3098 domuin
409 3034 657 3103 extra
750 3031 990 3106 habet
1083 3034 1358 3108 verius
1451 3061 1587 3105 esse
1680 3039 1964 3112 domus

169 3118 315 3163 mente.

407 3169 658 3239 quam
692 3149 978 3224 domus
1012 3150 1090 3224 in
1133 3158 1422 3235 mente,
1463 3155 1648 3247 quia
1681 3156 1965 3231 domus

404 3266 485 3336 in
531 3271 809 3340 mente
852 3265 1089 3343 habet
1128 3293 1261 3337 esse
1306 3269 1791 3345 diminutum
1847 3294 1964 3347 re-

403 3387 694 3474 spectu
740 3384 1026 3456 domus
1067 3388 1331 3470 extra,
1382 3386 1592 3462 sicut
1647 3410 1786 3461 ens
1843 3385 1963 3464 eo·

399 3497 725 3587 gnitum
780 3502 905 3573 est
962 3499 1446 3574 diminutum
1500 3524 1640 3575 ens
1698 3523 1962 3597 respe-

399 3621 533 3688 ctu
616 3616 835 3689 entis
917 3617 1162 3690 realis
1207 3645 1220 3700 ;
1302 3639 1502 3711 ergo
1591 3621 1961 3715 imperfe-

396 3734 644 3814 ctiu8‚
723 3731 1037 3807 scilicet
1097 3734 1395 3808 habens
1464 3757 1643 3810 esse
1699 3738 1780 3810 in
1839 3761 1962 3813 eo-

397 3849 802 3940 gnitione,
879 3854 1150 3942 potest
1217 3872 1394 3924 esse
1466 3854 1960 3948 principium

398 3965 899 4055 producendi
943 3963 1408 4058 perfectius.
1461 3972 1561 4044 Et
1610 3973 1961 4064 applica·

392 4083 531 4154 tur
567 4082 792 4156 istud
821 4084 1277 4175 exemplum
1314 4085 1408 4157 ad
1443 4088 1958 4180 propositum

395 4198 562 4271 sic:
612 4198 835 4271 sicut
887 4220 970 4270 se
1021 4197 1259 4273 habet
1299 4201 1582 4275 domus
1627 4204 1703 4276 in
1752 4226 1958 4279 men·

393 4317 469 4385 te
531 4314 635 4386 ad
705 4314 1032 4386 domum
1080 4319 1341 4397 extra,
1406 4317 1521 4391 ita
1581 4341 1665 4393 se
1725 4319 1957 4397 habet

391 4431 762 4521 Angelus
858 4430 1234 4522 cognitus
1334 4433 1413 4505 in
1491 4436 1956 4527 cognitione

388 4547 718 4638 Angeli,
791 4547 888 4619 ad
971 4549 1364 4639 Angelum
1444 4556 1739 4634 extra;
1823 4554 1954 4626 sed

392 4663 841 4736 secundum
934 4662 1512 4757 Philosophum
1594 4688 1641 4739 a
1715 4670 1951 4742 domo

394 4779 469 4850 in
504 4782 813 4866 mente,
862 4779 950 4850 fit
983 4781 1266 4853 domus
1308 4785 1579 4865 extra;
1619 4805 1816 4878 ergo
1856 4790 1953 4862 ab

389 4897 712 4988 Angelo
759 4896 1093 4987 cognito
1162 4898 1242 4970 in
1284 4899 1701 4976 intellectu
1754 4905 1949 4980 alte-

393 5015 564 5086 rius
633 5014 953 5106 Angeli,
1019 5019 1287 5107 potest
1354 5017 1533 5091 fieri
1599 5009 1951 5109 Angelus

385 5137 672 5211 extra3
721 5150 880 5202 non
925 5150 1123 5221 ergo
1164 5132 1774 5211 accidentalitas
1821 5161 1953 5212 co-

387 5247 797 5338 gnitionis
851 5248 1258 5340 Angelicae
1326 5252 1696 5343 prohibet
1769 5257 1953 5329 sub-

387 5364 728 5439 stantiae
773 5364 1206 5439 intellectae
1237 5368 1766 5441 creationem.

470 5491 587 5562 Ad
658 5489 1027 5583 primum
1072 5492 1272 5576 dice,
1315 5494 1517 5585 quod
1562 5495 1775 5569 aliud
1827 5504 1952 5574 est

382 5608 607 5704 loqui
690 5609 791 5681 de
859 5609 1164 5684 veriori
1247 5633 1384 5684 seu
1474 5613 1950 5706 perfectiori

3569 419 3648 482 57

2091 610 2225 655 esse
2266 584 2778 677 simpliciter,
2851 589 2931 658 et
2989 585 3081 657 de
3138 583 3449 656 veriori
3504 603 3640 654 seu

2093 702 2570 794 perfectiori
2613 725 2746 770 esse
2804 701 3072 793 hujus.
3141 699 3382 794 Lapis
3429 700 3644 775 enim

2093 819 2173 891 in
2217 826 2482 893 mente
2540 819 2809 892 divina
2868 819 3107 892 habet
3157 842 3290 886 esse
3341 818 3647 911 simpli-

2093 934 2303 1010 citer
2388 937 2663 1008 verius
2735 940 2816 1009 et
2884 934 3324 1029 perfectius
3408 954 3649 1026 quam

2095 1053 2305 1145 lapis
2345 1056 2607 1136 extra,
2666 1053 2853 1145 quia
2915 1052 3318 1146 objectum
3382 1054 3469 1124 ut
3523 1072 3650 1123 co-

2092 1169 2435 1261 gnitum,
2507 1170 2807 1243 dicitur
2866 1168 3165 1241 habere
3221 1167 3413 1240 illud
3484 1192 3642 1250 esse,

2093 1286 2298 1379 quod
2372 1284 2611 1358 habet
2683 1284 2857 1379 ipsa
2943 1284 3330 1376 cognitio.
3421 1284 3644 1356 Unde

2093 1402 2524 1475 seeundum
2561 1400 3108 1493 Augustinum
3160 1419 3404 1492 super
3451 1398 3646 1472 illud

2090 1520 2134 1589 J
2147 1537 2324 1588 oan.
2354 1522 2416 1590 1.
2476 1548 2503 1581 <t
2541 1521 2729 1596 Quod
2767 1522 3018 1605 factum
3060 1531 3151 1585 esc
3183 1521 3254 1585 in
3285 1520 3451 1604 ipsc,
3505 1522 3646 1584 vila

2088 1651 2285 1705 erac»
2329 1660 2434 1704 res
2464 1640 2734 1724 cognita
2786 1647 2879 1703 esc
2918 1639 2993 1703 in
3040 1637 3233 1702 verbo
3271 1637 3411 1702 vita
3460 1657 3641 1702 crea-

2090 1757 2251 1831 trice,
2326 1756 2406 1825 et
2477 1752 2624 1824 hoc
2716 1750 2914 1830 ideo,
3012 1750 3197 1842 quia
3274 1748 3636 1839 cognitio

2076 1868 2288 1959 ejus,
2369 1873 2494 1942 est
2570 1868 2910 1941 realiter
2985 1867 3157 1940 vita
3235 1864 3639 1948 creatrix;

2089 1985 2296 2076 quod
2334 1984 2549 2057 enim
2589 1985 2680 2057 de
2731 1984 3058 2076 cognito
3106 1982 3405 2056 dicitur
3439 1981 3645 2076 obje-

2088 2102 2326 2186 ctive,
2365 2101 2629 2175 hocin
2672 2101 2848 2194 ipsa
2893 2099 3360 2192 cognitione
3415 2118 3643 2192 opor-

2088 2221 2206 2290 tet
2252 2215 2598 2288 invcniri
2658 2216 3039 2298 realiter;
3106 2214 3314 2307 lapis
3366 2216 3642 2286 tamen

2086 2332 2167 2403 in
2229 2332 2642 2407 intellectu
2684 2331 2954 2404 divino
3010 2351 3171 2403 non
3219 2329 3460 2406 habet
3514 2352 3640 2403 ve-

2087 2448 2259 2521 rius
2302 2470 2479 2521 esse
2512 2449 2802 2541 lapidis
2837 2469 3073 2542 quam
3116 2448 3328 2540 lapis
3369 2451 3634 2531 extra,

2084 2563 2449 2657 alioquin
2482 2564 2781 2657 aliquid
2817 2564 3353 2639 intrinsecum
3403 2562 3638 2636 reali-

2085 2687 2214 2757 ter
2271 2686 2463 2766 Deo,
2520 2688 2735 2757 esset
2803 2681 3272 2755 formaliter
3312 2684 3389 2753 et
3444 2701 3632 2774 pro-

2083 2801 2259 2893 prie
2307 2801 2548 2894 lapis.'

2174 2918 2283 2990 Ad
2328 2918 2870 3010 propositum,
2932 2917 3216 2989 domus
3278 2918 3358 2989 in
3404 2916 3631 2990 intel·
3659 2951 3852 3002 Domus
3910 2951 3977 3002 ad

2081 3034 2293 3109 lectu
2346 3035 2690 3110 artificis
2741 3034 3042 3108 dicitur
3081 3033 3377 3107 habere
3438 3034 3630 3108 illud
3749 3015 3888 3066 ⁵¹³¹*

3750 3077 3959 3128 rfectior

2079 3174 2282 3237 esse,
2358 3152 2564 3245 quod
2625 3151 3088 3225 formaliter
3157 3150 3394 3224 habet
3457 3150 3632 3244 ipsa
3688 3093 3839 3191 ἔξω
3882 3140 3947 3192 ”d

2077 3270 2441 3361 cognitio
2483 3271 2810 3350 domus;
2866 3269 3001 3341 sed
3042 3269 3219 3362 ipsa
3268 3269 3630 3360 cognitio
3737 3208 3906 3256 ema·

2080 3388 2205 3457 est
2288 3383 2777 3476 simpliciter
2868 3381 3308 3475 perfectior
3386 3403 3624 3476 quam

2081 3501 2353 3574 forma
2446 3503 2731 3575 domus
2833 3504 3111 3584 extra,
3210 3500 3399 3593 quia
3502 3522 3627 3574 co-

2080 3619 2341 3713 gnitio
2401 3622 2524 3692 est
2597 3620 2956 3710 quaedam
3036 3617 3429 3712 perfectio
3494 3639 3631 3692 na—

2078 3735 2374 3811 turalis
2435 3735 2767 3817 animae;
2834 3735 3102 3807 forma
3166 3741 3438 3810 autem
3499 3736 3624 3808 do·

2078 3876 2254 3927 mus
2305 3855 2567 3935 extra,
2614 3854 2739 3926 vel
2781 3873 2940 3925 non
2984 3857 3110 3928 est
3163 3853 3435 3935 realiS,
3500 3853 3628 3924 vel

2075 3971 2145 4042 si
2230 3974 2401 4054 est,
2497 3971 2751 4044 multo
2848 3975 2972 4043 est
3060 3968 3622 4062 imperfectior

2074 4107 2312 4179 quam
2349 4086 2489 4158 illa
2529 4085 2913 4178 cognitio,
2966 4085 3093 4159 Sic
3145 4104 3344 4176 ergo
3402 4087 3623 4178 patet

2073 4204 2165 4276 ad
2202 4206 2802 4294 argumentum,
2841 4203 3028 4295 quia
3060 4203 3341 4276 domus
3384 4208 3623 4276 extra
3672 4168 3949 4294 Ἢιῖῗιῗῗ

2069 4319 2369 4393 dicitur
2399 4320 2576 4393 fieri
2611 4341 2656 4391 a
2687 4320 2925 4393 domo
2973 4320 3052 4392 in
3095 4323 3385 4402 mente,
3433 4319 3620 4411 quia
3677 4294 3946 4403 ‘easssshm‘’

2069 4436 2159 4511 fit
2219 4457 2264 4508 a
2323 4437 2786 4529 cognitione
2836 4437 3117 4509 domus
3179 4436 3259 4508 in
3322 4440 3611 4518 mente,

3647 4418 3969 4481 determinat,

3694 4482 3782 4530 sod
3820 4481 3913 4531 inf.

2070 4556 2458 4643 tanquam
2529 4571 2576 4623 a
2641 4551 3048 4643 principio
3107 4548 3465 4630 formali,
3537 4552 3615 4622 et
3648 4542 3971 4658 d·¹}3oev⁰¹t

2070 4669 2211 4740 illa
2287 4667 2647 4758 cognitio
2706 4668 2989 4738 domus
3049 4669 3170 4739 est
3234 4666 3617 4759 simplici·
3663 4669 3963 4735 quidreale·

2066 4787 2197 4856 ter
2264 4782 2708 4874 perfectior
2776 4782 3011 4854 domo
3081 4786 3363 4864 extra;
3438 4781 3616 4874 ipsa

2066 4902 2317 4974 etiam
2392 4901 2676 4974 doinus
2755 4901 2999 4984 intra,
3083 4921 3234 4994 pro
3315 4905 3615 4993 quanto

2072 5017 2512 5112 participat
2589 5039 2766 5090 esse
2834 5017 3356 5109 cognitioniS‚
3442 5036 3620 5108 per-

2067 5134 2365 5208 fectior
2395 5138 2519 5208 est
2552 5135 2820 5227 seipsa
2851 5139 3115 5209 extra.

2157 5254 2260 5325 Et
2333 5271 2517 5324 cum
2594 5251 2921 5335 dicitur,
3005 5252 3216 5343 quod
3286 5254 3416 5326 est
3482 5273 3626 5325 ens

2065 5365 2575 5450 diminutum,
2614 5371 2695 5440 et
2727 5367 3013 5440 domus
3046 5372 3284 5441 extra
3315 5373 3440 5441 est
3477 5388 3620 5440 ens

2070 5482 2313 5565 reale,
2355 5483 2560 5567 dico,
2609 5483 2816 5575 quod
2858 5481 3224 5574 cognitio
3271 5485 3447 5575 ejus
3489 5488 3617 5559 est

2064 5628 2207 5682 ens
2251 5610 2472 5684 reale
2513 5613 2589 5682 et
2647 5608 3090 5702 perfectius
3161 5630 3302 5683 ens
3380 5627 3622 5701 quam
