4287 6313
1725 440 1921 505 Dls'r.
1969 438 2073 501 Vll

544 617 715 705 stylo
764 611 1235 680 Ecclesiastico·
1262 620 1325 675 et
1371 603 1767 692 scripturali,
1810 621 1932 688 ego
1981 599 2073 665 in-

537 731 956 821 telligendam
1031 726 1241 813 magis
1307 742 1541 790 censeo
1609 731 1672 786 et
1738 716 2068 805 primariO,

536 850 745 937 ipsam
822 844 1159 913 materiam
1223 837 1620 909 Sacramenti
1680 834 2067 922 proximam,

535 986 770 1053 nempe
822 961 1193 1030 unctionem
1246 959 1310 1023 in
1362 956 1574 1043 figura
1635 951 1875 1033 crucis,
1922 949 2073 1037 quia

530 1092 664 1146 tam
696 1081 871 1145 Crux
942 1094 1137 1162 quam
1172 1071 1392 1139 unctio
1423 1069 1812 1137 athletarum
1848 1065 1911 1129 in
1947 1063 2070 1129 mi·

533 1195 738 1261 litiam
782 1203 954 1258 recte
1012 1188 1396 1277 designatur
1461 1206 1578 1273 per
1626 1182 2064 1270 siqnaculum,

532 1322 596 1377 et
670 1330 785 1396 per
862 1306 1123 1373 modum
1204 1302 1402 1370 unius
1479 1299 1776 1380 actionis„
1840 1318 2073 1383 nempe

535 1428 753 1495 unctio
784 1425 949 1492 facta
992 1423 1058 1488 in
1098 1422 1308 1507 figura
1351 1417 1615 1496 Crucis;
1662 1414 1832 1481 unde
1863 1434 2069 1480 canon

533 1545 943 1631 conjungens
999 1538 1321 1605 actionem
1372 1531 1673 1622 signandi
1716 1554 1862 1598 cum
1927 1552 2072 1597 ver-

534 1655 686 1721 bis:
731 1664 791 1719 et
844 1655 1186 1739 siqnantes
1253 1668 1356 1714 eos
1429 1646 1714 1711 dicimus
1768 1645 2072 1729 siyriacu-

536 1774 692 1851 lum,
784 1782 907 1836 etc.
1008 1788 1164 1855 ergo
1261 1763 1673 1851 signaculum
1761 1774 2069 1847 tanquam

531 1886 807 1953 verbum
876 1883 1254 1970 exprimens
1338 1878 1774 1966 signationem
1854 1886 2071 1941 exter-

531 2024 710 2083 nam,
745 2000 823 2067 ad
866 2001 1072 2087 ipsam
1115 1996 1553 2085 signationem
1605 1992 1830 2060 referri
1880 2013 2073 2078 opor-

529 2133 640 2200 tet,
702 2116 989 2204 alioquin
1049 2115 1255 2181 forma
1312 2113 1663 2178 verborum
1706 2129 1835 2174 non
1876 2107 2070 2174 deno-

529 2247 695 2302 taret
728 2232 1095 2311 materiam,
1140 2229 1312 2316 quod
1356 2241 1572 2295 tamen
1608 2225 1963 2312 requiritur
2008 2225 2073 2288 in

527 2346 1005 2425 Sacramentis;
1043 2346 1240 2424 Doni,
1277 2342 1539 2408 denotat
1576 2340 1876 2406 effectum
1912 2339 2071 2404 inte-

532 2468 797 2545 riorem,
843 2477 908 2530 et
964 2463 1263 2550 Spiritus
1308 2461 1545 2538 sancti,
1601 2457 1864 2523 denotat
1920 2476 2076 2523 cau-

531 2605 670 2652 sam
706 2579 1159 2669 principalem,
1194 2576 1299 2643 cui
1340 2576 1483 2641 haec
1514 2574 1797 2661 signatio
1842 2593 2073 2659 appro*

535 2699 809 2788 priatur.

625 2821 801 2883 Hanc
856 2814 1148 2883 eamdem
1220 2812 1492 2877 sormam
1551 2810 1619 2875 in
1679 2808 2075 2879 Bibliotheca

538 2934 849 3003 Photiana
936 2931 1225 2997 insinuat
1319 2931 1552 2994 Beatus
1647 2927 1944 2994 Asterius
2001 2930 2075 2994 in

530 3074 727 3120 serm.
793 3051 874 3116 de
927 3049 1075 3132 filio
1127 3046 1417 3135 prodiqo
1461 3071 1482 3110 .·
1542 3048 1697 3111 Eam
1764 3065 2074 3131 expresse

533 3171 728 3237 tradit
805 3165 1164 3235 Cardinalis
1232 3162 1575 3229 Bessarion
1655 3162 1721 3227 in
1799 3173 2072 3228 tractatu

529 3288 609 3354 de
638 3283 1071 3352 Eucharistioe
1120 3284 1538 3346 Sacramento
1577 3300 1591 3342 :
1638 3279 2071 3344 OEcumenica

534 3401 847 3488 Synodus
923 3397 1143 3475 verba,
1219 3417 1363 3483 quoe
1453 3417 1717 3461 sacrum
1784 3396 2071 3461 chrisma

524 3520 904 3607 perficiunt,
947 3516 1221 3581 tradens
1253 3514 1315 3578 in
1353 3517 1414 3580 7.
1451 3533 1595 3579 can.
1638 3512 1870 3600 inquit,
1907 3514 2072 3578 obsi-

526 3646 828 3724 (Jucmtes,
897 3635 1018 3698 hoc
1076 3644 1167 3697 cst
1233 3631 1650 3697 sanctissimo
1718 3631 2075 3696 chrismate

530 3772 636 3816 cos
692 3751 1147 3826 clirismantes,
1221 3746 1507 3811 dicimus
1579 3745 1845 3831 siqnum
1910 3745 2075 3810 doni

531 3867 828 3953 Spiritus
874 3866 1113 3942 sancti,
1159 3873 1220 3929 et
1259 3863 1395 3927 hoec
1452 3861 1649 3926 verba
1716 3861 2073 3926 secundum

533 4002 638 4046 cos
695 3983 814 4045 lioc
873 3981 1252 4045 chrismatis
1308 3980 1811 4044 Sacramentum
1861 3979 2070 4063 perli-

532 4101 736 4179 ciuut,
794 4113 916 4164 etc·
976 4101 1127 4164 Haec
1168 4098 1530 4163 Bessarion.
1577 4095 1884 4163 Eamdem
1938 4096 2070 4161 for-

534 4236 703 4281 mam
753 4214 946 4280 habet
1005 4233 1280 4279 censura
1329 4213 1628 4278 Jeremiae
1678 4212 2070 4278 Patriarchae

530 4328 1254 4415 Constantinopolitani,
1311 4350 1455 4415 cap.
1511 4333 1573 4394 3.
1630 4350 1821 4415 quam
1872 4328 2067 4394 inter-

531 4469 680 4535 pres
713 4447 779 4513 in
811 4444 1344 4511 annotationibus
1384 4442 1522 4508 suis
1564 4443 1718 4508 citat
1766 4464 1850 4508 ex
1888 4466 1943 4508 c.
2001 4448 2063 4511 7.

530 4561 1228 4650 Constantinopolitani
1283 4559 1503 4647 primi,
1566 4570 1629 4625 et
1694 4560 1943 4626 confert
2001 4572 2069 4626 ut

529 4701 992 4771 synonyma1n‚
1027 4699 1173 4746 cum
1211 4679 1414 4744 forma
1457 4677 1864 4743 Latinorum.

622 4797 931 4874 Quamvis
984 4816 1143 4883 ergo
1189 4794 1518 4861 denotatio
1575 4793 1746 4881 signi
1815 4795 2063 4873 CruciS,

532 4926 597 4983 et
654 4914 979 4981 unctionis
1038 4914 1102 4978 in
1163 4912 1373 5000 figura
1422 4911 1646 4976 Crucis
1703 4910 1784 4976 sit
1832 4909 1911 4975 de
1969 4931 2069 4976 es·

535 5032 741 5099 sentia
804 5030 1031 5096 formae
1088 5029 1284 5115 huJus
1344 5026 1765 5105 Sacramenti,
1841 5026 2069 5093 modus

534 5164 748 5215 tamen
790 5144 1196 5233 exprimendi
1229 5144 1531 5231 explicite
1582 5156 1952 5231 utrumque,
2007 5156 2070 5209 et

534 5267 831 5345 seorsim,
913 5284 1061 5352 quae
1127 5263 1293 5329 fiunt
1351 5280 1466 5347 per
1534 5259 1796 5325 modum
1877 5261 2069 5326 unius

532 5382 830 5461 actionis,
879 5401 1006 5446 non
1064 5391 1163 5445 est
1219 5377 1299 5443 de
1346 5376 1629 5443 essentia
1668 5378 1853 5463 ejus;
1899 5376 2071 5442 unde

532 5500 790 5570 videtur
838 5498 983 5564 haec
1029 5494 1423 5582 aequivalere
1463 5493 1568 5559 isti
1622 5494 1850 5559 formae
1899 5494 2072 5558 Grae-

534 5635 811 5682 corum:
886 5614 1217 5699 Consiyno
1276 5622 1335 5676 te
1390 5610 1743 5676 chrismate
1808 5610 2064 5686 salutis,

2084 483 2099 499 .
2149 434 2510 513 QUAESTIO
2540 433 2584 496 l.

3607 424 3729 487 695

2188 618 2301 663 seu
2385 595 2942 678 sanctificationis
3017 595 3092 659 in
3157 591 3430 658 noniine
3514 586 3743 653 Patris

2192 726 2251 778 et
2310 713 2478 777 Filii
2515 724 2576 776 ct
2636 713 2935 797 Spiritus
2972 710 3208 785 sancti,
3256 718 3379 773 etc.
3448 704 3551 771 vel
3610 703 3734 769 alia

2190 848 2622 915 quaecumque
2679 826 3105 913 oequivalcnS,
3181 824 3246 889 in
3316 842 3442 909 qua
3509 819 3737 906 expria

2195 945 2394 1010 mitur
2438 943 2708 1009 materia
2754 942 3080 1030 proxima,
3134 940 3403 1007 effectus
3445 949 3506 1003 et
3542 955 3735 1002 caus-

2189 1060 2594 1148 principalis.
3887 1129 3951 1181 69

2277 1189 2618 1254 Dubitatur
2666 1187 2858 1254 etiam
2898 1186 2983 1252 ‘an
3025 1184 3350 1252 invocatio
3399 1181 3738 1249 Trinitatis
3811 1256 3822 1267 ,
3879 1170 3968 1244 Au'
4015 1257 4025 1265 .

2187 1326 2497 1392 expressa
2584 1302 3012 1391 requiratur?
3079 1301 3446 1387 Respondet
3503 1302 3737 1365 Suarez
3789 1262 4060 1373 ὧῗῖἕιῖἓὲ

2188 1421 2250 1487 id
2302 1420 2568 1507 requiri,
2621 1420 2774 1507 quia
2824 1419 3143 1505 Theologi
3204 1437 3431 1482 omnes
3492 1428 3555 1480 et
3596 1414 3733 1480 Flo·
3807 1384 4028 1501 ,3ζὲῃάἐᾶ

2188 1536 2515 1602 rentinum
2549 1536 2856 1602 videntur
2896 1535 2958 1601 id
3008 1554 3376 1620 supponere
3426 1533 3488 1597 in
3534 1532 3739 1597 forma
3825 1510 4015 1563 formae.

2191 1653 2552 1740 praemissa‚
2598 1665 2663 1719 et
2701 1653 2924 1718 eadem
2964 1651 3392 1737 congruentia
3435 1660 3535 1714 est
3565 1648 3734 1714 sicut

2188 1769 2256 1835 in
2290 1770 2640 1855 BaptismO,
2700 1768 2762 1835 in
2797 1771 2986 1855 cujus
3019 1768 3227 1833 forma
3261 1766 3368 1832 illa
3406 1763 3736 1831 invocatio

2189 1883 2492 1971 explicita
2535 1883 2926 1972 requiritur;
2972 1880 3389 1955 Confirmatio
3430 1880 3602 1947 enim
3637 1889 3734 1945 est

2189 2001 2497 2088 perfectio
2540 1999 2851 2090 Baptismi
2898 1996 3255 2065 secundum
3309 2001 3555 2063 Patres,
3608 1999 3732 2061 Re—
3760 2001 4003 2075 {sufficere

2188 2117 2548 2205 spondetur
2594 2129 2811 2182 tamen
2880 2119 3101 2181 Patres
3165 2114 3350 2179 aliter
3406 2112 3583 2198 loqui
3658 2110 3737 2176 de
3760 2065 4077 2128 xmpucnam,

2190 2234 2397 2299 forma
2465 2230 2801 2319 Baptismi,
2881 2241 3196 2317 quantum
3273 2229 3352 2293 ad
3422 2225 3732 2293 invocati-

2188 2371 2378 2415 onem
2422 2348 2797 2436 explicitam
2834 2345 3195 2423 TrinitatiS,
3258 2343 3445 2411 aliter
3482 2343 3561 2409 de
3611 2342 3735 2409 hoc

2189 2469 2630 2542 sacramento,
2675 2464 2825 2549 quia
2883 2461 3058 2527 illam
3103 2460 3534 2527 necessariam
3593 2480 3735 2525 esse

2189 2582 2421 2647 docent
2453 2579 2566 2657 ibi,
2607 2600 2734 2644 non
2785 2579 2870 2645 ita
2916 2577 2983 2643 in
3023 2576 3394 2664 proposito:
3451 2573 3621 2641 unde
3662 2574 3730 2638 in

2189 2699 2395 2764 forma
2438 2695 2568 2774 illa,
2615 2715 2741 2781 qua
2782 2704 3051 2760 utuntur
3099 2691 3329 2773 Graeci,
3379 2711 3504 2755 non
3558 2689 3735 2756 inve·

2189 2814 2366 2880 nitur
2414 2812 2741 2898 explicita,
2791 2809 2903 2877 sed
2956 2809 3267 2897 implicita
3325 2819 3574 2874 tantum
3627 2807 3730 2871 in-

2187 2930 2464 2996 vocati0.

2276 3049 2517 3112 Verum
2573 3044 2836 3133 quidem
2879 3043 3082 3110 estin
3140 3042 3283 3120 hac,
3348 3061 3474 3128 qua
3525 3039 3728 3106 utitur
3868 3085 3961 3134 Est

2187 3164 2474 3229 Ecclesia
2525 3161 2772 3240 Latina,
2836 3160 3008 3225 illam
3070 3159 3544 3224 invocationem
3587 3178 3732 3223 esse
3774 3147 4062 3262 ‘ffgoeffiifflf

2189 3281 2633 3359 essentialem,
2686 3278 2836 3364 quia
2896 3276 3070 3343 nulla
3103 3287 3201 3341 est
3259 3275 3382 3342 alia
3416 3273 3732 3360 particula
3756 3272 4071 3325 Latinorum.

2189 3401 2443 3479 formae,
2479 3419 2629 3485 quae
2679 3397 2942 3463 denotat
2973 3416 3238 3461 causam
3273 3394 3721 3480 principalem,

2188 3530 2251 3582 et
2291 3518 2412 3581 hoc
2476 3533 2673 3580 sensu
2735 3511 3139 3598 intelligendi
3184 3522 3338 3576 sunt
3385 3509 3723 3596 Theologi.

2186 3632 2543 3700 Concilium
2574 3642 2789 3697 autem
2824 3626 3565 3706 Florentinumtradidit
3600 3629 3724 3693 for-

2190 3771 2385 3826 mam,
2423 3768 2572 3835 quae
2609 3757 2709 3813 est
2740 3746 2801 3811 in
2843 3767 2961 3812 usu
2993 3744 3224 3811 efficax
3255 3755 3321 3809 et
3358 3741 3720 3822 sufficienS‚

2189 3886 2317 3932 non
2370 3863 2683 3930 discernit
2721 3873 2937 3929 tamen
2984 3862 3152 3927 inter
3189 3860 3536 3947 particulas
3585 3859 3727 3945 ejus

2187 3980 2590 4059 essentiales,
2628 3981 2796 4047 sicut
2835 3979 2901 4045 in
2934 3979 3138 4044 forma
3181 3977 3532 4064 Baptismi;
3598 3998 3724 4042 non
3777 4001 3856 4050 De
3885 4001 4044 4051 forma

2185 4098 2508 4166 dubitavit
2556 4118 2713 4183 ergo
2763 4096 2842 4162 de
2883 4096 3093 4160 forma
3161 4095 3558 4171 Graecorum,
3616 4115 3723 4159 ne-
3751 4064 4045 4175 qffifffffffft‘

2186 4237 2312 4306 que
2345 4216 2515 4283 ullus
2544 4215 2711 4281 alius
2742 4213 2820 4279 de
2860 4235 2931 4280 ea
2981 4212 3326 4291 dubitavit,
3375 4212 3544 4279 sicut
3586 4214 3726 4299 qui·
3777 4187 4041 4239 dubitatio.

2186 4334 2333 4400 dam
2363 4325 2749 4398 dubitabant
2777 4332 2870 4429 de·
2889 4330 3095 4395 forma
3127 4329 3468 4417 Baptismi,
3515 4349 3728 4416 neque

2184 4449 2501 4515 dubitatio
2538 4448 2665 4514 ulla
2719 4447 2800 4513 de
2860 4450 2979 4513 hac
3021 4447 3228 4513 forma
3261 4446 3591 4533 proposita
3623 4459 3727 4512 est

2184 4563 2357 4632 inter
2445 4562 2844 4650 quaestiones
2912 4562 3154 4628 Graecis
3235 4561 3600 4649 propositas
3663 4562 3727 4627 in

2184 4680 2354 4746 dicto
2394 4679 2705 4759 Concilio,
2767 4679 3068 4766 quamvis
3107 4677 3472 4744 dubitatum
3532 4677 3731 4743 fuerit

2185 4795 2265 4862 de
2306 4795 2628 4873 ministr0,
2678 4806 2747 4860 ut
2802 4793 3048 4859 dictum
3101 4805 3203 4859 est
3267 4814 3504 4879 supra;
3569 4814 3727 4879 ergo

2184 4911 2578 4999 supponitur
2633 4908 2870 4989 valida,
2953 4931 3163 4995 neque
3231 4930 3515 4995 unquam
3567 4909 3725 4976 alias

2185 5028 2549 5094 dubitatum
2583 5038 2704 5106 est,
2751 5038 2821 5092 ut
2852 5037 3024 5112 patet
3045 5047 3126 5090 ex
3149 5038 3424 5112 utroque
3464 5026 3725 5113 Lugdu·

2185 5144 2395 5216 nensi,
2461 5142 2523 5207 in
2579 5142 2815 5228 quibus
2863 5141 3176 5228 agebatur
3226 5161 3419 5207 causa
3472 5143 3724 5208 Graeco-

2186 5281 2367 5336 rum;
2443 5259 2632 5324 modo
2690 5279 2848 5345 ergo
2906 5257 3309 5323 sufficienter
3356 5257 3716 5343 explicetur

2185 5397 2377 5442 causa
2419 5374 2819 5461 principalis,
2875 5375 3016 5440 sine
3047 5374 3457 5440 invocatione
3515 5373 3718 5459 expli-

2186 5493 2312 5559 cita
2371 5491 2568 5557 trium
2639 5511 3087 5577 personarum,
3161 5488 3271 5555 sed
3323 5483 3570 5556 tantum
3612 5510 3722 5554 ex-

2189 5608 2408 5698 plicita
2465 5608 2745 5695 Spiritus
2794 5607 3025 5688 sancti,
3069 5608 3170 5674 cui
3213 5607 3480 5673 effectus
3528 5607 3726 5694 hujus
3809 5579 3812 5582 Ἴ
