4287 6313
605 375 723 439 562

600 566 849 627 tionem
892 566 1342 645 generationis
1389 566 1685 639 carnalis»,
1739 582 1869 644 qua
1911 583 2148 644 pecca-

601 686 704 744 tor
749 684 1039 745 nascitur
1098 699 1177 744 ex
1222 682 1497 756 Adam0‚
1559 682 1955 745 describitur
2009 683 2154 762 ejus

597 803 1018 877 regeneratio
1077 801 1142 860 in
1198 799 1446 861 Christo
1496 815 1618 876 per
1665 816 1935 879 aquam;
1972 798 2155 861 unde

597 915 835 976 Paulus
901 932 1172 977 servans
1244 914 1547 977 eamdem
1593 918 2077 994 proprietatem
2140 934 2155 975 :

596 1036 736 1097 Non
754 1036 961 1110 prins,
995 1033 1229 1112 inquit,
1284 1036 1457 1111 quod
1501 1035 1844 1111 spirituale
1897 1042 2001 1109 est,
2049 1038 2162 1096 sed

599 1151 774 1227 quod
799 1151 1088 1212 animale
1118 1158 1231 1213 est.

396 1322 447 1371 2.
683 1284 993 1362 Congrue
1025 1300 1183 1362 ergo
1216 1286 1385 1345 sicut
1412 1285 1478 1344 in
1510 1285 1758 1346 caeteris
1788 1283 2159 1362 Baptismus

254 1384 578 1499 ,3⁶53ss
605 1399 937 1460 institutus
967 1404 1089 1468 est,
1122 1404 1195 1460 ut
1224 1404 1444 1461 servet
1472 1416 1590 1461 suo
1622 1398 1822 1462 modo
1854 1403 2156 1477 proprie·

250 1508 562 1626 ἱῑέῃῦἰιξέἓῑοὶ
615 1520 813 1576 tatem
843 1516 1286 1589 generationis
1322 1516 1388 1575 in
1440 1516 1605 1589 aliiS,
1645 1519 1735 1576 ita
1780 1520 1847 1577 et
1894 1519 1960 1576 in
2008 1515 2156 1589 hoc,

358 1640 462 1692 nis.
614 1635 689 1691 ut
758 1632 841 1692 sit
911 1648 948 1691 a
1017 1631 1311 1692 ministro
1384 1630 1730 1692 differente
1784 1648 1820 1691 a
1874 1646 2156 1707 persona

610 1751 951 1826 baptizata,
1016 1754 1330 1828 tanquam
1387 1766 1421 1810 a
1481 1765 1676 1810 causa
1725 1750 2161 1826 proxima;in

606 1866 808 1927 rebus
856 1871 1079 1926 autem
1129 1880 1312 1926 mere
1342 1864 1972 1942 supernaturalibus,
2009 1878 2159 1942 quae

606 1981 1057 2060 dependenta
1099 1981 1440 2042 voluntate
1498 1980 1639 2051 Dei,
1701 1994 1833 2041 non
1882 1985 1979 2042 est
2035 1978 2159 2039 alia

602 2097 789 2171 rati0,
824 2097 945 2158 nisi
978 2099 1070 2159 sic
1115 2095 1283 2168 vole,
1327 2097 1419 2157 sic
1456 2095 1689 2171 jubeo,
1739 2092 1871 2154 Sed
1918 2109 2000 2154 ex
2046 2106 2160 2153 na-

603 2220 745 2275 tura
791 2214 888 2274 rei
928 2211 1115 2274 factae
1162 2215 1381 2288 potest
1425 2211 1641 2288 colligi
1683 2225 1977 2288 congrua
2010 2209 2159 2287 ejus

602 2333 790 2402 ratic,
837 2329 1101 2407 qualem
1131 2327 1422 2405 appellat
1452 2328 1692 2389 Doctor
1711 2327 2148 2402 praemissam,

601 2450 668 2510 in
734 2447 947 2525 capite
1021 2448 1216 2519 citato
1291 2461 1327 2505 a
1402 2441 1705 2504 Pontifice
1770 2442 2151 2516 adductam,

603 2564 791 2643 cujus
864 2560 1153 2624 efficacia
1224 2558 1561 2621 reducitur
1629 2558 1714 2621 ad
1768 2556 2019 2620 factum
2091 2565 2156 2620 et

601 2680 1102 2753 institutionem,
1181 2681 1335 2756 quia
1407 2675 1746 2753 baptizans
1820 2673 2021 2736 debet
2089 2674 2157 2734 in

600 2811 886 2873 persona
929 2793 1160 2856 Christi
1206 2797 1272 2853 et
1313 2791 1638 2864 Ecclesiae,
1693 2806 1974 2868 quorum
2030 2791 2152 2851 mi-

504 2919 510 2926 ’
598 2913 806 2974 nister
835 2918 955 2983 est,
989 2917 1056 2973 et
1086 2888 1519 2971 intentionem
1549 2913 1792 2980 servat,
1836 2908 2157 2969 ministra-

598 3042 672 3088 re
729 3027 1126 3104 Baptismum
1189 3040 1312 3086 seu
1358 3023 1689 3084 lavacrum
1745 3021 2155 3100 regenerati-

261 3168 571 3234 Baptizatm
597 3143 762 3206 onis.
815 3142 948 3204 Hoc
990 3145 1215 3203 autem
1258 3156 1392 3202 non
1437 3143 1657 3218 potest
1692 3135 1863 3200 filius
1891 3137 2150 3213 Adami,

248 3230 567 3345 nonnffttuffi-
599 3267 666 3323 et
716 3263 1011 3320 remotus
1071 3258 1461 3336 inquantum
1509 3259 1652 3333 ipse
1709 3254 1983 3331 suscipit
2040 3252 2153 3315 Sa-

302 3356 518 3412 christi.
598 3380 1003 3439 crementum
1041 3372 1587 3454 regenerationiS,
1631 3374 1706 3431 ut
1754 3386 1833 3432 eo
1876 3369 2150 3447 conjun-

594 3498 790 3573 gatur
843 3491 1093 3555 Christo
1155 3495 1222 3551 et
1274 3488 1578 3550 Ecclesiae
1624 3502 1745 3563 per
1782 3501 2149 3564 regenera-

595 3603 865 3683 tionem,
949 3607 1102 3686 quia
1178 3605 1616 3682 repraesentat
1693 3601 2011 3662 Adamum
2083 3605 2151 3662 et

592 3731 924 3788 mortuum
965 3722 1092 3784 vita
1151 3718 1491 3799 spirituali,
1567 3719 1719 3795 quia
1774 3718 1868 3778 sic
1927 3715 2148 3777 consi-

591 3840 885 3913 deratur,
940 3845 1015 3901 ut
1061 3836 1279 3898 adhuc
1334 3824 1705 3897 membrum
1745 3831 1978 3894 Adami
2024 3846 2147 3909 per

590 3961 962 4035 peccatum,
1013 3958 1081 4015 et
1130 3967 1258 4030 qua
1302 3950 1647 4030 subjectus
1695 3952 1798 4009 est
1842 3947 2038 4009 morti
2067 3963 2143 4008 ac

590 4072 1034 4146 damnationi;
1070 4086 1228 4149 ergo
1260 4067 1531 4130 initiatio
1566 4068 1709 4145 ejus
1749 4069 1816 4125 et
1843 4062 2139 4126 reductio

587 4188 672 4251 ad
701 4190 923 4260 vitam,
957 4185 1164 4249 debet
1189 4182 1328 4245 fieri
1359 4181 1729 4260 per-alium,
1782 4179 1891 4258 qui
1941 4179 2142 4240 susti-

585 4311 704 4368 net
731 4306 1166 4368 intentionem
1198 4306 1263 4364 et
1293 4299 1747 4362 auctoritatem
1797 4296 2031 4360 Christi
2075 4301 2143 4357 et

586 4426 922 4499 Ecclesiae,
973 4439 1129 4485 nam
1166 4422 1233 4482 in
1264 4417 1502 4497 politiis
1548 4414 1875 4485 humanis,
1920 4412 2138 4475 nullus

589 4542 748 4606 civis
779 4541 1055 4602 civitatis
1096 4535 1410 4608 adversae,
1457 4550 1541 4597 ex
1586 4550 1705 4595 sua
1753 4530 2137 4593 auctoritate

584 4657 962 4721 inscribitur
1013 4655 1080 4715 in
1144 4654 1473 4714 civitatem
1532 4648 1748 4719 aliam,
1820 4647 1942 4708 sed
2011 4642 2136 4706 hoc

240 4789 529 4843 similitudo
587 4776 793 4837 debet
832 4771 973 4835 fieri
1031 4786 1149 4849 per
1206 4767 1499 4830 membra
1570 4765 1776 4843 ipsius
1835 4762 2134 4832 civitatis,

275 4854 528 4920 opposita.
589 4890 777 4969 cujus
844 4887 1049 4948 ambit
1111 4879 1753 4958 incorporationem;
1818 4877 1962 4939 talis
2038 4879 2139 4937 est

586 5007 807 5067 civitas
865 5005 981 5065 Dei
1040 5016 1191 5080 quae
1251 5002 1352 5061 est
1412 4995 1723 5069 Ecclesia,
1788 4997 1855 5055 et
1913 4994 2136 5054 civitas

586 5120 828 5184 diaboli
884 5118 989 5179 cui
1042 5114 1417 5179 inscribitur
1469 5113 1665 5176 homo
1719 5126 1841 5188 per
1895 5125 2131 5188 pecca-

585 5242 769 5308 tum;
831 5251 988 5315 ergo
1037 5236 1160 5295 rite
1219 5232 1446 5295 debuit
1502 5227 1749 5291 servari
1804 5227 1938 5288 haec
1986 5241 2135 5303 pro·

582 5357 824 5436 portic.

357 5484 404 5534 3.
665 5474 822 5535 Hinc
895 5485 1051 5548 ergo
1122 5473 1304 5530 recte
1361 5464 1680 5544 sequitur,
1739 5460 2135 5536 baptizatum

577 5608 715 5656 non
759 5604 960 5668 posse
1001 5586 1329 5650 sustinere
1378 5597 1734 5663 personam
1789 5575 2024 5643 Christi
2064 5577 2135 5638 in

1767 379 1913 441 ΜΒ.
1957 378 2059 439 1v.
2105 377 2705 444 SENTENTIARUM

2262 566 2555 632 favorem
2586 571 2925 647 proprium
2955 568 3177 649 quoad
3206 571 3633 649 propositum,
3666 573 3818 650 quia

2265 687 2522 751 accedit
2550 685 2634 748 ad
2669 689 3182 756 Sacramentum,
3231 693 3305 749 ut
3352 688 3818 750 inscribendus

2267 805 2633 866 membrum
2678 804 2910 865 Christi
2980 808 3049 865 et
3114 804 3439 878 Ecclesiae,
3491 821 3529 865 a
3576 805 3817 881 quibus

2268 923 2369 980 est
2406 927 2767 995 separatus.
2822 919 3052 996 Neque
3098 916 3302 982 refert
3356 923 3410 981 si
3449 919 3816 981 inscribens
3934 994 3944 1003 .
3991 993 4004 1004 .

2269 1034 2568 1096 minister
2615 1034 2699 1094 sit
2745 1035 3115 1096 membrum
3161 1041 3541 1111 separatum
3591 1050 3815 1111 perso-
3876 995 4132 1122 {322²AE

2268 1147 2524 1222 naliter,
2570 1150 2677 1211 vel
2733 1149 3056 1228 Paganus,
3128 1150 3234 1212 vel
3300 1150 3585 1224 Judaeus,
3662 1152 3814 1229 quia
3853 1120 4148 1246 pgssffi

2266 1266 2422 1328 licet
2490 1282 2623 1327 non
2688 1265 2771 1327 sit
2825 1265 3200 1329 membrum
3267 1268 3487 1328 vivum
3557 1264 3814 1338 Christi,
3873 1244 4097 1297 Ch‘mi·

2271 1381 2490 1462 quoad
2543 1381 2738 1442 fidem
2801 1387 2867 1443 et
2910 1383 3380 1454 characterem,
3442 1389 3543 1445 est
3602 1389 3819 1446 tamen

2270 1500 2636 1560 membrum
2710 1499 2878 1577 eJuS,
2952 1498 3174 1578 quoad
3247 1501 3707 1563 auctoritatem
3762 1507 3827 1562 et

2267 1617 2728 1690 intentionem,
2762 1621 2837 1677 ut
2866 1623 2967 1679 est
2995 1617 3320 1679 minister.

2350 1735 2485 1795 Huc
2517 1737 2716 1795 etiam
2761 1733 2973 1796 tendit
2999 1736 3158 1797 ratio
3201 1738 3275 1796 D.
3325 1729 3858 1807 Bonaventurae,

2271 1855 2422 1929 quia
2478 1850 2658 1913 idem
2716 1868 2848 1912 non
2908 1857 3130 1930 potest
3185 1868 3331 1914 esse
3386 1850 3714 1914 mundans
3760 1857 3827 1913 et

2270 1964 2648 2028 mundatus.
2704 1967 2962 2029 Alensis
3018 1970 3295 2029 recurrit
3339 1967 3424 2029 ad
3480 1969 3824 2030 veritatem

2267 2079 2512 2155 formae,
2567 2098 2716 2161 quae
2778 2082 3087 2163 designat
3136 2084 3628 2146 distinctionem
3667 2101 3816 2162 per-

2268 2216 2602 2261 sonarum.
2660 2200 2910 2262 Veritas
2980 2201 3419 2264 conclusionis
3493 2201 3575 2262 de
3644 2199 3820 2265 facili

2271 2322 2621 2386 deducitur
2651 2340 2734 2386 ex
2784 2324 2921 2385 aliis
2971 2324 3254 2387 decretis
3303 2324 3642 2398 Ecclesiae;
3696 2324 3816 2387 sed

2267 2437 2428 2499 illud
2473 2437 2680 2498 solum
2745 2437 3015 2500 adducit
3075 2441 3340 2514 Doctor,
3402 2440 3554 2518 quia
3627 2456 3817 2503 casus

2265 2557 2334 2615 in
2389 2556 2614 2633 specie
2659 2556 3051 2633 practicatus
3119 2563 3220 2619 est
3283 2574 3319 2619 a
3392 2557 3637 2633 Judaeo,
3707 2561 3818 2636 qui

2266 2673 2559 2751 seipsum
2611 2675 2958 2753 baptizavit
3008 2678 3178 2738 inter
3219 2674 3477 2739 Judaeos
3527 2676 3816 2738 existens

2264 2789 2333 2849 in
2396 2787 2664 2853 defectu
2733 2792 3002 2854 alterius
3071 2792 3370 2865 ministri,
3445 2796 3547 2855 cui
3617 2786 3819 2855 fidem

2266 2905 2672 2969 sacramenti
2730 2905 3079 2985 profuisse,
3142 2906 3336 2971 docet
3381 2907 3702 2981 Pontifex,
3747 2905 3817 2968 id

2266 3025 2385 3095 est,
2418 3038 2539 3100 per
2569 3022 2953 3085 charitatem
2986 3032 3393 3102 operantem,
3425 3042 3561 3087 non
3601 3026 3816 3103 ipsum

2263 3138 2762 3202 Sacramentum
2792 3139 2973 3219 quod
3003 3139 3255 3203 nullum
3295 3138 3440 3203 fuit.

2708 3422 3165 3506 QUAESTIO
3261 3422 3351 3491 V.

2249 3680 2500 3745 Utrum
2555 3681 2623 3745 in
2673 3679 3060 3767 baptizante
3097 3683 3488 3769 requiratur
3527 3649 3813 3749 intentio

2812 3797 3267 3884 baptizandi?

2255 4042 2465 4099 Alensis
2491 4045 2545 4099 4.
2571 4061 2631 4114 p.
2661 4060 2713 4113 q.
2749 4045 2837 4102 13.
2869 4060 2944 4101 m.
2980 4046 3031 4101 1.
3055 4059 3159 4114 per
3192 4050 3304 4100 tres
3334 4051 3448 4100 art.
3483 4048 3549 4102 D.
3585 4047 3797 4101 Bonav.

2325 4117 2415 4169 hic
2458 4118 2509 4169 2.
2553 4131 2608 4183 p.
2658 4132 2712 4173 a.
2763 4118 2813 4171 2.
2861 4132 2912 4184 q.
2967 4117 3016 4170 1.
3067 4121 3117 4170 et
3165 4120 3215 4171 ⁴2.
3268 4116 3424 4172 Rich.
3473 4130 3530 4172 a.
3574 4117 3625 4173 1.
3669 4133 3721 4185 q.
3755 4119 3805 4172 2.

2327 4188 2390 4242 D.
2417 4185 2606 4243 Thom.
2637 4204 2690 4256 q.
2726 4190 2776 4243 1.
2809 4203 2864 4244 a.
2903 4190 2958 4243 2.
2991 4192 3039 4241 ot
3067 4188 3123 4243 3.
3155 4201 3223 4253 p.
3255 4202 3306 4255 q.
3337 4187 3427 4244 64.
3460 4204 3514 4244 a.
3545 4188 3601 4244 8.
3636 4188 3800 4243 Suar.

2323 4260 2460 4314 ibid.
2509 4256 2598 4314 13.
2629 4278 2674 4314 s·
2706 4262 2761 4314 2.
2786 4264 2834 4314 et
2866 4260 2920 4316 3.

2342 4500 2579 4575 Circa
2611 4501 2951 4575 tertium
3003 4500 3477 4592 principale,
3525 4522 3797 4594 quaero
3963 4552 4019 4608 ¹·

2249 4619 2403 4690 duo
2446 4645 2461 4688 z
2510 4618 2813 4702 Prim0,
2889 4622 3166 4692 utrum
3218 4619 3300 4691 in
3337 4620 3799 4712 baptizante
3830 4614 4067 4683 Argum·
4104 4619 4156 4669 ¹·

2252 4736 2726 4829 requiratur
2824 4736 3169 4810 intentio
3261 4736 3797 4829 baptizandi?

2251 4852 2636 4935 Secundo,
2745 4873 2849 4925 an
2956 4853 3428 4946 requiratur
3533 4854 3614 4926 in
3706 4875 3800 4927 eo

2250 4970 2596 5044 actualis
2673 4969 3017 5043 intentio
3081 4970 3608 5063 baptizandi?
3689 4971 3802 5044 Ad

2250 5085 2608 5179 primum
2667 5085 3052 5176 arguitur
3093 5087 3299 5179 quod
3358 5107 3543 5169 non,
3612 5087 3801 5180 quia

2245 5222 2407 5276 non
2439 5202 2731 5276 habens
2764 5203 2994 5275 fidem
3032 5205 3305 5296 potest
3353 5203 3797 5297 baptizare,

2248 5327 2473 5415 patet
2523 5322 2675 5394 hoc
2716 5323 2808 5395 de
2859 5322 3216 5414 PaganO,
3282 5323 3373 5393 de
3431 5335 3794 5395 consecrat.

2245 5441 2403 5506 dist.
2471 5439 2535 5507 4.
2607 5442 2943 5507 Romanus
2972 5468 2996 5523 ,·
3067 5438 3200 5511 sed
3266 5458 3428 5510 non
3496 5437 3797 5511 habens

2244 5558 2479 5633 fidem
2538 5579 2700 5631 non
2730 5557 2969 5632 habet
3003 5556 3564 5644 intentionem,
3611 5558 3803 5651 quia
