<?xml version="1.0" encoding="UTF-8"?>
<!DOCTYPE html PUBLIC "-//W3C//DTD XHTML 1.0 Transitional//EN"
    "http://www.w3.org/TR/xhtml1/DTD/xhtml1-transitional.dtd">
<html xmlns="http://www.w3.org/1999/xhtml" xml:lang="en" lang="en">
 <head>
  <title>
</title>
<meta http-equiv="Content-Type" content="text/html;charset=utf-8" />
  <meta name='ocr-system' content='tesseract 3.04.00' />
  <meta name='ocr-capabilities' content='ocr_page ocr_carea ocr_par ocr_line ocrx_word'/>
</head>
<body>
  <div class='ocr_page' id='page_1' title='image "./joannisdunsscot01waddgoog_0402.png"; bbox 0 0 4287 6313; ppageno 0'>
   <div class='ocr_carea' id='block_1_1' title="bbox 544 383 663 448">
    <p class='ocr_par' dir='ltr' id='par_1_1' title="bbox 544 383 663 448">
     <span class='ocr_line' id='line_1_1' title="bbox 544 383 663 448; baseline 0.025 -3"><span class='ocrx_word' id='word_1_1' title='bbox 544 383 663 448; x_wconf 80' lang='lat'><strong>386</strong></span> 
     </span>
    </p>
   </div>
   <div class='ocr_carea' id='block_1_2' title="bbox 556 548 2114 1566">
    <p class='ocr_par' dir='ltr' id='par_1_2' title="bbox 556 548 2114 1566">
     <span class='ocr_line' id='line_1_2' title="bbox 556 548 2102 631; baseline 0.003 -14"><span class='ocrx_word' id='word_1_2' title='bbox 556 565 718 618; x_wconf 91' lang='lat' dir='ltr'><strong>non</strong></span> <span class='ocrx_word' id='word_1_3' title='bbox 768 548 1224 631; x_wconf 84' lang='lat' dir='ltr'><strong>crediderit,</strong></span> <span class='ocrx_word' id='word_1_4' title='bbox 1268 570 1413 622; x_wconf 91' lang='lat' dir='ltr'><strong>nec</strong></span> <span class='ocrx_word' id='word_1_5' title='bbox 1473 554 1686 631; x_wconf 80' lang='lat' dir='ltr'><strong>actu,</strong></span> <span class='ocrx_word' id='word_1_6' title='bbox 1758 571 1902 624; x_wconf 91' lang='lat' dir='ltr'><strong>nec</strong></span> <span class='ocrx_word' id='word_1_7' title='bbox 1971 550 2102 622; x_wconf 82' lang='lat' dir='ltr'><strong>ha-</strong></span> 
     </span>
     <span class='ocr_line' id='line_1_3' title="bbox 559 661 2103 758; baseline 0.003 -26"><span class='ocrx_word' id='word_1_8' title='bbox 559 661 756 745; x_wconf 83' lang='lat' dir='ltr'><strong>bitu,</strong></span> <span class='ocrx_word' id='word_1_9' title='bbox 829 667 1535 749; x_wconf 78' lang='lat' dir='ltr'><strong>condemnabitu1·,-</strong></span> <span class='ocrx_word' id='word_1_10' title='bbox 1586 667 1772 758; x_wconf 83' lang='lat' dir='ltr'><strong>quia</strong></span> <span class='ocrx_word' id='word_1_11' title='bbox 1824 688 2103 740; x_wconf 89' lang='lat' dir='ltr'><strong>secun-</strong></span> 
     </span>
     <span class='ocr_line' id='line_1_4' title="bbox 559 779 2107 873; baseline 0.001 -24"><span class='ocrx_word' id='word_1_12' title='bbox 559 779 746 850; x_wconf 89' lang='lat' dir='ltr'><strong>dum</strong></span> <span class='ocrx_word' id='word_1_13' title='bbox 793 782 1276 873; x_wconf 81' lang='lat' dir='ltr'>Apostolum</span> <span class='ocrx_word' id='word_1_14' title='bbox 1322 785 1562 856; x_wconf 88' lang='lat' dir='ltr'><strong>Hebr.</strong></span> <span class='ocrx_word' id='word_1_15' title='bbox 1616 787 1725 855; x_wconf 91' lang='lat'><strong>11.</strong></span> <span class='ocrx_word' id='word_1_16' title='bbox 1773 787 1936 852; x_wconf 82' lang='lat' dir='ltr'><strong>Sine</strong></span> <span class='ocrx_word' id='word_1_17' title='bbox 1973 787 2107 868; x_wconf 76' lang='lat' dir='ltr'><strong>ficte</strong></span> 
     </span>
     <span class='ocr_line' id='line_1_5' title="bbox 564 899 2107 988; baseline 0.005 -27"><span class='ocrx_word' id='word_1_18' title='bbox 564 899 968 984; x_wconf 78' lang='lat' dir='ltr'><strong>impossibile</strong></span> <span class='ocrx_word' id='word_1_19' title='bbox 999 913 1090 966; x_wconf 89' lang='lat' dir='ltr'><strong>est</strong></span> <span class='ocrx_word' id='word_1_20' title='bbox 1117 903 1382 988; x_wconf 84' lang='lat' dir='ltr'><strong>plaeere</strong></span> <span class='ocrx_word' id='word_1_21' title='bbox 1423 905 1579 982; x_wconf 84' lang='lat' dir='ltr'><strong>Dec,</strong></span> <span class='ocrx_word' id='word_1_22' title='bbox 1615 905 1882 970; x_wconf 85' lang='lat' dir='ltr'><strong>credere</strong></span> <span class='ocrx_word' id='word_1_23' title='bbox 1930 905 2107 970; x_wconf 80' lang='lat' dir='ltr'><strong>enim</strong></span> 
     </span>
     <span class='ocr_line' id='line_1_6' title="bbox 564 1018 2109 1100; baseline 0.008 -22"><span class='ocrx_word' id='word_1_24' title='bbox 564 1025 819 1100; x_wconf 77' lang='lat' dir='ltr'><em>oportet</em></span> <span class='ocrx_word' id='word_1_25' title='bbox 875 1018 1289 1084; x_wconf 80' lang='lat' dir='ltr'><em>accedentem</em></span> <span class='ocrx_word' id='word_1_26' title='bbox 1338 1019 1429 1084; x_wconf 86' lang='lat' dir='ltr'><strong>ad</strong></span> <span class='ocrx_word' id='word_1_27' title='bbox 1490 1023 1715 1086; x_wconf 82' lang='lat' dir='ltr'><strong>Deum.</strong></span> <span class='ocrx_word' id='word_1_28' title='bbox 1776 1019 2109 1090; x_wconf 78' lang='lat' dir='ltr'><strong>Parvuli</strong></span> 
     </span>
     <span class='ocr_line' id='line_1_7' title="bbox 568 1132 2110 1227; baseline 0.006 -28"><span class='ocrx_word' id='word_1_29' title='bbox 568 1132 863 1212; x_wconf 82' lang='lat' dir='ltr'><strong>autem,</strong></span> <span class='ocrx_word' id='word_1_30' title='bbox 926 1132 1081 1204; x_wconf 89' lang='lat' dir='ltr'><strong>etsi</strong></span> <span class='ocrx_word' id='word_1_31' title='bbox 1159 1153 1320 1204; x_wconf 88' lang='lat' dir='ltr'><strong>non</strong></span> <span class='ocrx_word' id='word_1_32' title='bbox 1400 1142 1739 1227; x_wconf 75' lang='lat' dir='ltr'><strong>possunt</strong></span> <span class='ocrx_word' id='word_1_33' title='bbox 1815 1135 2110 1208; x_wconf 83' lang='lat' dir='ltr'><strong>habere</strong></span> 
     </span>
     <span class='ocr_line' id='line_1_8' title="bbox 567 1249 2112 1342; baseline 0.004 -26"><span class='ocrx_word' id='word_1_34' title='bbox 567 1250 838 1318; x_wconf 86' lang='lat' dir='ltr'><strong>actum</strong></span> <span class='ocrx_word' id='word_1_35' title='bbox 929 1249 1321 1331; x_wconf 82' lang='lat' dir='ltr'><strong>credendi,</strong></span> <span class='ocrx_word' id='word_1_36' title='bbox 1416 1257 1751 1342; x_wconf 84' lang='lat' dir='ltr'><strong>possunt</strong></span> <span class='ocrx_word' id='word_1_37' title='bbox 1839 1256 2112 1324; x_wconf 86' lang='lat' dir='ltr'><strong>tamen</strong></span> 
     </span>
     <span class='ocr_line' id='line_1_9' title="bbox 566 1358 2114 1459; baseline 0.007 -30"><span class='ocrx_word' id='word_1_38' title='bbox 566 1358 862 1435; x_wconf 85' lang='lat' dir='ltr'><strong>habere</strong></span> <span class='ocrx_word' id='word_1_39' title='bbox 930 1362 1322 1447; x_wconf 84' lang='lat' dir='ltr'><strong>habitum,</strong></span> <span class='ocrx_word' id='word_1_40' title='bbox 1419 1370 1503 1438; x_wconf 84' lang='lat' dir='ltr'><strong>ut</strong></span> <span class='ocrx_word' id='word_1_41' title='bbox 1574 1367 1649 1438; x_wconf 90' lang='lat' dir='ltr'><strong>in</strong></span> <span class='ocrx_word' id='word_1_42' title='bbox 1748 1368 2114 1459; x_wconf 82' lang='lat' dir='ltr'><strong>sequenti</strong></span> 
     </span>
     <span class='ocr_line' id='line_1_10' title="bbox 568 1478 2109 1566; baseline 0.004 -21"><span class='ocrx_word' id='word_1_43' title='bbox 568 1478 1014 1566; x_wconf 72' lang='lat' dir='ltr'><strong>quaestione</strong></span> <span class='ocrx_word' id='word_1_44' title='bbox 1055 1480 1393 1564; x_wconf 83' lang='lat' dir='ltr'><strong>dicetur,</strong></span> <span class='ocrx_word' id='word_1_45' title='bbox 1443 1482 1612 1554; x_wconf 87' lang='lat' dir='ltr'><strong>ideo</strong></span> <span class='ocrx_word' id='word_1_46' title='bbox 1656 1502 1816 1553; x_wconf 87' lang='lat' dir='ltr'><strong>non</strong></span> <span class='ocrx_word' id='word_1_47' title='bbox 1867 1483 2109 1556; x_wconf 81' lang='lat' dir='ltr'><strong>valet.</strong></span> 
     </span>
    </p>
   </div>
   <div class='ocr_carea' id='block_1_3' title="bbox 1008 1726 1645 1791">
    <p class='ocr_par' dir='ltr' id='par_1_3' title="bbox 1008 1726 1645 1791">
     <span class='ocr_line' id='line_1_11' title="bbox 1008 1726 1645 1791; baseline -0.003 -2"><span class='ocrx_word' id='word_1_48' title='bbox 1008 1726 1645 1791; x_wconf 81' lang='lat' dir='ltr'><strong>COMMENTARIUS.</strong></span> 
     </span>
    </p>
   </div>
   <div class='ocr_carea' id='block_1_4' title="bbox 232 1948 2128 3652">
    <p class='ocr_par' dir='ltr' id='par_1_4' title="bbox 232 1948 2128 3652">
     <span class='ocr_line' id='line_1_12' title="bbox 650 1948 2121 2032; baseline 0.003 -22"><span class='ocrx_word' id='word_1_49' title='bbox 650 1948 737 2032; x_wconf 89' lang='lat' dir='ltr'><strong>(c)</strong></span> <span class='ocrx_word' id='word_1_50' title='bbox 786 1950 984 2012; x_wconf 85' lang='lat' dir='ltr'><strong>Teneo</strong></span> <span class='ocrx_word' id='word_1_51' title='bbox 1026 1968 1179 2028; x_wconf 71' lang='lat' dir='ltr'><strong>erqo</strong></span> <span class='ocrx_word' id='word_1_52' title='bbox 1211 1954 1593 2028; x_wconf 86' lang='lat' dir='ltr'><strong>oppositum,</strong></span> <span class='ocrx_word' id='word_1_53' title='bbox 1640 1957 1765 2013; x_wconf 92' lang='lat' dir='ltr'><strong>etc.</strong></span> <span class='ocrx_word' id='word_1_54' title='bbox 1814 1953 1925 2013; x_wconf 84' lang='lat' dir='ltr'><strong>llic</strong></span> <span class='ocrx_word' id='word_1_55' title='bbox 1958 1952 2121 2014; x_wconf 87' lang='lat' dir='ltr'><strong>duas</strong></span> 
     </span>
     <span class='ocr_line' id='line_1_13' title="bbox 576 2066 2124 2143; baseline 0.001 -18"><span class='ocrx_word' id='word_1_56' title='bbox 576 2066 1031 2129; x_wconf 81' lang='lat' dir='ltr'>conclusiones</span> <span class='ocrx_word' id='word_1_57' title='bbox 1100 2067 1435 2143; x_wconf 79' lang='lat' dir='ltr'><strong>oppositas</strong></span> <span class='ocrx_word' id='word_1_58' title='bbox 1505 2066 1724 2127; x_wconf 90' lang='lat' dir='ltr'><strong>eidem</strong></span> <span class='ocrx_word' id='word_1_59' title='bbox 1794 2069 2124 2129; x_wconf 88' lang='lat' dir='ltr'><strong>erroribus</strong></span> 
     </span>
     <span class='ocr_line' id='line_1_14' title="bbox 578 2180 2119 2259; baseline 0.001 -15"><span class='ocrx_word' id='word_1_60' title='bbox 578 2180 1398 2259; x_wconf 76' lang='lat' dir='ltr'><strong>breviter-comprehendit</strong></span> <span class='ocrx_word' id='word_1_61' title='bbox 1426 2182 1682 2245; x_wconf 86' lang='lat' dir='ltr'><strong>Doctor.</strong></span> <span class='ocrx_word' id='word_1_62' title='bbox 1732 2182 1934 2244; x_wconf 87' lang='lat' dir='ltr'><strong>Prima</strong></span> <span class='ocrx_word' id='word_1_63' title='bbox 1972 2189 2071 2245; x_wconf 90' lang='lat' dir='ltr'><strong>est</strong></span> <span class='ocrx_word' id='word_1_64' title='bbox 2104 2205 2119 2246; x_wconf 78' lang='grc' dir='ltr'><strong><em>ε</em></strong></span> 
     </span>
     <span class='ocr_line' id='line_1_15' title="bbox 574 2271 2126 2375; baseline 0.003 -17"><span class='ocrx_word' id='word_1_65' title='bbox 574 2271 912 2375; x_wconf 84' lang='lat' dir='ltr'><strong>peccatum</strong></span> <span class='ocrx_word' id='word_1_66' title='bbox 938 2297 1259 2373; x_wconf 72' lang='lat' dir='ltr'><strong>oriqinale</strong></span> <span class='ocrx_word' id='word_1_67' title='bbox 1288 2314 1419 2358; x_wconf 90' lang='lat' dir='ltr'><strong>esse</strong></span> <span class='ocrx_word' id='word_1_68' title='bbox 1446 2299 1513 2357; x_wconf 85' lang='lat' dir='ltr'><strong>in</strong></span> <span class='ocrx_word' id='word_1_69' title='bbox 1530 2298 1849 2372; x_wconf 79' lang='lat' dir='ltr'><strong>parvulis.</strong></span> <span class='ocrx_word' id='word_1_70' title='bbox 1882 2300 2126 2361; x_wconf 90' lang='lat' dir='ltr'><strong>Secun-</strong></span> 
     </span>
     <span class='ocr_line' id='line_1_16' title="bbox 584 2403 2121 2505; baseline 0.002 -30"><span class='ocrx_word' id='word_1_71' title='bbox 584 2414 664 2477; x_wconf 89' lang='lat' dir='ltr'><strong>da</strong></span> <span class='ocrx_word' id='word_1_72' title='bbox 701 2435 714 2476; x_wconf 93' lang='lat'>:</span> <span class='ocrx_word' id='word_1_73' title='bbox 754 2405 1069 2494; x_wconf 84' lang='lat' dir='ltr'><strong>parvulos</strong></span> <span class='ocrx_word' id='word_1_74' title='bbox 1084 2403 1460 2505; x_wconf 63' lang='lat' dir='ltr'><strong>&#39;necessitate</strong></span> <span class='ocrx_word' id='word_1_75' title='bbox 1485 2414 1715 2476; x_wconf 85' lang='lat' dir='ltr'><strong>salutis</strong></span> <span class='ocrx_word' id='word_1_76' title='bbox 1756 2433 1886 2477; x_wconf 86' lang='lat' dir='ltr'><strong>esse</strong></span> <span class='ocrx_word' id='word_1_77' title='bbox 1914 2417 2121 2493; x_wconf 81' lang='lat' dir='ltr'><strong>bapti·</strong></span> 
     </span>
     <span class='ocr_line' id='line_1_17' title="bbox 556 2505 2121 2608; baseline 0.002 -18"><span class='ocrx_word' id='word_1_78' title='bbox 556 2505 834 2606; x_wconf 69' lang='lat' dir='ltr'><strong>vzandos,</strong></span> <span class='ocrx_word' id='word_1_79' title='bbox 870 2534 1027 2607; x_wconf 85' lang='lat' dir='ltr'><strong>quia</strong></span> <span class='ocrx_word' id='word_1_80' title='bbox 1064 2531 1382 2606; x_wconf 73' lang='lat' dir='ltr'><strong>oriqinale</strong></span> <span class='ocrx_word' id='word_1_81' title='bbox 1425 2532 1490 2589; x_wconf 84' lang='lat' dir='ltr'><strong>in</strong></span> <span class='ocrx_word' id='word_1_82' title='bbox 1532 2529 1671 2606; x_wconf 73' lang='lat' dir='ltr'><strong>leye</strong></span> <span class='ocrx_word' id='word_1_83' title='bbox 1715 2533 2121 2608; x_wconf 74' lang='lat' dir='ltr'><strong>Evanyelica‚</strong></span> 
     </span>
     <span class='ocr_line' id='line_1_18' title="bbox 580 2648 2123 2727; baseline 0 -16"><span class='ocrx_word' id='word_1_84' title='bbox 580 2653 644 2711; x_wconf 90' lang='lat' dir='ltr'><strong>in</strong></span> <span class='ocrx_word' id='word_1_85' title='bbox 691 2651 772 2710; x_wconf 83' lang='lat' dir='ltr'><strong>iis</strong></span> <span class='ocrx_word' id='word_1_86' title='bbox 814 2648 1030 2725; x_wconf 84' lang='lat' dir='ltr'><strong>nequit</strong></span> <span class='ocrx_word' id='word_1_87' title='bbox 1077 2649 1300 2719; x_wconf 81' lang='lat' dir='ltr'><strong>deleri,</strong></span> <span class='ocrx_word' id='word_1_88' title='bbox 1357 2650 1486 2709; x_wconf 86' lang='lat' dir='ltr'><strong>nisi</strong></span> <span class='ocrx_word' id='word_1_89' title='bbox 1520 2666 1645 2725; x_wconf 88' lang='lat' dir='ltr'><strong>per</strong></span> <span class='ocrx_word' id='word_1_90' title='bbox 1702 2653 2123 2727; x_wconf 87' lang='lat' dir='ltr'><strong>Baptismum,</strong></span> 
     </span>
     <span class='ocr_line' id='line_1_19' title="bbox 578 2763 2122 2844; baseline 0.003 -20"><span class='ocrx_word' id='word_1_91' title='bbox 578 2768 703 2826; x_wconf 85' lang='lat' dir='ltr'><strong>etc.</strong></span> <span class='ocrx_word' id='word_1_92' title='bbox 738 2765 859 2825; x_wconf 89' lang='lat' dir='ltr'><strong>Per</strong></span> <span class='ocrx_word' id='word_1_93' title='bbox 885 2764 1092 2841; x_wconf 71' lang='lat' dir='ltr'><strong>leqem</strong></span> <span class='ocrx_word' id='word_1_94' title='bbox 1123 2763 1571 2841; x_wconf 71' lang='lat' dir='ltr'><strong>Evanyelicam</strong></span> <span class='ocrx_word' id='word_1_95' title='bbox 1604 2766 1908 2844; x_wconf 79' lang='lat' dir='ltr'><strong>intelligit</strong></span> <span class='ocrx_word' id='word_1_96' title='bbox 1948 2767 2122 2830; x_wconf 91' lang='lat' dir='ltr'><strong>ordi-</strong></span> 
     </span>
     <span class='ocr_line' id='line_1_20' title="bbox 573 2880 2127 2959; baseline 0.003 -19"><span class='ocrx_word' id='word_1_97' title='bbox 573 2880 845 2949; x_wconf 87' lang='lat' dir='ltr'><strong>nariam,</strong></span> <span class='ocrx_word' id='word_1_98' title='bbox 917 2895 1062 2958; x_wconf 82' lang='lat' dir='ltr'><strong>quae</strong></span> <span class='ocrx_word' id='word_1_99' title='bbox 1130 2884 1232 2941; x_wconf 81' lang='lat' dir='ltr'><strong>est</strong></span> <span class='ocrx_word' id='word_1_100' title='bbox 1302 2880 1639 2959; x_wconf 71' lang='lat' dir='ltr'><strong>praesentis</strong></span> <span class='ocrx_word' id='word_1_101' title='bbox 1696 2886 1927 2957; x_wconf 77' lang='lat' dir='ltr'><strong>statue,</strong></span> <span class='ocrx_word' id='word_1_102' title='bbox 1994 2898 2127 2945; x_wconf 91' lang='lat' dir='ltr'><strong>non</strong></span> 
     </span>
     <span class='ocr_line' id='line_1_21' title="bbox 573 2995 2127 3077; baseline 0.001 -19"><span class='ocrx_word' id='word_1_103' title='bbox 573 2995 1076 3075; x_wconf 81' lang='lat' dir='ltr'><strong>comprehendit</strong></span> <span class='ocrx_word' id='word_1_104' title='bbox 1122 3013 1345 3058; x_wconf 87' lang='lat' dir='ltr'><strong>casum</strong></span> <span class='ocrx_word' id='word_1_105' title='bbox 1392 2998 1671 3077; x_wconf 83' lang='lat' dir='ltr'><strong>Martyrii</strong></span> <span class='ocrx_word' id='word_1_106' title='bbox 1736 3005 1847 3060; x_wconf 79' lang='lat' dir='ltr'><strong>aut</strong></span> <span class='ocrx_word' id='word_1_107' title='bbox 1888 2998 2127 3060; x_wconf 85' lang='lat' dir='ltr'><strong>sancti·</strong></span> 
     </span>
     <span class='ocr_line' id='line_1_22' title="bbox 570 3111 2125 3191; baseline 0.001 -17"><span class='ocrx_word' id='word_1_108' title='bbox 570 3111 888 3174; x_wconf 87' lang='lat' dir='ltr'><strong>ficationis</strong></span> <span class='ocrx_word' id='word_1_109' title='bbox 918 3128 1039 3189; x_wconf 85' lang='lat' dir='ltr'><strong>per</strong></span> <span class='ocrx_word' id='word_1_110' title='bbox 1070 3113 1473 3191; x_wconf 90' lang='lat' dir='ltr'><strong>Baptismum</strong></span> <span class='ocrx_word' id='word_1_111' title='bbox 1503 3111 1802 3176; x_wconf 82' lang='lat' dir='ltr'><strong>flaminis.</strong></span> <span class='ocrx_word' id='word_1_112' title='bbox 1845 3116 2125 3191; x_wconf 86' lang='lat' dir='ltr'><strong>Utraque</strong></span> 
     </span>
     <span class='ocr_line' id='line_1_23' title="bbox 571 3226 2124 3291; baseline 0.002 -3"><span class='ocrx_word' id='word_1_113' title='bbox 571 3228 903 3289; x_wconf 79' lang='lat' dir='ltr'><strong>conclusio</strong></span> <span class='ocrx_word' id='word_1_114' title='bbox 964 3234 1064 3288; x_wconf 79' lang='lat' dir='ltr'><strong>est</strong></span> <span class='ocrx_word' id='word_1_115' title='bbox 1137 3227 1220 3288; x_wconf 91' lang='lat' dir='ltr'><strong>de</strong></span> <span class='ocrx_word' id='word_1_116' title='bbox 1276 3226 1431 3289; x_wconf 86' lang='lat' dir='ltr'><strong>fide.</strong></span> <span class='ocrx_word' id='word_1_117' title='bbox 1507 3229 1714 3291; x_wconf 88' lang='lat' dir='ltr'><strong>Prima</strong></span> <span class='ocrx_word' id='word_1_118' title='bbox 1787 3232 2124 3291; x_wconf 83' lang='lat' dir='ltr'><strong>conclusio</strong></span> 
     </span>
     <span class='ocr_line' id='line_1_24' title="bbox 558 3342 2125 3423; baseline 0.003 -22"><span class='ocrx_word' id='word_1_119' title='bbox 558 3343 961 3419; x_wconf 82' lang='lat' dir='ltr'><strong>supponitur</strong></span> <span class='ocrx_word' id='word_1_120' title='bbox 990 3357 1072 3402; x_wconf 86' lang='lat' dir='ltr'><strong>ex</strong></span> <span class='ocrx_word' id='word_1_121' title='bbox 1101 3345 1372 3404; x_wconf 82' lang='lat' dir='ltr'><strong>materia</strong></span> <span class='ocrx_word' id='word_1_122' title='bbox 1405 3342 1487 3404; x_wconf 91' lang='lat' dir='ltr'><strong>de</strong></span> <span class='ocrx_word' id='word_1_123' title='bbox 1518 3345 1726 3423; x_wconf 79' lang='lat' dir='ltr'><strong>gratia</strong></span> <span class='ocrx_word' id='word_1_124' title='bbox 1757 3349 1822 3404; x_wconf 90' lang='lat' dir='ltr'><strong>et</strong></span> <span class='ocrx_word' id='word_1_125' title='bbox 1854 3354 2125 3421; x_wconf 86' lang='lat' dir='ltr'><strong>peccato</strong></span> 
     </span>
     <span class='ocr_line' id='line_1_25' title="bbox 232 3456 2123 3567; baseline 0.001 -49"><span class='ocrx_word' id='word_1_126' title='bbox 232 3475 515 3567; x_wconf 54' lang='lat' dir='ltr'><strong>&#39;Diospolin</strong></span> <span class='ocrx_word' id='word_1_127' title='bbox 573 3458 893 3536; x_wconf 82' lang='lat' dir='ltr'><strong>originali.</strong></span> <span class='ocrx_word' id='word_1_128' title='bbox 966 3459 1122 3518; x_wconf 85' lang='lat' dir='ltr'><strong>Eam</strong></span> <span class='ocrx_word' id='word_1_129' title='bbox 1187 3456 1506 3521; x_wconf 87' lang='lat' dir='ltr'><strong>definiunt</strong></span> <span class='ocrx_word' id='word_1_130' title='bbox 1578 3459 2123 3535; x_wconf 82' lang='lat' dir='ltr'><strong>Diospolitanum.</strong></span> 
     </span>
     <span class='ocr_line' id='line_1_26' title="bbox 247 3564 2128 3652; baseline 0.001 -16"><span class='ocrx_word' id='word_1_131' title='bbox 247 3564 526 3616; x_wconf 72' lang='lat' dir='ltr'><strong>milevitan.</strong></span> <span class='ocrx_word' id='word_1_132' title='bbox 572 3575 1034 3648; x_wconf 82' lang='lat' dir='ltr'><strong>Milevitanum,</strong></span> <span class='ocrx_word' id='word_1_133' title='bbox 1085 3578 1151 3635; x_wconf 85' lang='lat' dir='ltr'><strong>et</strong></span> <span class='ocrx_word' id='word_1_134' title='bbox 1224 3575 1476 3652; x_wconf 85' lang='lat' dir='ltr'><strong>reliqua</strong></span> <span class='ocrx_word' id='word_1_135' title='bbox 1549 3576 1835 3637; x_wconf 88' lang='lat' dir='ltr'><strong>Concilia</strong></span> <span class='ocrx_word' id='word_1_136' title='bbox 1907 3577 2128 3639; x_wconf 86' lang='lat' dir='ltr'><strong>habita</strong></span> 
     </span>
    </p>
   </div>
   <div class='ocr_carea' id='block_1_5' title="bbox 268 3628 504 3680">
    <p class='ocr_par' dir='ltr' id='par_1_5' title="bbox 268 3628 504 3680">
     <span class='ocr_line' id='line_1_27' title="bbox 268 3628 504 3680; baseline 0.017 -5"><span class='ocrx_word' id='word_1_137' title='bbox 268 3628 504 3680; x_wconf 80' lang='lat' dir='ltr'><strong>African.</strong></span> 
     </span>
    </p>
   </div>
   <div class='ocr_carea' id='block_1_6' title="bbox 221 3688 2124 3803">
    <p class='ocr_par' dir='ltr' id='par_1_6' title="bbox 221 3688 2124 3803">
     <span class='ocr_line' id='line_1_28' title="bbox 221 3688 2124 3803; baseline 0.005 -58"><span class='ocrx_word' id='word_1_138' title='bbox 221 3688 546 3803; x_wconf 47' lang='lat' dir='ltr'><strong>Laqssf-&#39;ffsslsssss</strong></span> <span class='ocrx_word' id='word_1_139' title='bbox 576 3690 643 3753; x_wconf 90' lang='lat' dir='ltr'><strong>in</strong></span> <span class='ocrx_word' id='word_1_140' title='bbox 694 3688 908 3752; x_wconf 79' lang='lat' dir='ltr'><strong>Africa</strong></span> <span class='ocrx_word' id='word_1_141' title='bbox 966 3696 1190 3752; x_wconf 82' lang='lat' dir='ltr'><strong>contra</strong></span> <span class='ocrx_word' id='word_1_142' title='bbox 1246 3690 1606 3770; x_wconf 82' lang='lat' dir='ltr'><strong>Pelagium,</strong></span> <span class='ocrx_word' id='word_1_143' title='bbox 1660 3693 2124 3767; x_wconf 84' lang='lat' dir='ltr'><strong>Lateranense,</strong></span> 
     </span>
    </p>
   </div>
   <div class='ocr_carea' id='block_1_7' title="bbox 217 3806 2129 4364">
    <p class='ocr_par' dir='ltr' id='par_1_7' title="bbox 270 3806 2127 3927">
     <span class='ocr_line' id='line_1_29' title="bbox 270 3806 2127 3927; baseline 0.003 -62"><span class='ocrx_word' id='word_1_144' title='bbox 270 3815 499 3927; x_wconf 38' lang='lat' dir='ltr'><strong>{iffi-¹213}</strong></span> <span class='ocrx_word' id='word_1_145' title='bbox 578 3808 1044 3880; x_wconf 82' lang='lat' dir='ltr'><strong>Florentinum,</strong></span> <span class='ocrx_word' id='word_1_146' title='bbox 1102 3806 1593 3881; x_wconf 83' lang='lat' dir='ltr'><strong>Tridentinum3</strong></span> <span class='ocrx_word' id='word_1_147' title='bbox 1658 3813 1724 3869; x_wconf 89' lang='lat' dir='ltr'><strong>et</strong></span> <span class='ocrx_word' id='word_1_148' title='bbox 1794 3814 1979 3886; x_wconf 79' lang='lat' dir='ltr'><strong>patet</strong></span> <span class='ocrx_word' id='word_1_149' title='bbox 2041 3808 2127 3870; x_wconf 89' lang='lat' dir='ltr'><strong>ad</strong></span> 
     </span>
    </p>

    <p class='ocr_par' dir='ltr' id='par_1_8' title="bbox 217 3917 2129 4113">
     <span class='ocr_line' id='line_1_30' title="bbox 217 3917 2129 4001; baseline -0.002 -14"><span class='ocrx_word' id='word_1_150' title='bbox 217 3937 300 3987; x_wconf 87' lang='lat' dir='ltr'><strong>Ad</strong></span> <span class='ocrx_word' id='word_1_151' title='bbox 326 3942 471 3991; x_wconf 72' lang='lat' dir='ltr'><strong>nom.</strong></span> <span class='ocrx_word' id='word_1_152' title='bbox 493 3917 540 3991; x_wconf 63' lang='grc' dir='ltr'><strong>ὃ.</strong></span> <span class='ocrx_word' id='word_1_153' title='bbox 574 3926 900 3986; x_wconf 86' lang='lat' dir='ltr'><strong>Romanos</strong></span> <span class='ocrx_word' id='word_1_154' title='bbox 941 3925 1003 3985; x_wconf 91' lang='lat'><strong>5.</strong></span> <span class='ocrx_word' id='word_1_155' title='bbox 1038 3927 1161 3985; x_wconf 86' lang='lat' dir='ltr'><strong>Per</strong></span> <span class='ocrx_word' id='word_1_156' title='bbox 1190 3939 1392 3984; x_wconf 88' lang='lat' dir='ltr'><strong>unum</strong></span> <span class='ocrx_word' id='word_1_157' title='bbox 1434 3923 1755 3984; x_wconf 79' lang='lat' dir='ltr'><strong>hominem</strong></span> <span class='ocrx_word' id='word_1_158' title='bbox 1790 3930 2129 4001; x_wconf 86' lang='lat' dir='ltr'><strong>peccatum</strong></span> 
     </span>
     <span class='ocr_line' id='line_1_31' title="bbox 571 4041 1023 4113; baseline 0.002 -14"><span class='ocrx_word' id='word_1_159' title='bbox 571 4041 859 4113; x_wconf 80' lang='lat' dir='ltr'><strong>intravit,</strong></span> <span class='ocrx_word' id='word_1_160' title='bbox 897 4044 1023 4100; x_wconf 83' lang='lat' dir='ltr'><strong>etc.</strong></span> 
     </span>
    </p>

    <p class='ocr_par' dir='ltr' id='par_1_9' title="bbox 355 4153 2125 4240">
     <span class='ocr_line' id='line_1_32' title="bbox 355 4153 2125 4240; baseline 0.001 -24"><span class='ocrx_word' id='word_1_161' title='bbox 355 4190 407 4240; x_wconf 86' lang='lat'><strong>7.</strong></span> <span class='ocrx_word' id='word_1_162' title='bbox 651 4155 952 4216; x_wconf 88' lang='lat' dir='ltr'><strong>Secunda</strong></span> <span class='ocrx_word' id='word_1_163' title='bbox 1015 4153 1346 4217; x_wconf 86' lang='lat' dir='ltr'><strong>conclusio</strong></span> <span class='ocrx_word' id='word_1_164' title='bbox 1398 4169 1549 4231; x_wconf 80' lang='lat' dir='ltr'><strong>quae</strong></span> <span class='ocrx_word' id='word_1_165' title='bbox 1592 4154 1674 4214; x_wconf 85' lang='lat' dir='ltr'><strong>ad</strong></span> <span class='ocrx_word' id='word_1_166' title='bbox 1727 4163 2125 4232; x_wconf 83' lang='lat' dir='ltr'><strong>praesentem</strong></span> 
     </span>
    </p>

    <p class='ocr_par' dir='ltr' id='par_1_10' title="bbox 262 4250 2120 4364">
     <span class='ocr_line' id='line_1_33' title="bbox 262 4250 2120 4364; baseline 0.001 -32"><span class='ocrx_word' id='word_1_167' title='bbox 262 4250 514 4364; x_wconf 48' lang='lat' dir='ltr'><strong>{3³35ng</strong></span> <span class='ocrx_word' id='word_1_168' title='bbox 570 4271 912 4333; x_wconf 87' lang='lat' dir='ltr'><strong>materiam</strong></span> <span class='ocrx_word' id='word_1_169' title='bbox 944 4275 1219 4348; x_wconf 80' lang='lat' dir='ltr'><strong>spectat,</strong></span> <span class='ocrx_word' id='word_1_170' title='bbox 1258 4271 1568 4348; x_wconf 85' lang='lat' dir='ltr'><strong>probatur</strong></span> <span class='ocrx_word' id='word_1_171' title='bbox 1615 4287 1697 4332; x_wconf 84' lang='lat' dir='ltr'><strong>ex</strong></span> <span class='ocrx_word' id='word_1_172' title='bbox 1741 4272 2068 4349; x_wconf 74' lang='lat' dir='ltr'><strong>Scriptura</strong></span> <span class='ocrx_word' id='word_1_173' title='bbox 2105 4292 2120 4334; x_wconf 76' lang='grc' dir='ltr'>ε</span> 
     </span>
    </p>
   </div>
   <div class='ocr_carea' id='block_1_8' title="bbox 198 4378 2124 4488">
    <p class='ocr_par' dir='ltr' id='par_1_11' title="bbox 198 4378 2124 4488">
     <span class='ocr_line' id='line_1_34' title="bbox 198 4378 2124 4488; baseline 0.006 -51"><span class='ocrx_word' id='word_1_174' title='bbox 198 4431 204 4437; x_wconf 91' lang='grc'><strong>.</strong></span> <span class='ocrx_word' id='word_1_175' title='bbox 237 4378 517 4488; x_wconf 43' lang='lat'><strong>022310220·</strong></span> <span class='ocrx_word' id='word_1_176' title='bbox 568 4389 713 4450; x_wconf 83' lang='lat' dir='ltr'><strong>Nisi</strong></span> <span class='ocrx_word' id='word_1_177' title='bbox 737 4389 880 4464; x_wconf 81' lang='lat' dir='ltr'><strong>quis</strong></span> <span class='ocrx_word' id='word_1_178' title='bbox 921 4392 1185 4448; x_wconf 86' lang='lat' dir='ltr'><strong>renatus</strong></span> <span class='ocrx_word' id='word_1_179' title='bbox 1219 4388 1423 4462; x_wconf 83' lang='lat' dir='ltr'><strong>fuerit</strong></span> <span class='ocrx_word' id='word_1_180' title='bbox 1454 4403 1538 4447; x_wconf 78' lang='lat' dir='ltr'><strong>ex</strong></span> <span class='ocrx_word' id='word_1_181' title='bbox 1568 4404 1743 4463; x_wconf 85' lang='lat' dir='ltr'><strong>aqua</strong></span> <span class='ocrx_word' id='word_1_182' title='bbox 1783 4394 1839 4448; x_wconf 92' lang='lat' dir='ltr'><strong>et</strong></span> <span class='ocrx_word' id='word_1_183' title='bbox 1869 4391 2124 4464; x_wconf 75' lang='lat' dir='ltr'><strong>Spiritu</strong></span> 
     </span>
    </p>
   </div>
   <div class='ocr_carea' id='block_1_9' title="bbox 211 4500 2127 5502">
    <p class='ocr_par' dir='ltr' id='par_1_12' title="bbox 211 4500 2127 5502">
     <span class='ocr_line' id='line_1_35' title="bbox 211 4500 2120 4616; baseline 0 -52"><span class='ocrx_word' id='word_1_184' title='bbox 211 4500 534 4616; x_wconf 41' lang='lat' dir='ltr'><strong>ASchgffirz</strong></span> <span class='ocrx_word' id='word_1_185' title='bbox 563 4510 803 4575; x_wconf 84' lang='lat' dir='ltr'><strong>sancte,</strong></span> <span class='ocrx_word' id='word_1_186' title='bbox 844 4520 964 4564; x_wconf 87' lang='lat' dir='ltr'><strong>non</strong></span> <span class='ocrx_word' id='word_1_187' title='bbox 991 4508 1194 4580; x_wconf 86' lang='lat' dir='ltr'><strong>potest</strong></span> <span class='ocrx_word' id='word_1_188' title='bbox 1236 4504 1507 4564; x_wconf 78' lang='lat' dir='ltr'><strong>introire</strong></span> <span class='ocrx_word' id='word_1_189' title='bbox 1558 4502 1622 4561; x_wconf 91' lang='lat' dir='ltr'><strong>in</strong></span> <span class='ocrx_word' id='word_1_190' title='bbox 1663 4519 1930 4580; x_wconf 68' lang='lat' dir='ltr'><strong>reynum</strong></span> <span class='ocrx_word' id='word_1_191' title='bbox 1982 4506 2120 4575; x_wconf 87' lang='lat' dir='ltr'><strong>Dei,</strong></span> 
     </span>
     <span class='ocr_line' id='line_1_36' title="bbox 565 4618 2121 4701; baseline -0.002 -19"><span class='ocrx_word' id='word_1_192' title='bbox 565 4625 697 4701; x_wconf 61' lang='lat' dir='ltr'><strong>etc.</strong></span> <span class='ocrx_word' id='word_1_193' title='bbox 724 4621 991 4682; x_wconf 85' lang='lat' dir='ltr'><strong>Joannis</strong></span> <span class='ocrx_word' id='word_1_194' title='bbox 1018 4620 1080 4681; x_wconf 88' lang='lat'><strong>3.</strong></span> <span class='ocrx_word' id='word_1_195' title='bbox 1118 4620 1242 4690; x_wconf 82' lang='lat' dir='ltr'><strong>Qui</strong></span> <span class='ocrx_word' id='word_1_196' title='bbox 1273 4619 1628 4680; x_wconf 76' lang='lat' dir='ltr'><strong>crediderit</strong></span> <span class='ocrx_word' id='word_1_197' title='bbox 1659 4624 1715 4678; x_wconf 89' lang='lat' dir='ltr'><strong>et</strong></span> <span class='ocrx_word' id='word_1_198' title='bbox 1754 4618 2121 4693; x_wconf 82' lang='lat' dir='ltr'><strong>baptizatus</strong></span> 
     </span>
     <span class='ocr_line' id='line_1_37' title="bbox 554 4734 2115 4812; baseline -0.003 -14"><span class='ocrx_word' id='word_1_199' title='bbox 554 4738 785 4812; x_wconf 74' lang='lat' dir='ltr'><strong>fuerit,</strong></span> <span class='ocrx_word' id='word_1_200' title='bbox 842 4736 1063 4798; x_wconf 83' lang='lat' dir='ltr'><strong>salvus</strong></span> <span class='ocrx_word' id='word_1_201' title='bbox 1119 4739 1266 4806; x_wconf 86' lang='lat' dir='ltr'><strong>erit,</strong></span> <span class='ocrx_word' id='word_1_202' title='bbox 1339 4738 1465 4795; x_wconf 78' lang='lat' dir='ltr'><strong>etc.</strong></span> <span class='ocrx_word' id='word_1_203' title='bbox 1538 4734 1804 4796; x_wconf 74' lang='lat' dir='ltr'><strong>Matthaei</strong></span> <span class='ocrx_word' id='word_1_204' title='bbox 1862 4734 2115 4797; x_wconf 85' lang='lat' dir='ltr'><strong>ultimO.</strong></span> 
     </span>
     <span class='ocr_line' id='line_1_38' title="bbox 556 4850 2127 4929; baseline -0.002 -15"><span class='ocrx_word' id='word_1_205' title='bbox 556 4857 648 4914; x_wconf 84' lang='lat' dir='ltr'><strong>An</strong></span> <span class='ocrx_word' id='word_1_206' title='bbox 720 4855 1058 4929; x_wconf 75' lang='lat' dir='ltr'><strong>iqnoratis‚</strong></span> <span class='ocrx_word' id='word_1_207' title='bbox 1136 4855 1294 4929; x_wconf 84' lang='lat' dir='ltr'><strong>quia</strong></span> <span class='ocrx_word' id='word_1_208' title='bbox 1354 4852 1744 4927; x_wconf 77' lang='lat' dir='ltr'><strong>quicumque</strong></span> <span class='ocrx_word' id='word_1_209' title='bbox 1811 4850 2127 4927; x_wconf 85' lang='lat' dir='ltr'><strong>baptizati</strong></span> 
     </span>
     <span class='ocr_line' id='line_1_39' title="bbox 554 4969 2123 5045; baseline -0.001 -14"><span class='ocrx_word' id='word_1_210' title='bbox 554 4986 781 5031; x_wconf 88' lang='lat' dir='ltr'><strong>sumus</strong></span> <span class='ocrx_word' id='word_1_211' title='bbox 848 4971 916 5029; x_wconf 88' lang='lat' dir='ltr'><strong>in</strong></span> <span class='ocrx_word' id='word_1_212' title='bbox 981 4970 1233 5031; x_wconf 74' lang='lat' dir='ltr'><strong>Christo</strong></span> <span class='ocrx_word' id='word_1_213' title='bbox 1303 4973 1477 5040; x_wconf 80' lang='lat' dir='ltr'><strong>Jesu,</strong></span> <span class='ocrx_word' id='word_1_214' title='bbox 1538 4969 1604 5028; x_wconf 87' lang='lat' dir='ltr'><strong>in</strong></span> <span class='ocrx_word' id='word_1_215' title='bbox 1648 4974 1852 5029; x_wconf 76' lang='lat' dir='ltr'><strong>morie</strong></span> <span class='ocrx_word' id='word_1_216' title='bbox 1919 4971 2123 5045; x_wconf 86' lang='lat' dir='ltr'><strong>ipsius</strong></span> 
     </span>
     <span class='ocr_line' id='line_1_40' title="bbox 556 5085 2121 5161; baseline 0.001 -17"><span class='ocrx_word' id='word_1_217' title='bbox 556 5085 869 5161; x_wconf 85' lang='lat' dir='ltr'><strong>baptizati</strong></span> <span class='ocrx_word' id='word_1_218' title='bbox 920 5087 1189 5148; x_wconf 79' lang='lat' dir='ltr'><strong>sumus?</strong></span> <span class='ocrx_word' id='word_1_219' title='bbox 1250 5086 1624 5161; x_wconf 77' lang='lat' dir='ltr'><strong>Consepulti</strong></span> <span class='ocrx_word' id='word_1_220' title='bbox 1676 5087 1846 5145; x_wconf 87' lang='lat' dir='ltr'><strong>enim</strong></span> <span class='ocrx_word' id='word_1_221' title='bbox 1898 5101 2121 5147; x_wconf 86' lang='lat' dir='ltr'><strong>sumus</strong></span> 
     </span>
     <span class='ocr_line' id='line_1_41' title="bbox 554 5200 2114 5276; baseline 0 -14"><span class='ocrx_word' id='word_1_222' title='bbox 554 5217 704 5262; x_wconf 87' lang='lat' dir='ltr'><strong>cum</strong></span> <span class='ocrx_word' id='word_1_223' title='bbox 747 5200 869 5261; x_wconf 88' lang='lat' dir='ltr'><strong>illo</strong></span> <span class='ocrx_word' id='word_1_224' title='bbox 904 5217 1029 5276; x_wconf 87' lang='lat' dir='ltr'><strong>per</strong></span> <span class='ocrx_word' id='word_1_225' title='bbox 1069 5201 1473 5276; x_wconf 88' lang='lat' dir='ltr'><strong>Baptismum</strong></span> <span class='ocrx_word' id='word_1_226' title='bbox 1525 5202 1594 5260; x_wconf 86' lang='lat' dir='ltr'><strong>in</strong></span> <span class='ocrx_word' id='word_1_227' title='bbox 1637 5204 1931 5272; x_wconf 86' lang='lat' dir='ltr'><strong>mortem,</strong></span> <span class='ocrx_word' id='word_1_228' title='bbox 1987 5207 2114 5262; x_wconf 84' lang='lat' dir='ltr'><strong>etc.</strong></span> 
     </span>
     <span class='ocr_line' id='line_1_42' title="bbox 553 5316 2118 5394; baseline -0.001 -15"><span class='ocrx_word' id='word_1_229' title='bbox 553 5333 750 5379; x_wconf 90' lang='lat' dir='ltr'><strong>nemo</strong></span> <span class='ocrx_word' id='word_1_230' title='bbox 825 5322 1047 5378; x_wconf 81' lang='lat' dir='ltr'><strong>autem</strong></span> <span class='ocrx_word' id='word_1_231' title='bbox 1117 5316 1425 5388; x_wconf 74' lang='lat' dir='ltr'><strong>salvatur,</strong></span> <span class='ocrx_word' id='word_1_232' title='bbox 1510 5317 1632 5378; x_wconf 90' lang='lat' dir='ltr'><strong>nisi</strong></span> <span class='ocrx_word' id='word_1_233' title='bbox 1696 5318 1807 5394; x_wconf 83' lang='lat' dir='ltr'><strong>qui</strong></span> <span class='ocrx_word' id='word_1_234' title='bbox 1880 5321 1980 5377; x_wconf 87' lang='lat' dir='ltr'><strong>est</strong></span> <span class='ocrx_word' id='word_1_235' title='bbox 2052 5318 2118 5377; x_wconf 92' lang='lat' dir='ltr'><strong>in</strong></span> 
     </span>
     <span class='ocr_line' id='line_1_43' title="bbox 552 5432 2115 5502; baseline -0.001 -6"><span class='ocrx_word' id='word_1_236' title='bbox 552 5434 801 5496; x_wconf 84' lang='lat' dir='ltr'><strong>Christo</strong></span> <span class='ocrx_word' id='word_1_237' title='bbox 840 5435 1032 5502; x_wconf 87' lang='lat' dir='ltr'><strong>Jesu;</strong></span> <span class='ocrx_word' id='word_1_238' title='bbox 1071 5432 1153 5494; x_wconf 87' lang='lat' dir='ltr'><strong>ad</strong></span> <span class='ocrx_word' id='word_1_239' title='bbox 1206 5435 1533 5495; x_wconf 85' lang='lat' dir='ltr'><strong>Romanos</strong></span> <span class='ocrx_word' id='word_1_240' title='bbox 1593 5433 1652 5494; x_wconf 89' lang='grc'><strong>8.</strong></span> <span class='ocrx_word' id='word_1_241' title='bbox 1713 5432 1887 5493; x_wconf 74' lang='lat' dir='ltr'><strong>Nihil</strong></span> <span class='ocrx_word' id='word_1_242' title='bbox 1949 5450 2115 5495; x_wconf 88' lang='lat' dir='ltr'><strong>nunc</strong></span> 
     </span>
    </p>
   </div>
   <div class='ocr_carea' id='block_1_10' title="bbox 552 5549 2117 5639">
    <p class='ocr_par' dir='ltr' id='par_1_13' title="bbox 552 5549 2117 5639">
     <span class='ocr_line' id='line_1_44' title="bbox 552 5549 2117 5639; baseline -0.002 -26"><span class='ocrx_word' id='word_1_243' title='bbox 552 5551 991 5613; x_wconf 73' lang='lat' dir='ltr'><strong>damnationis</strong></span> <span class='ocrx_word' id='word_1_244' title='bbox 1025 5550 1210 5639; x_wconf 86' lang='lat' dir='ltr'><strong>estin</strong></span> <span class='ocrx_word' id='word_1_245' title='bbox 1239 5549 1359 5620; x_wconf 77' lang='lat' dir='ltr'><strong>his,</strong></span> <span class='ocrx_word' id='word_1_246' title='bbox 1406 5551 1524 5625; x_wconf 81' lang='lat' dir='ltr'><strong>qui</strong></span> <span class='ocrx_word' id='word_1_247' title='bbox 1565 5553 1709 5609; x_wconf 89' lang='lat' dir='ltr'><strong>sunt</strong></span> <span class='ocrx_word' id='word_1_248' title='bbox 1748 5550 1817 5609; x_wconf 88' lang='lat' dir='ltr'><strong>in</strong></span> <span class='ocrx_word' id='word_1_249' title='bbox 1863 5550 2117 5610; x_wconf 73' lang='lat' dir='ltr'><strong>Christo</strong></span> 
     </span>
    </p>
   </div>
   <div class='ocr_carea' id='block_1_11' title="bbox 221 1986 515 2289">
    <p class='ocr_par' dir='ltr' id='par_1_14' title="bbox 221 1986 515 2289">
     <span class='ocr_line' id='line_1_45' title="bbox 362 1986 415 2037; baseline 0.038 -2"><span class='ocrx_word' id='word_1_250' title='bbox 362 1986 415 2037; x_wconf 87' lang='grc' dir='ltr'><strong>ὀ.</strong></span> 
     </span>
     <span class='ocr_line' id='line_1_46' title="bbox 292 2051 480 2100; baseline 0.011 -1"><span class='ocrx_word' id='word_1_251' title='bbox 292 2051 480 2100; x_wconf 76' lang='lat' dir='ltr'><strong>’Prima</strong></span> 
     </span>
     <span class='ocr_line' id='line_1_47' title="bbox 246 2114 515 2164; baseline 0.007 -4"><span class='ocrx_word' id='word_1_252' title='bbox 246 2114 515 2164; x_wconf 79' lang='lat' dir='ltr'><strong>conclusio,</strong></span> 
     </span>
     <span class='ocr_line' id='line_1_48' title="bbox 266 2176 499 2226; baseline 0.013 -3"><span class='ocrx_word' id='word_1_253' title='bbox 266 2176 499 2226; x_wconf 87' lang='lat' dir='ltr'><strong>Secunda</strong></span> 
     </span>
     <span class='ocr_line' id='line_1_49' title="bbox 221 2239 497 2289; baseline 0.014 -4"><span class='ocrx_word' id='word_1_254' title='bbox 221 2239 497 2289; x_wconf 77' lang='lat' dir='ltr'><strong>conclusio.</strong></span> 
     </span>
    </p>
   </div>
   <div class='ocr_carea' id='block_1_12' title="bbox 253 2789 494 2916">
    <p class='ocr_par' dir='ltr' id='par_1_15' title="bbox 253 2789 494 2916">
     <span class='ocr_line' id='line_1_50' title="bbox 253 2789 494 2860; baseline 0.004 -21"><span class='ocrx_word' id='word_1_255' title='bbox 253 2789 494 2860; x_wconf 78' lang='lat' dir='ltr'><strong>Probatio</strong></span> 
     </span>
     <span class='ocr_line' id='line_1_51' title="bbox 280 2866 480 2916; baseline 0.02 -18"><span class='ocrx_word' id='word_1_256' title='bbox 280 2866 480 2916; x_wconf 77' lang='lat' dir='ltr'><strong>primae.</strong></span> 
     </span>
    </p>
   </div>
   <div class='ocr_carea' id='block_1_13' title="bbox 1722 387 2673 455">
    <p class='ocr_par' dir='ltr' id='par_1_16' title="bbox 1722 387 2673 455">
     <span class='ocr_line' id='line_1_52' title="bbox 1722 387 2673 455; baseline 0.005 -7"><span class='ocrx_word' id='word_1_257' title='bbox 1722 388 1864 449; x_wconf 87' lang='lat' dir='ltr'><strong>LIB.</strong></span> <span class='ocrx_word' id='word_1_258' title='bbox 1915 389 2013 449; x_wconf 88' lang='lat' dir='ltr'><strong>IV.</strong></span> <span class='ocrx_word' id='word_1_259' title='bbox 2077 387 2673 455; x_wconf 81' lang='lat' dir='ltr'><strong>SENTENTIARUM</strong></span> 
     </span>
    </p>
   </div>
   <div class='ocr_carea' id='block_1_14' title="bbox 2215 557 3789 2827">
    <p class='ocr_par' dir='ltr' id='par_1_17' title="bbox 2215 557 3789 2827">
     <span class='ocr_line' id='line_1_53' title="bbox 2215 557 3755 638; baseline 0.004 -24"><span class='ocrx_word' id='word_1_260' title='bbox 2215 557 2388 628; x_wconf 76' lang='lat' dir='ltr'><strong>lesu,</strong></span> <span class='ocrx_word' id='word_1_261' title='bbox 2447 561 2572 618; x_wconf 88' lang='lat' dir='ltr'><strong>etc.</strong></span> <span class='ocrx_word' id='word_1_262' title='bbox 2630 557 2842 621; x_wconf 84' lang='lat' dir='ltr'><strong>salvos</strong></span> <span class='ocrx_word' id='word_1_263' title='bbox 2886 575 3001 621; x_wconf 85' lang='lat' dir='ltr'><strong>nos</strong></span> <span class='ocrx_word' id='word_1_264' title='bbox 3050 561 3204 636; x_wconf 80' lang='lat' dir='ltr'><strong>fecit</strong></span> <span class='ocrx_word' id='word_1_265' title='bbox 3248 575 3377 638; x_wconf 82' lang='lat' dir='ltr'><strong>per</strong></span> <span class='ocrx_word' id='word_1_266' title='bbox 3423 561 3755 623; x_wconf 81' lang='lat' dir='ltr'><strong>lavacrum</strong></span> 
     </span>
     <span class='ocr_line' id='line_1_54' title="bbox 2217 674 3765 753; baseline 0.004 -23"><span class='ocrx_word' id='word_1_267' title='bbox 2217 676 2759 747; x_wconf 72' lang='lat' dir='ltr'><strong>reqenerationis,·</strong></span> <span class='ocrx_word' id='word_1_268' title='bbox 2793 674 2877 736; x_wconf 89' lang='lat' dir='ltr'><strong>ad</strong></span> <span class='ocrx_word' id='word_1_269' title='bbox 2917 677 3131 737; x_wconf 86' lang='lat' dir='ltr'><strong>Titum</strong></span> <span class='ocrx_word' id='word_1_270' title='bbox 3173 679 3233 738; x_wconf 81' lang='lat'><strong>3.</strong></span> <span class='ocrx_word' id='word_1_271' title='bbox 3267 681 3337 738; x_wconf 86' lang='lat' dir='ltr'><strong>In</strong></span> <span class='ocrx_word' id='word_1_272' title='bbox 3367 693 3493 753; x_wconf 80' lang='lat' dir='ltr'><strong>quo</strong></span> <span class='ocrx_word' id='word_1_273' title='bbox 3532 684 3587 738; x_wconf 89' lang='lat' dir='ltr'><strong>et</strong></span> <span class='ocrx_word' id='word_1_274' title='bbox 3631 679 3765 738; x_wconf 87' lang='lat' dir='ltr'><strong>cir-</strong></span> 
     </span>
     <span class='ocr_line' id='line_1_55' title="bbox 2221 789 3767 868; baseline 0.003 -22"><span class='ocrx_word' id='word_1_275' title='bbox 2221 790 2488 849; x_wconf 85' lang='lat' dir='ltr'><strong>cumcisi</strong></span> <span class='ocrx_word' id='word_1_276' title='bbox 2543 792 2708 862; x_wconf 85' lang='lat' dir='ltr'><strong>estis,</strong></span> <span class='ocrx_word' id='word_1_277' title='bbox 2754 789 3270 868; x_wconf 69' lang='lat' dir='ltr'><strong>{circumcisione</strong></span> <span class='ocrx_word' id='word_1_278' title='bbox 3337 809 3461 853; x_wconf 86' lang='lat' dir='ltr'><strong>non</strong></span> <span class='ocrx_word' id='word_1_279' title='bbox 3528 808 3767 852; x_wconf 88' lang='lat' dir='ltr'><strong>manu-</strong></span> 
     </span>
     <span class='ocr_line' id='line_1_56' title="bbox 2217 905 3773 983; baseline 0.005 -20"><span class='ocrx_word' id='word_1_280' title='bbox 2217 905 2422 980; x_wconf 77' lang='lat' dir='ltr'><strong>facta,</strong></span> <span class='ocrx_word' id='word_1_281' title='bbox 2469 908 2537 966; x_wconf 87' lang='lat' dir='ltr'><strong>in</strong></span> <span class='ocrx_word' id='word_1_282' title='bbox 2587 909 3090 983; x_wconf 71' lang='lat' dir='ltr'><strong>expoliationem</strong></span> <span class='ocrx_word' id='word_1_283' title='bbox 3132 912 3364 971; x_wconf 84' lang='lat' dir='ltr'><strong>veteris</strong></span> <span class='ocrx_word' id='word_1_284' title='bbox 3393 908 3629 982; x_wconf 83' lang='lat' dir='ltr'><strong>carnis,</strong></span> <span class='ocrx_word' id='word_1_285' title='bbox 3664 909 3773 971; x_wconf 86' lang='lat' dir='ltr'><strong>sed</strong></span> 
     </span>
     <span class='ocr_line' id='line_1_57' title="bbox 2222 1020 3774 1100; baseline 0.003 -22"><span class='ocrx_word' id='word_1_286' title='bbox 2222 1020 2289 1079; x_wconf 89' lang='lat' dir='ltr'><strong>in</strong></span> <span class='ocrx_word' id='word_1_287' title='bbox 2349 1020 2847 1083; x_wconf 78' lang='lat' dir='ltr'><strong>circumcisione</strong></span> <span class='ocrx_word' id='word_1_288' title='bbox 2903 1025 3161 1097; x_wconf 78' lang='lat' dir='ltr'><strong>Christi,</strong></span> <span class='ocrx_word' id='word_1_289' title='bbox 3212 1023 3566 1100; x_wconf 72' lang='lat' dir='ltr'><strong>consepulti</strong></span> <span class='ocrx_word' id='word_1_290' title='bbox 3605 1025 3669 1083; x_wconf 91' lang='lat' dir='ltr'><strong>ei</strong></span> <span class='ocrx_word' id='word_1_291' title='bbox 3708 1023 3774 1082; x_wconf 89' lang='lat' dir='ltr'><strong>in</strong></span> 
     </span>
     <span class='ocr_line' id='line_1_58' title="bbox 2227 1137 3772 1214; baseline 0.003 -20"><span class='ocrx_word' id='word_1_292' title='bbox 2227 1137 2577 1210; x_wconf 87' lang='lat' dir='ltr'><strong>Baptismo,</strong></span> <span class='ocrx_word' id='word_1_293' title='bbox 2626 1140 2691 1197; x_wconf 82' lang='lat' dir='ltr'><strong>in</strong></span> <span class='ocrx_word' id='word_1_294' title='bbox 2721 1155 2845 1214; x_wconf 82' lang='lat' dir='ltr'><strong>quo</strong></span> <span class='ocrx_word' id='word_1_295' title='bbox 2875 1144 2932 1198; x_wconf 89' lang='lat' dir='ltr'><strong>et</strong></span> <span class='ocrx_word' id='word_1_296' title='bbox 2960 1140 3409 1200; x_wconf 75' lang='lat' dir='ltr'><strong>resurrexistis</strong></span> <span class='ocrx_word' id='word_1_297' title='bbox 3429 1154 3555 1214; x_wconf 83' lang='lat' dir='ltr'><strong>per</strong></span> <span class='ocrx_word' id='word_1_298' title='bbox 3579 1138 3772 1212; x_wconf 76' lang='lat' dir='ltr'><strong>sidem</strong></span> 
     </span>
     <span class='ocr_line' id='line_1_59' title="bbox 2228 1252 3770 1329; baseline 0.003 -19"><span class='ocrx_word' id='word_1_299' title='bbox 2228 1252 2439 1326; x_wconf 88' lang='lat' dir='ltr'><strong>operis</strong></span> <span class='ocrx_word' id='word_1_300' title='bbox 2483 1253 2621 1324; x_wconf 90' lang='lat' dir='ltr'><strong>Dei,</strong></span> <span class='ocrx_word' id='word_1_301' title='bbox 2667 1255 2784 1329; x_wconf 80' lang='lat' dir='ltr'><strong>qui</strong></span> <span class='ocrx_word' id='word_1_302' title='bbox 2819 1256 3138 1315; x_wconf 71' lang='lat' dir='ltr'><strong>suscitavit</strong></span> <span class='ocrx_word' id='word_1_303' title='bbox 3175 1254 3367 1314; x_wconf 82' lang='lat' dir='ltr'><strong>illum</strong></span> <span class='ocrx_word' id='word_1_304' title='bbox 3398 1270 3438 1313; x_wconf 95' lang='lat' dir='ltr'><strong>a</strong></span> <span class='ocrx_word' id='word_1_305' title='bbox 3476 1254 3770 1327; x_wconf 83' lang='lat' dir='ltr'><strong>mortuis,</strong></span> 
     </span>
     <span class='ocr_line' id='line_1_60' title="bbox 2230 1367 3744 1449; baseline 0.002 -21"><span class='ocrx_word' id='word_1_306' title='bbox 2230 1371 2353 1429; x_wconf 86' lang='lat' dir='ltr'><strong>etc.</strong></span> <span class='ocrx_word' id='word_1_307' title='bbox 2402 1367 2488 1429; x_wconf 92' lang='lat' dir='ltr'><strong>ad</strong></span> <span class='ocrx_word' id='word_1_308' title='bbox 2534 1369 2769 1430; x_wconf 87' lang='lat' dir='ltr'><strong>Coloss.</strong></span> <span class='ocrx_word' id='word_1_309' title='bbox 2816 1373 2876 1431; x_wconf 83' lang='lat'><strong>2.</strong></span> <span class='ocrx_word' id='word_1_310' title='bbox 2925 1371 3029 1432; x_wconf 89' lang='lat' dir='ltr'><strong>Sic</strong></span> <span class='ocrx_word' id='word_1_311' title='bbox 3075 1373 3271 1432; x_wconf 80' lang='lat' dir='ltr'><strong>etiam</strong></span> <span class='ocrx_word' id='word_1_312' title='bbox 3315 1373 3681 1449; x_wconf 79' lang='lat' dir='ltr'><strong>Baptismus</strong></span> <span class='ocrx_word' id='word_1_313' title='bbox 3719 1372 3744 1431; x_wconf 89' lang='lat' dir='ltr'><strong>l</strong></span> 
     </span>
     <span class='ocr_line' id='line_1_61' title="bbox 2228 1486 3775 1568; baseline 0.003 -22"><span class='ocrx_word' id='word_1_314' title='bbox 2228 1488 2407 1547; x_wconf 80' lang='lat' dir='ltr'><strong>l&#39;etri</strong></span> <span class='ocrx_word' id='word_1_315' title='bbox 2448 1486 2501 1545; x_wconf 93' lang='lat' dir='ltr'><strong>l.</strong></span> <span class='ocrx_word' id='word_1_316' title='bbox 2537 1486 2906 1564; x_wconf 86' lang='lat' dir='ltr'><strong>appellatur</strong></span> <span class='ocrx_word' id='word_1_317' title='bbox 2937 1487 3349 1553; x_wconf 82' lang='lat' dir='ltr'><strong>circumcisio</strong></span> <span class='ocrx_word' id='word_1_318' title='bbox 3381 1488 3731 1568; x_wconf 76' lang='lat' dir='ltr'><strong>spiritualis</strong></span> <span class='ocrx_word' id='word_1_319' title='bbox 3760 1508 3775 1550; x_wconf 72' lang='grc' dir='ltr'><strong><em>ε</em></strong></span> 
     </span>
     <span class='ocr_line' id='line_1_62' title="bbox 2231 1602 3776 1678; baseline 0.001 -16"><span class='ocrx_word' id='word_1_320' title='bbox 2231 1603 2549 1664; x_wconf 85' lang='lat' dir='ltr'><strong>Mundans</strong></span> <span class='ocrx_word' id='word_1_321' title='bbox 2586 1618 2732 1662; x_wconf 89' lang='lat' dir='ltr'><strong>eam</strong></span> <span class='ocrx_word' id='word_1_322' title='bbox 2761 1602 3027 1663; x_wconf 87' lang='lat' dir='ltr'><strong>lavacro</strong></span> <span class='ocrx_word' id='word_1_323' title='bbox 3057 1620 3244 1678; x_wconf 75' lang='lat' dir='ltr'><strong>aquae</strong></span> <span class='ocrx_word' id='word_1_324' title='bbox 3285 1606 3349 1664; x_wconf 91' lang='lat' dir='ltr'><strong>in</strong></span> <span class='ocrx_word' id='word_1_325' title='bbox 3390 1604 3582 1664; x_wconf 84' lang='lat' dir='ltr'><strong>verbo</strong></span> <span class='ocrx_word' id='word_1_326' title='bbox 3611 1605 3776 1677; x_wconf 69' lang='lat' dir='ltr'><strong>vitae,</strong></span> 
     </span>
     <span class='ocr_line' id='line_1_63' title="bbox 2231 1712 3785 1795; baseline 0.001 -19"><span class='ocrx_word' id='word_1_327' title='bbox 2231 1712 2317 1776; x_wconf 88' lang='lat' dir='ltr'><strong>ad</strong></span> <span class='ocrx_word' id='word_1_328' title='bbox 2363 1715 2683 1792; x_wconf 83' lang='lat' dir='ltr'><strong>Ephesios</strong></span> <span class='ocrx_word' id='word_1_329' title='bbox 2731 1717 2790 1776; x_wconf 89' lang='lat'><strong>5.</strong></span> <span class='ocrx_word' id='word_1_330' title='bbox 2843 1732 2963 1792; x_wconf 92' lang='lat' dir='ltr'><strong>per</strong></span> <span class='ocrx_word' id='word_1_331' title='bbox 3007 1717 3411 1795; x_wconf 87' lang='lat' dir='ltr'><strong>Baptismum</strong></span> <span class='ocrx_word' id='word_1_332' title='bbox 3449 1717 3785 1781; x_wconf 87' lang='lat' dir='ltr'><strong>induimus</strong></span> 
     </span>
     <span class='ocr_line' id='line_1_64' title="bbox 2234 1830 3780 1911; baseline 0.003 -21"><span class='ocrx_word' id='word_1_333' title='bbox 2234 1830 2558 1893; x_wconf 74' lang='lat' dir='ltr'><strong>Christum</strong></span> <span class='ocrx_word' id='word_1_334' title='bbox 2614 1830 2699 1892; x_wconf 86' lang='lat' dir='ltr'><strong>ad</strong></span> <span class='ocrx_word' id='word_1_335' title='bbox 2745 1832 3012 1894; x_wconf 87' lang='lat' dir='ltr'><strong>Galatas</strong></span> <span class='ocrx_word' id='word_1_336' title='bbox 3060 1833 3116 1892; x_wconf 89' lang='lat'><strong>3.</strong></span> <span class='ocrx_word' id='word_1_337' title='bbox 3172 1839 3237 1896; x_wconf 90' lang='lat' dir='ltr'><strong>et</strong></span> <span class='ocrx_word' id='word_1_338' title='bbox 3284 1833 3470 1911; x_wconf 87' lang='lat' dir='ltr'><strong>plura</strong></span> <span class='ocrx_word' id='word_1_339' title='bbox 3510 1834 3780 1906; x_wconf 74' lang='lat' dir='ltr'><strong>similia3</strong></span> 
     </span>
     <span class='ocr_line' id='line_1_65' title="bbox 2237 1945 3786 2027; baseline 0.003 -21"><span class='ocrx_word' id='word_1_340' title='bbox 2237 1961 2394 2024; x_wconf 89' lang='lat' dir='ltr'><strong>ergo</strong></span> <span class='ocrx_word' id='word_1_341' title='bbox 2427 1947 2766 2025; x_wconf 89' lang='lat' dir='ltr'><strong>supposita</strong></span> <span class='ocrx_word' id='word_1_342' title='bbox 2801 1947 2997 2023; x_wconf 85' lang='lat' dir='ltr'><strong>priori</strong></span> <span class='ocrx_word' id='word_1_343' title='bbox 3032 1949 3302 2008; x_wconf 85' lang='lat' dir='ltr'><strong>veritate</strong></span> <span class='ocrx_word' id='word_1_344' title='bbox 3353 1946 3436 2008; x_wconf 89' lang='lat' dir='ltr'><strong>de</strong></span> <span class='ocrx_word' id='word_1_345' title='bbox 3485 1945 3786 2027; x_wconf 83' lang='lat' dir='ltr'><strong>originali</strong></span> 
     </span>
     <span class='ocr_line' id='line_1_66' title="bbox 2234 2065 3789 2144; baseline -0.001 -18"><span class='ocrx_word' id='word_1_346' title='bbox 2234 2071 2512 2142; x_wconf 79' lang='lat' dir='ltr'><strong>peccato</strong></span> <span class='ocrx_word' id='word_1_347' title='bbox 2545 2067 2609 2126; x_wconf 92' lang='lat' dir='ltr'><strong>in</strong></span> <span class='ocrx_word' id='word_1_348' title='bbox 2641 2068 2966 2132; x_wconf 82' lang='lat' dir='ltr'><strong>omnibus,</strong></span> <span class='ocrx_word' id='word_1_349' title='bbox 2997 2067 3106 2143; x_wconf 84' lang='lat' dir='ltr'><strong>qui</strong></span> <span class='ocrx_word' id='word_1_350' title='bbox 3143 2065 3637 2128; x_wconf 88' lang='lat' dir='ltr'><strong>descenderunt</strong></span> <span class='ocrx_word' id='word_1_351' title='bbox 3669 2082 3789 2144; x_wconf 89' lang='lat' dir='ltr'><strong>per</strong></span> 
     </span>
     <span class='ocr_line' id='line_1_67' title="bbox 2234 2179 3786 2259; baseline 0.001 -18"><span class='ocrx_word' id='word_1_352' title='bbox 2234 2181 2596 2242; x_wconf 78' lang='lat' dir='ltr'><strong>naturalem</strong></span> <span class='ocrx_word' id='word_1_353' title='bbox 2627 2183 3172 2259; x_wconf 79' lang='lat' dir='ltr'><strong>propagationem</strong></span> <span class='ocrx_word' id='word_1_354' title='bbox 3219 2196 3298 2243; x_wconf 79' lang='lat' dir='ltr'><strong>ex</strong></span> <span class='ocrx_word' id='word_1_355' title='bbox 3346 2179 3618 2254; x_wconf 78' lang='lat' dir='ltr'><strong>AdamO,</strong></span> <span class='ocrx_word' id='word_1_356' title='bbox 3668 2196 3786 2242; x_wconf 91' lang='lat' dir='ltr'><strong>ne-</strong></span> 
     </span>
     <span class='ocr_line' id='line_1_68' title="bbox 2240 2298 3786 2376; baseline 0.002 -18"><span class='ocrx_word' id='word_1_357' title='bbox 2240 2298 2564 2359; x_wconf 88' lang='lat' dir='ltr'><strong>cessarius</strong></span> <span class='ocrx_word' id='word_1_358' title='bbox 2610 2303 2710 2360; x_wconf 91' lang='lat' dir='ltr'><strong>est</strong></span> <span class='ocrx_word' id='word_1_359' title='bbox 2760 2300 3125 2375; x_wconf 76' lang='lat' dir='ltr'><strong>Baptismus</strong></span> <span class='ocrx_word' id='word_1_360' title='bbox 3170 2314 3290 2374; x_wconf 92' lang='lat' dir='ltr'><strong>per</strong></span> <span class='ocrx_word' id='word_1_361' title='bbox 3329 2314 3529 2376; x_wconf 88' lang='lat' dir='ltr'><strong>quem</strong></span> <span class='ocrx_word' id='word_1_362' title='bbox 3568 2299 3786 2361; x_wconf 90' lang='lat' dir='ltr'><strong>indui·</strong></span> 
     </span>
     <span class='ocr_line' id='line_1_69' title="bbox 2237 2413 3788 2488; baseline 0.001 -14"><span class='ocrx_word' id='word_1_363' title='bbox 2237 2430 2385 2476; x_wconf 89' lang='lat' dir='ltr'><strong>mus</strong></span> <span class='ocrx_word' id='word_1_364' title='bbox 2455 2415 2806 2488; x_wconf 79' lang='lat' dir='ltr'><strong>Christum,</strong></span> <span class='ocrx_word' id='word_1_365' title='bbox 2879 2414 3178 2474; x_wconf 79' lang='lat' dir='ltr'><strong>exuimus</strong></span> <span class='ocrx_word' id='word_1_366' title='bbox 3227 2418 3520 2476; x_wconf 86' lang='lat' dir='ltr'><strong>veterem</strong></span> <span class='ocrx_word' id='word_1_367' title='bbox 3571 2413 3788 2475; x_wconf 88' lang='lat' dir='ltr'><strong>homi·</strong></span> 
     </span>
     <span class='ocr_line' id='line_1_70' title="bbox 2239 2531 3785 2607; baseline 0.001 -15"><span class='ocrx_word' id='word_1_368' title='bbox 2239 2546 2416 2603; x_wconf 89' lang='lat' dir='ltr'><strong>nem,</strong></span> <span class='ocrx_word' id='word_1_369' title='bbox 2486 2532 2864 2604; x_wconf 85' lang='lat' dir='ltr'><strong>liberamur,</strong></span> <span class='ocrx_word' id='word_1_370' title='bbox 2942 2531 3363 2605; x_wconf 89' lang='lat' dir='ltr'><strong>mundamur,</strong></span> <span class='ocrx_word' id='word_1_371' title='bbox 3438 2532 3785 2607; x_wconf 81' lang='lat' dir='ltr'><strong>salvamur,</strong></span> 
     </span>
     <span class='ocr_line' id='line_1_71' title="bbox 2243 2647 3789 2728; baseline 0 -20"><span class='ocrx_word' id='word_1_372' title='bbox 2243 2647 2772 2710; x_wconf 87' lang='lat' dir='ltr'><strong>circumcidimur</strong></span> <span class='ocrx_word' id='word_1_373' title='bbox 2826 2666 2864 2709; x_wconf 88' lang='lat' dir='ltr'><strong>a</strong></span> <span class='ocrx_word' id='word_1_374' title='bbox 2924 2651 3195 2725; x_wconf 88' lang='lat' dir='ltr'><strong>peccato</strong></span> <span class='ocrx_word' id='word_1_375' title='bbox 3231 2653 3297 2709; x_wconf 85' lang='lat' dir='ltr'><strong>et</strong></span> <span class='ocrx_word' id='word_1_376' title='bbox 3324 2647 3789 2728; x_wconf 87' lang='lat' dir='ltr'><strong>illuminamur,</strong></span> 
     </span>
     <span class='ocr_line' id='line_1_72' title="bbox 2239 2763 3152 2827; baseline 0 -2"><span class='ocrx_word' id='word_1_377' title='bbox 2239 2769 2315 2825; x_wconf 88' lang='lat' dir='ltr'><strong>ut</strong></span> <span class='ocrx_word' id='word_1_378' title='bbox 2341 2766 2624 2827; x_wconf 82' lang='lat' dir='ltr'><strong>habetur</strong></span> <span class='ocrx_word' id='word_1_379' title='bbox 2652 2763 2736 2825; x_wconf 89' lang='lat' dir='ltr'><strong>ad</strong></span> <span class='ocrx_word' id='word_1_380' title='bbox 2770 2764 3066 2825; x_wconf 62' lang='lat' dir='ltr'><strong>Hebraeos</strong></span> <span class='ocrx_word' id='word_1_381' title='bbox 3090 2763 3152 2825; x_wconf 88' lang='grc'><strong>6.</strong></span> 
     </span>
    </p>
   </div>
   <div class='ocr_carea' id='block_1_15' title="bbox 2245 2877 4145 3088">
    <p class='ocr_par' dir='ltr' id='par_1_18' title="bbox 2245 2877 4145 3088">
     <span class='ocr_line' id='line_1_73' title="bbox 2320 2877 4006 2954; baseline 0.002 -13"><span class='ocrx_word' id='word_1_382' title='bbox 2320 2878 2626 2941; x_wconf 90' lang='lat' dir='ltr'><strong>Secundo</strong></span> <span class='ocrx_word' id='word_1_383' title='bbox 2658 2878 2895 2940; x_wconf 84' lang='lat' dir='ltr'><strong>eadem</strong></span> <span class='ocrx_word' id='word_1_384' title='bbox 2925 2880 3161 2940; x_wconf 85' lang='lat' dir='ltr'><strong>veritas</strong></span> <span class='ocrx_word' id='word_1_385' title='bbox 3206 2894 3289 2939; x_wconf 82' lang='lat' dir='ltr'><strong>ex</strong></span> <span class='ocrx_word' id='word_1_386' title='bbox 3335 2877 3634 2941; x_wconf 81' lang='lat' dir='ltr'><strong>Patribus</strong></span> <span class='ocrx_word' id='word_1_387' title='bbox 3671 2895 3792 2954; x_wconf 89' lang='lat' dir='ltr'><strong>pa·</strong></span> <span class='ocrx_word' id='word_1_388' title='bbox 3952 2899 4006 2946; x_wconf 70' lang='lat' dir='ltr'><strong>s.</strong></span> 
     </span>
     <span class='ocr_line' id='line_1_74' title="bbox 2245 2956 4145 3088; baseline 0 -30"><span class='ocrx_word' id='word_1_389' title='bbox 2245 3002 2354 3067; x_wconf 81' lang='lat' dir='ltr'><strong>tet,</strong></span> <span class='ocrx_word' id='word_1_390' title='bbox 2389 2996 2679 3076; x_wconf 87' lang='lat' dir='ltr'><strong>Syricius</strong></span> <span class='ocrx_word' id='word_1_391' title='bbox 2708 2967 2877 3074; x_wconf 81' lang='lat' dir='ltr'><strong>Papa</strong></span> <span class='ocrx_word' id='word_1_392' title='bbox 2926 2997 3103 3071; x_wconf 85' lang='lat' dir='ltr'><strong>epist.</strong></span> <span class='ocrx_word' id='word_1_393' title='bbox 3152 2997 3204 3056; x_wconf 93' lang='lat' dir='ltr'><strong>l.</strong></span> <span class='ocrx_word' id='word_1_394' title='bbox 3251 3013 3391 3072; x_wconf 89' lang='lat' dir='ltr'><strong>cap.</strong></span> <span class='ocrx_word' id='word_1_395' title='bbox 3437 2999 3497 3057; x_wconf 82' lang='lat'><strong>2.</strong></span> <span class='ocrx_word' id='word_1_396' title='bbox 3549 3013 3790 3073; x_wconf 86' lang='lat' dir='ltr'><strong>suppo·</strong></span> <span class='ocrx_word' id='word_1_397' title='bbox 3821 2956 4145 3088; x_wconf 52' lang='lat' dir='ltr'><strong>psrss‘iss‘t&#39;ss&#39;u</strong></span> 
     </span>
    </p>
   </div>
   <div class='ocr_carea' id='block_1_16' title="bbox 2240 3082 4111 3211">
    <p class='ocr_par' dir='ltr' id='par_1_19' title="bbox 2240 3082 4111 3211">
     <span class='ocr_line' id='line_1_75' title="bbox 2240 3082 4111 3211; baseline 0.002 -36"><span class='ocrx_word' id='word_1_398' title='bbox 2240 3113 2335 3175; x_wconf 90' lang='lat' dir='ltr'><strong>nit</strong></span> <span class='ocrx_word' id='word_1_399' title='bbox 2387 3129 2563 3186; x_wconf 89' lang='lat' dir='ltr'><strong>eum,</strong></span> <span class='ocrx_word' id='word_1_400' title='bbox 2624 3113 2732 3191; x_wconf 88' lang='lat' dir='ltr'><strong>qui</strong></span> <span class='ocrx_word' id='word_1_401' title='bbox 2796 3112 3048 3191; x_wconf 84' lang='lat' dir='ltr'><strong>absque</strong></span> <span class='ocrx_word' id='word_1_402' title='bbox 3113 3114 3439 3193; x_wconf 82' lang='lat' dir='ltr'><strong>Baptismo</strong></span> <span class='ocrx_word' id='word_1_403' title='bbox 3500 3112 3787 3187; x_wconf 75' lang='lat' dir='ltr'><strong>decedit,</strong></span> <span class='ocrx_word' id='word_1_404' title='bbox 3849 3082 4111 3211; x_wconf 39' lang='lat' dir='ltr'><strong>{32¹}ssssssss</strong></span> 
     </span>
    </p>
   </div>
   <div class='ocr_carea' id='block_1_17' title="bbox 2233 3210 4145 4810">
    <p class='ocr_par' dir='ltr' id='par_1_20' title="bbox 2241 3210 4145 3655">
     <span class='ocr_line' id='line_1_76' title="bbox 2241 3210 4145 3334; baseline 0.001 -43"><span class='ocrx_word' id='word_1_405' title='bbox 2241 3229 2523 3306; x_wconf 88' lang='lat' dir='ltr'><strong>perdere</strong></span> <span class='ocrx_word' id='word_1_406' title='bbox 2554 3228 2753 3291; x_wconf 87' lang='lat' dir='ltr'><strong>vitam</strong></span> <span class='ocrx_word' id='word_1_407' title='bbox 2805 3233 2871 3289; x_wconf 82' lang='lat' dir='ltr'><strong>et</strong></span> <span class='ocrx_word' id='word_1_408' title='bbox 2916 3244 3220 3307; x_wconf 89' lang='lat' dir='ltr'><strong>regnum.</strong></span> <span class='ocrx_word' id='word_1_409' title='bbox 3269 3232 3550 3292; x_wconf 83' lang='lat' dir='ltr'><strong>Irenaeus</strong></span> <span class='ocrx_word' id='word_1_410' title='bbox 3582 3230 3689 3291; x_wconf 86' lang='lat' dir='ltr'><strong>lib.</strong></span> <span class='ocrx_word' id='word_1_411' title='bbox 3726 3231 3785 3291; x_wconf 88' lang='lat'><strong>3.</strong></span> <span class='ocrx_word' id='word_1_412' title='bbox 3825 3210 4145 3334; x_wconf 43' lang='grc' dir='ltr'><strong>ἑξξωῗὲὲᾈ</strong></span> 
     </span>
     <span class='ocr_line' id='line_1_77' title="bbox 2243 3333 4115 3460; baseline -0.001 -55"><span class='ocrx_word' id='word_1_413' title='bbox 2243 3353 2468 3407; x_wconf 88' lang='lat' dir='ltr'><strong>contra</strong></span> <span class='ocrx_word' id='word_1_414' title='bbox 2507 3346 2795 3417; x_wconf 79' lang='lat' dir='ltr'><strong>haereses,</strong></span> <span class='ocrx_word' id='word_1_415' title='bbox 2845 3362 2990 3421; x_wconf 90' lang='lat' dir='ltr'><strong>cap.</strong></span> <span class='ocrx_word' id='word_1_416' title='bbox 3049 3346 3144 3407; x_wconf 87' lang='lat'><strong>19.</strong></span> <span class='ocrx_word' id='word_1_417' title='bbox 3201 3362 3445 3425; x_wconf 81' lang='lat' dir='ltr'><strong>aquam</strong></span> <span class='ocrx_word' id='word_1_418' title='bbox 3500 3350 3567 3407; x_wconf 91' lang='lat' dir='ltr'><strong>et</strong></span> <span class='ocrx_word' id='word_1_419' title='bbox 3607 3348 3793 3424; x_wconf 88' lang='lat' dir='ltr'><strong>spiri·</strong></span> <span class='ocrx_word' id='word_1_420' title='bbox 3847 3333 4115 3460; x_wconf 45' lang='grc' dir='ltr'><strong>Λῑιξξιξξῑῖη</strong></span> 
     </span>
     <span class='ocr_line' id='line_1_78' title="bbox 2245 3462 3795 3532; baseline 0 -10"><span class='ocrx_word' id='word_1_421' title='bbox 2245 3465 2374 3522; x_wconf 92' lang='lat' dir='ltr'><strong>tum</strong></span> <span class='ocrx_word' id='word_1_422' title='bbox 2409 3477 2556 3522; x_wconf 90' lang='lat' dir='ltr'><strong>esse</strong></span> <span class='ocrx_word' id='word_1_423' title='bbox 2587 3462 2985 3532; x_wconf 86' lang='lat' dir='ltr'><strong>necessaria,</strong></span> <span class='ocrx_word' id='word_1_424' title='bbox 3020 3468 3092 3523; x_wconf 88' lang='lat' dir='ltr'><strong>ut</strong></span> <span class='ocrx_word' id='word_1_425' title='bbox 3121 3462 3316 3524; x_wconf 87' lang='lat' dir='ltr'><strong>homo</strong></span> <span class='ocrx_word' id='word_1_426' title='bbox 3349 3464 3414 3524; x_wconf 92' lang='lat' dir='ltr'><strong>in</strong></span> <span class='ocrx_word' id='word_1_427' title='bbox 3444 3465 3644 3524; x_wconf 86' lang='lat' dir='ltr'><strong>vitam</strong></span> <span class='ocrx_word' id='word_1_428' title='bbox 3678 3462 3795 3527; x_wconf 87' lang='lat' dir='ltr'><strong>Dei</strong></span> 
     </span>
     <span class='ocr_line' id='line_1_79' title="bbox 2241 3576 3792 3655; baseline 0.003 -16"><span class='ocrx_word' id='word_1_429' title='bbox 2241 3576 2633 3654; x_wconf 84' lang='lat' dir='ltr'><strong>perficiatur.</strong></span> <span class='ocrx_word' id='word_1_430' title='bbox 2688 3578 2815 3639; x_wconf 89' lang='lat' dir='ltr'><strong>Leo</strong></span> <span class='ocrx_word' id='word_1_431' title='bbox 2869 3579 3038 3655; x_wconf 85' lang='lat' dir='ltr'><strong>Papa</strong></span> <span class='ocrx_word' id='word_1_432' title='bbox 3089 3583 3267 3655; x_wconf 81' lang='lat' dir='ltr'><strong>epist.</strong></span> <span class='ocrx_word' id='word_1_433' title='bbox 3319 3582 3420 3641; x_wconf 85' lang='lat'><strong>78.</strong></span> <span class='ocrx_word' id='word_1_434' title='bbox 3478 3580 3649 3642; x_wconf 86' lang='lat' dir='ltr'><strong>alias</strong></span> <span class='ocrx_word' id='word_1_435' title='bbox 3688 3581 3792 3643; x_wconf 91' lang='grc'><strong>80.</strong></span> 
     </span>
    </p>

    <p class='ocr_par' dir='ltr' id='par_1_21' title="bbox 2242 3682 3836 3772">
     <span class='ocr_line' id='line_1_80' title="bbox 2242 3682 3836 3772; baseline 0.003 -18"><span class='ocrx_word' id='word_1_436' title='bbox 2242 3693 2351 3772; x_wconf 89' lang='lat' dir='ltr'><strong>qui</strong></span> <span class='ocrx_word' id='word_1_437' title='bbox 2394 3694 2722 3769; x_wconf 84' lang='lat' dir='ltr'><strong>Baptismo</strong></span> <span class='ocrx_word' id='word_1_438' title='bbox 2772 3697 3080 3771; x_wconf 87' lang='lat' dir='ltr'><strong>privatur,</strong></span> <span class='ocrx_word' id='word_1_439' title='bbox 3133 3695 3510 3757; x_wconf 85' lang='lat' dir='ltr'><strong>necessaria</strong></span> <span class='ocrx_word' id='word_1_440' title='bbox 3553 3696 3793 3757; x_wconf 85' lang='lat' dir='ltr'><strong>libera·</strong></span> <span class='ocrx_word' id='word_1_441' title='bbox 3831 3682 3836 3687; x_wconf 44' lang='lat'><strong>⁴</strong></span> 
     </span>
    </p>

    <p class='ocr_par' dir='ltr' id='par_1_22' title="bbox 2242 3810 3794 3890">
     <span class='ocr_line' id='line_1_81' title="bbox 2242 3810 3794 3890; baseline 0.002 -19"><span class='ocrx_word' id='word_1_442' title='bbox 2242 3812 2414 3871; x_wconf 88' lang='lat' dir='ltr'><strong>tione</strong></span> <span class='ocrx_word' id='word_1_443' title='bbox 2475 3812 2735 3887; x_wconf 88' lang='lat' dir='ltr'><strong>privari,</strong></span> <span class='ocrx_word' id='word_1_444' title='bbox 2809 3818 2935 3873; x_wconf 87' lang='lat' dir='ltr'><strong>etc.</strong></span> <span class='ocrx_word' id='word_1_445' title='bbox 2999 3810 3430 3890; x_wconf 85' lang='lat' dir='ltr'><strong>Hieronymus</strong></span> <span class='ocrx_word' id='word_1_446' title='bbox 3500 3812 3661 3874; x_wconf 87' lang='lat' dir='ltr'><strong>diat.</strong></span> <span class='ocrx_word' id='word_1_447' title='bbox 3732 3815 3794 3876; x_wconf 88' lang='lat'><strong>3.</strong></span> 
     </span>
    </p>

    <p class='ocr_par' dir='ltr' id='par_1_23' title="bbox 2240 3927 3794 4007">
     <span class='ocr_line' id='line_1_82' title="bbox 2240 3927 3794 4007; baseline 0.002 -20"><span class='ocrx_word' id='word_1_448' title='bbox 2240 3933 2462 3987; x_wconf 87' lang='lat' dir='ltr'><strong>contra</strong></span> <span class='ocrx_word' id='word_1_449' title='bbox 2532 3927 2893 4001; x_wconf 70' lang='lat' dir='ltr'><strong>Pelayium.</strong></span> <span class='ocrx_word' id='word_1_450' title='bbox 2968 3928 3370 4007; x_wconf 78' lang='lat' dir='ltr'><strong>Augustinus</strong></span> <span class='ocrx_word' id='word_1_451' title='bbox 3413 3930 3491 3990; x_wconf 88' lang='lat' dir='ltr'><strong>de</strong></span> <span class='ocrx_word' id='word_1_452' title='bbox 3548 3938 3794 4006; x_wconf 77' lang='lat' dir='ltr'><strong>peccat.</strong></span> 
     </span>
    </p>

    <p class='ocr_par' dir='ltr' id='par_1_24' title="bbox 2238 4042 3799 4233">
     <span class='ocr_line' id='line_1_83' title="bbox 2239 4042 3799 4120; baseline 0.004 -20"><span class='ocrx_word' id='word_1_453' title='bbox 2239 4042 2486 4101; x_wconf 83' lang='lat' dir='ltr'><strong>meritis</strong></span> <span class='ocrx_word' id='word_1_454' title='bbox 2517 4047 2573 4101; x_wconf 89' lang='lat' dir='ltr'><strong>et</strong></span> <span class='ocrx_word' id='word_1_455' title='bbox 2605 4043 2853 4102; x_wconf 87' lang='lat' dir='ltr'><strong>remiss.</strong></span> <span class='ocrx_word' id='word_1_456' title='bbox 2900 4048 3124 4104; x_wconf 89' lang='lat' dir='ltr'><strong>contra</strong></span> <span class='ocrx_word' id='word_1_457' title='bbox 3170 4047 3335 4106; x_wconf 84' lang='lat' dir='ltr'><strong>duas</strong></span> <span class='ocrx_word' id='word_1_458' title='bbox 3383 4046 3560 4120; x_wconf 84' lang='lat' dir='ltr'><strong>epist.</strong></span> <span class='ocrx_word' id='word_1_459' title='bbox 3612 4046 3799 4106; x_wconf 83' lang='lat' dir='ltr'><strong>Pela-</strong></span> 
     </span>
     <span class='ocr_line' id='line_1_84' title="bbox 2238 4139 3799 4233; baseline 0.004 -18"><span class='ocrx_word' id='word_1_460' title='bbox 2238 4157 2614 4232; x_wconf 69' lang='lat' dir='ltr'><strong>manorum,</strong></span> <span class='ocrx_word' id='word_1_461' title='bbox 2663 4174 2804 4231; x_wconf 83' lang='lat' dir='ltr'><strong>cap.</strong></span> <span class='ocrx_word' id='word_1_462' title='bbox 2866 4158 2926 4219; x_wconf 89' lang='grc'><strong>4.</strong></span> <span class='ocrx_word' id='word_1_463' title='bbox 2997 4157 3107 4218; x_wconf 84' lang='lat' dir='ltr'><strong>lib.</strong></span> <span class='ocrx_word' id='word_1_464' title='bbox 3169 4160 3221 4220; x_wconf 94' lang='lat' dir='ltr'><strong>l.</strong></span> <span class='ocrx_word' id='word_1_465' title='bbox 3289 4161 3366 4221; x_wconf 83' lang='lat' dir='ltr'><strong>de</strong></span> <span class='ocrx_word' id='word_1_466' title='bbox 3424 4163 3678 4233; x_wconf 76' lang='lat' dir='ltr'><strong>Anima,</strong></span> <span class='ocrx_word' id='word_1_467' title='bbox 3745 4139 3799 4221; x_wconf 80' lang='lat' dir='ltr'><strong>et</strong></span> 
     </span>
    </p>

    <p class='ocr_par' dir='ltr' id='par_1_25' title="bbox 2238 4273 3792 4352">
     <span class='ocr_line' id='line_1_85' title="bbox 2238 4273 3792 4352; baseline 0.005 -22"><span class='ocrx_word' id='word_1_468' title='bbox 2238 4273 2378 4347; x_wconf 87' lang='lat' dir='ltr'><strong>ejus</strong></span> <span class='ocrx_word' id='word_1_469' title='bbox 2407 4274 2681 4347; x_wconf 72' lang='lat' dir='ltr'><strong>orz&#39;qine,</strong></span> <span class='ocrx_word' id='word_1_470' title='bbox 2714 4289 2857 4349; x_wconf 87' lang='lat' dir='ltr'><strong>cap.</strong></span> <span class='ocrx_word' id='word_1_471' title='bbox 2897 4274 2989 4336; x_wconf 88' lang='lat'><strong>10.</strong></span> <span class='ocrx_word' id='word_1_472' title='bbox 3028 4274 3137 4336; x_wconf 75' lang='lat' dir='ltr'><strong>tib.</strong></span> <span class='ocrx_word' id='word_1_473' title='bbox 3172 4275 3234 4335; x_wconf 81' lang='lat'><strong>2.</strong></span> <span class='ocrx_word' id='word_1_474' title='bbox 3269 4292 3412 4352; x_wconf 81' lang='lat' dir='ltr'><strong>cap.</strong></span> <span class='ocrx_word' id='word_1_475' title='bbox 3452 4279 3546 4339; x_wconf 78' lang='lat'><strong>12.</strong></span> <span class='ocrx_word' id='word_1_476' title='bbox 3585 4278 3698 4339; x_wconf 76' lang='lat' dir='ltr'><strong>tib.</strong></span> <span class='ocrx_word' id='word_1_477' title='bbox 3734 4278 3792 4339; x_wconf 87' lang='lat'><strong>3.</strong></span> 
     </span>
    </p>

    <p class='ocr_par' dir='ltr' id='par_1_26' title="bbox 2233 4390 4134 4810">
     <span class='ocr_line' id='line_1_86' title="bbox 2238 4390 3789 4469; baseline 0.004 -20"><span class='ocrx_word' id='word_1_478' title='bbox 2238 4405 2378 4463; x_wconf 87' lang='lat' dir='ltr'><strong>cap.</strong></span> <span class='ocrx_word' id='word_1_479' title='bbox 2425 4390 2484 4451; x_wconf 88' lang='lat'><strong>9.</strong></span> <span class='ocrx_word' id='word_1_480' title='bbox 2534 4393 2711 4464; x_wconf 86' lang='lat' dir='ltr'><strong>epist.</strong></span> <span class='ocrx_word' id='word_1_481' title='bbox 2767 4390 2870 4451; x_wconf 87' lang='grc'><strong>28.</strong></span> <span class='ocrx_word' id='word_1_482' title='bbox 2932 4397 2997 4452; x_wconf 86' lang='lat' dir='ltr'><strong>et</strong></span> <span class='ocrx_word' id='word_1_483' title='bbox 3052 4391 3203 4453; x_wconf 85' lang='lat' dir='ltr'><strong>alibi</strong></span> <span class='ocrx_word' id='word_1_484' title='bbox 3263 4393 3509 4469; x_wconf 88' lang='lat' dir='ltr'><strong>passim</strong></span> <span class='ocrx_word' id='word_1_485' title='bbox 3568 4398 3789 4457; x_wconf 87' lang='lat' dir='ltr'><strong>contra</strong></span> 
     </span>
     <span class='ocr_line' id='line_1_87' title="bbox 2238 4503 4128 4586; baseline 0.008 -23"><span class='ocrx_word' id='word_1_486' title='bbox 2238 4503 2644 4583; x_wconf 86' lang='lat' dir='ltr'><strong>Pelagianos.</strong></span> <span class='ocrx_word' id='word_1_487' title='bbox 2706 4503 3064 4568; x_wconf 85' lang='lat' dir='ltr'><strong>Concilium</strong></span> <span class='ocrx_word' id='word_1_488' title='bbox 3137 4507 3791 4586; x_wconf 82' lang='lat' dir='ltr'><strong>Constantinopolita-</strong></span> <span class='ocrx_word' id='word_1_489' title='bbox 3845 4525 4128 4579; x_wconf 80' lang='lat' dir='ltr'><strong>Conciiium</strong></span> 
     </span>
     <span class='ocr_line' id='line_1_88' title="bbox 2236 4591 4134 4726; baseline 0.005 -48"><span class='ocrx_word' id='word_1_490' title='bbox 2236 4633 2396 4678; x_wconf 87' lang='lat' dir='ltr'><strong>num</strong></span> <span class='ocrx_word' id='word_1_491' title='bbox 2449 4638 2461 4679; x_wconf 94' lang='lat'>:</span> <span class='ocrx_word' id='word_1_492' title='bbox 2509 4619 2827 4694; x_wconf 76' lang='lat' dir='ltr'><strong>Confiteor</strong></span> <span class='ocrx_word' id='word_1_493' title='bbox 2875 4637 3079 4681; x_wconf 82' lang='lat' dir='ltr'><strong>unum</strong></span> <span class='ocrx_word' id='word_1_494' title='bbox 3106 4625 3441 4700; x_wconf 86' lang='lat' dir='ltr'><strong>Baptisma</strong></span> <span class='ocrx_word' id='word_1_495' title='bbox 3466 4627 3534 4685; x_wconf 87' lang='lat' dir='ltr'><strong>in</strong></span> <span class='ocrx_word' id='word_1_496' title='bbox 3563 4627 3792 4687; x_wconf 85' lang='lat' dir='ltr'><strong>remis·</strong></span> <span class='ocrx_word' id='word_1_497' title='bbox 3835 4591 4134 4726; x_wconf 52' lang='grc' dir='ltr'><strong>ἓξέοἳξῗέἒ</strong></span> 
     </span>
     <span class='ocr_line' id='line_1_89' title="bbox 2233 4734 2941 4810; baseline 0.007 -17"><span class='ocrx_word' id='word_1_498' title='bbox 2233 4734 2478 4795; x_wconf 89' lang='lat' dir='ltr'><strong>sionem</strong></span> <span class='ocrx_word' id='word_1_499' title='bbox 2502 4741 2941 4810; x_wconf 84' lang='lat' dir='ltr'><strong>peecatorum.</strong></span> 
     </span>
    </p>
   </div>
   <div class='ocr_carea' id='block_1_18' title="bbox 2232 4851 4150 5634">
    <p class='ocr_par' dir='ltr' id='par_1_27' title="bbox 2232 4851 4150 5634">
     <span class='ocr_line' id='line_1_90' title="bbox 2312 4851 4011 4935; baseline 0.001 -20"><span class='ocrx_word' id='word_1_500' title='bbox 2312 4852 2527 4912; x_wconf 78' lang='lat' dir='ltr'><strong>Tertio</strong></span> <span class='ocrx_word' id='word_1_501' title='bbox 2579 4851 2895 4928; x_wconf 86' lang='lat' dir='ltr'><strong>probatur</strong></span> <span class='ocrx_word' id='word_1_502' title='bbox 2937 4854 3314 4929; x_wconf 78' lang='lat' dir='ltr'><strong>specialiter</strong></span> <span class='ocrx_word' id='word_1_503' title='bbox 3363 4856 3446 4918; x_wconf 89' lang='lat' dir='ltr'><strong>de</strong></span> <span class='ocrx_word' id='word_1_504' title='bbox 3504 4859 3789 4935; x_wconf 88' lang='lat' dir='ltr'><strong>parvulis</strong></span> <span class='ocrx_word' id='word_1_505' title='bbox 3955 4881 4011 4934; x_wconf 85' lang='lat'><strong>9.</strong></span> 
     </span>
     <span class='ocr_line' id='line_1_91' title="bbox 2235 4944 4150 5055; baseline 0.002 -28"><span class='ocrx_word' id='word_1_506' title='bbox 2235 4982 2314 5027; x_wconf 82' lang='lat' dir='ltr'><strong>ex</strong></span> <span class='ocrx_word' id='word_1_507' title='bbox 2349 4967 2679 5028; x_wconf 89' lang='lat' dir='ltr'><strong>communi</strong></span> <span class='ocrx_word' id='word_1_508' title='bbox 2709 4967 2970 5030; x_wconf 78' lang='lat' dir='ltr'><strong>Petrum</strong></span> <span class='ocrx_word' id='word_1_509' title='bbox 3013 4977 3079 5034; x_wconf 89' lang='lat' dir='ltr'><strong>et</strong></span> <span class='ocrx_word' id='word_1_510' title='bbox 3123 4972 3427 5036; x_wconf 62' lang='lat' dir='ltr'><strong>Ecclesiae</strong></span> <span class='ocrx_word' id='word_1_511' title='bbox 3471 4989 3674 5036; x_wconf 88' lang='lat' dir='ltr'><strong>sensu</strong></span> <span class='ocrx_word' id='word_1_512' title='bbox 3723 4980 3789 5037; x_wconf 87' lang='lat' dir='ltr'><strong>et</strong></span> <span class='ocrx_word' id='word_1_513' title='bbox 3821 4944 4150 5055; x_wconf 49' lang='lat' dir='ltr'><strong>Tertjiaeratio</strong></span> 
     </span>
     <span class='ocr_line' id='line_1_92' title="bbox 2237 5069 4118 5183; baseline 0.001 -40"><span class='ocrx_word' id='word_1_514' title='bbox 2237 5081 2641 5145; x_wconf 88' lang='lat' dir='ltr'><strong>definitione.</strong></span> <span class='ocrx_word' id='word_1_515' title='bbox 2737 5084 3043 5147; x_wconf 88' lang='lat' dir='ltr'><strong>Clemens</strong></span> <span class='ocrx_word' id='word_1_516' title='bbox 3131 5089 3461 5151; x_wconf 82' lang='lat' dir='ltr'><strong>Romanus</strong></span> <span class='ocrx_word' id='word_1_517' title='bbox 3544 5089 3655 5151; x_wconf 84' lang='lat' dir='ltr'><strong>lib.</strong></span> <span class='ocrx_word' id='word_1_518' title='bbox 3726 5093 3785 5154; x_wconf 87' lang='grc'><strong>6.</strong></span> <span class='ocrx_word' id='word_1_519' title='bbox 3838 5069 4118 5183; x_wconf 49' lang='lat' dir='ltr'><strong>fflg‘gssflff</strong></span> 
     </span>
     <span class='ocr_line' id='line_1_93' title="bbox 2235 5194 4073 5305; baseline 0.004 -46"><span class='ocrx_word' id='word_1_520' title='bbox 2235 5216 2375 5274; x_wconf 90' lang='lat' dir='ltr'><strong>cap.</strong></span> <span class='ocrx_word' id='word_1_521' title='bbox 2426 5200 2520 5260; x_wconf 89' lang='lat'><strong>15.</strong></span> <span class='ocrx_word' id='word_1_522' title='bbox 2567 5205 2813 5261; x_wconf 84' lang='lat' dir='ltr'><strong>constit.</strong></span> <span class='ocrx_word' id='word_1_523' title='bbox 2871 5206 3077 5277; x_wconf 79' lang='lat' dir='ltr'><strong>Apost.</strong></span> <span class='ocrx_word' id='word_1_524' title='bbox 3126 5201 3190 5264; x_wconf 89' lang='lat' dir='ltr'><strong>id</strong></span> <span class='ocrx_word' id='word_1_525' title='bbox 3257 5201 3454 5267; x_wconf 84' lang='lat' dir='ltr'><strong>docet</strong></span> <span class='ocrx_word' id='word_1_526' title='bbox 3501 5226 3515 5266; x_wconf 90' lang='lat'>:</span> <span class='ocrx_word' id='word_1_527' title='bbox 3568 5212 3790 5285; x_wconf 75' lang='lat' dir='ltr'><strong>Bapti-</strong></span> <span class='ocrx_word' id='word_1_528' title='bbox 3910 5194 4073 5305; x_wconf 45' lang='grc' dir='ltr'><strong>ἓξὲξ·</strong></span> 
     </span>
     <span class='ocr_line' id='line_1_94' title="bbox 2234 5316 4084 5432; baseline 0.008 -56"><span class='ocrx_word' id='word_1_529' title='bbox 2234 5320 2396 5385; x_wconf 85' lang='lat' dir='ltr'><strong>zale,</strong></span> <span class='ocrx_word' id='word_1_530' title='bbox 2458 5316 2690 5393; x_wconf 82' lang='lat' dir='ltr'><strong>inquit,</strong></span> <span class='ocrx_word' id='word_1_531' title='bbox 2750 5335 2989 5395; x_wconf 86' lang='lat' dir='ltr'><strong>pueros</strong></span> <span class='ocrx_word' id='word_1_532' title='bbox 3043 5320 3346 5396; x_wconf 82' lang='lat' dir='ltr'><strong>infantes,</strong></span> <span class='ocrx_word' id='word_1_533' title='bbox 3401 5329 3529 5387; x_wconf 89' lang='lat' dir='ltr'><strong>etc.</strong></span> <span class='ocrx_word' id='word_1_534' title='bbox 3585 5331 3794 5391; x_wconf 80' lang='lat' dir='ltr'><strong>Sinite</strong></span> <span class='ocrx_word' id='word_1_535' title='bbox 3855 5321 4084 5432; x_wconf 50' lang='lat' dir='ltr'><strong>Jlgls‘t‘ffi‘s</strong></span> 
     </span>
     <span class='ocr_line' id='line_1_95' title="bbox 2232 5420 4106 5519; baseline 0.002 -26"><span class='ocrx_word' id='word_1_536' title='bbox 2232 5433 2427 5507; x_wconf 89' lang='lat' dir='ltr'><strong>enim,</strong></span> <span class='ocrx_word' id='word_1_537' title='bbox 2479 5434 2570 5493; x_wconf 84' lang='lat' dir='ltr'><strong>ait</strong></span> <span class='ocrx_word' id='word_1_538' title='bbox 2617 5439 2946 5509; x_wconf 84' lang='lat' dir='ltr'><strong>Dominus,</strong></span> <span class='ocrx_word' id='word_1_539' title='bbox 2996 5453 3242 5512; x_wconf 88' lang='lat' dir='ltr'><strong>pueros</strong></span> <span class='ocrx_word' id='word_1_540' title='bbox 3291 5443 3510 5503; x_wconf 85' lang='lat' dir='ltr'><strong>venire</strong></span> <span class='ocrx_word' id='word_1_541' title='bbox 3557 5448 3796 5519; x_wconf 85' lang='lat' dir='ltr'><strong>adme,</strong></span> <span class='ocrx_word' id='word_1_542' title='bbox 3855 5420 4106 5515; x_wconf 60' lang='lat' dir='ltr'><strong>Irqnaeuss</strong></span> 
     </span>
     <span class='ocr_line' id='line_1_96' title="bbox 2233 5509 4140 5634; baseline 0.005 -23"><span class='ocrx_word' id='word_1_543' title='bbox 2233 5557 2289 5611; x_wconf 84' lang='lat' dir='ltr'><strong>et</strong></span> <span class='ocrx_word' id='word_1_544' title='bbox 2336 5568 2414 5611; x_wconf 87' lang='lat' dir='ltr'><strong>ne</strong></span> <span class='ocrx_word' id='word_1_545' title='bbox 2462 5552 2798 5626; x_wconf 76' lang='lat' dir='ltr'><strong>prohibete</strong></span> <span class='ocrx_word' id='word_1_546' title='bbox 2827 5570 2953 5618; x_wconf 84' lang='lat' dir='ltr'><strong>eos.</strong></span> <span class='ocrx_word' id='word_1_547' title='bbox 2994 5553 3354 5634; x_wconf 81' lang='lat' dir='ltr'><strong>Dionysius</strong></span> <span class='ocrx_word' id='word_1_548' title='bbox 3405 5558 3574 5622; x_wconf 84' lang='lat' dir='ltr'><strong>Eccl.</strong></span> <span class='ocrx_word' id='word_1_549' title='bbox 3627 5562 3790 5626; x_wconf 74' lang='lat' dir='ltr'><strong>hier.</strong></span> <span class='ocrx_word' id='word_1_550' title='bbox 3848 5509 4140 5573; x_wconf 51' lang='lat' dir='ltr'><strong>ongean,</strong></span> 
     </span>
    </p>
   </div>
  </div>
 </body>
</html>
