4287 6313
522 386 641 448 502

518 563 691 618 ctam
732 552 1094 620 Ecclesiam
1138 552 1576 632 Catholicam‚
1639 553 1719 624 et
1768 552 2054 619 Extrav.

515 668 607 738 de
656 670 885 737 hoeres.
949 680 1009 734 et
1080 670 1344 737 schism.
1390 666 1503 738 Ad
1541 664 2052 738 abolendam:

527 784 901 864 Universos,
959 786 1073 869 qui
1139 783 1222 849 de
1287 785 1742 851 Sacramentis
1800 784 2060 850 ecclesi-

519 902 747 967 asticis
805 902 1007 967 aliter
1073 901 1306 967 docere
1370 922 1507 966 non
1571 910 1891 979 metuunt,
1944 910 2062 965 aut

526 1018 870 1097 assentire,
960 1037 1157 1103 quam
1258 1027 1683 1083 sacrosancta
1766 1018 2064 1082 Romana

523 1132 824 1197 Ecclesia
861 1131 1068 1210 docet,
1135 1132 1401 1198 vinculo
1446 1132 1756 1218 perpetui
1792 1133 2063 1197 anathe-

522 1247 721 1311 matis
780 1247 1182 1312 innodamus
1216 1270 1230 1325 ;
1267 1262 1465 1334 ergo
1509 1244 1668 1316 ista
1755 1248 2064 1318 senten-

523 1361 664 1443 tia,
713 1361 920 1453 quod
978 1360 1417 1435 haereticus
1470 1359 1852 1453 baptizat,
1907 1382 2064 1433 non

526 1482 650 1550 est
719 1476 1033 1552 veritas
1102 1478 1519 1570 pertinens
1590 1480 1683 1550 ad
1744 1478 2067 1569 aliquod

528 1596 1189 1674 Sacramentum;
1240 1595 1371 1666 sed
1422 1593 1624 1666 nihil
1674 1599 1799 1667 est
1857 1614 2070 1666 asse-

527 1707 862 1778 rendum
892 1711 1279 1799 tanquam
1324 1712 1638 1781 certum
1681 1712 1761 1782 et
1810 1728 2073 1781 neces·

528 1822 840 1895 sarium
939 1824 1033 1896 ad
1122 1828 1771 1907 Sacramentum,
1868 1825 2072 1916 quod

526 1960 689 2012 non
762 1944 887 2013 est
963 1960 1249 2013 verum
1330 1942 1745 2033 pertinens
1813 1961 2073 2013 neces-

530 2056 754 2130 sario
805 2057 902 2129 ad
944 2060 1600 2139 Sacramentum;
1637 2076 1861 2149 ergo,
1905 2063 2063 2132 etc.

313 2200 366 2251 3.
620 2177 949 2255 Contra,
1018 2174 1417 2265 Magister
1477 2174 1559 2246 in
1628 2175 1934 2257 littera,
1997 2179 2074 2247 et

214 2263 369 2316 Ratio
396 2262 460 2313 ad
790 2290 804 2303 .
1644 2293 1657 2304 .

240 2327 459 2391 oppos„
533 2291 850 2364 adduclt
947 2291 1246 2365 multas
1342 2295 1908 2375 auctorltates,
1997 2295 2078 2363 et

239 2393 456 2455 ΜΒΝ·
534 2411 1053 2505 accipiuntur
1094 2413 1371 2505 plures
1424 2412 1520 2483 ab
1579 2411 2065 2502 Augustino.

534 2530 711 2601 Una
750 2533 875 2602 est
935 2549 1180 2622 super
1241 2530 1473 2601 Joan.
1544 2529 1758 2602 hom.
1821 2532 1887 2603 5.
1952 2533 2081 2596 Ba-

531 2653 816 2737 ptismus
874 2651 1030 2716 talis
1089 2660 1203 2729 est,
1284 2650 1505 2737 qualis
1558 2650 1696 2733 ille,
1762 2651 1836 2733 in.
1894 2652 2082 2735 cujus

532 2778 854 2855 potestate
909 2768 1134 2848 datur,
1174 2787 1313 2833 non
1371 2767 1589 2852 qualis
1628 2743 1975 2845 'ministem
2040 2787 2081 2831 a

539 2908 665 2973 qao
705 2886 931 2953 datur.

629 3002 861 3084 Item,
938 3003 1229 3073 contra
1332 2997 1846 3074 crescentius
1918 3018 1933 3068 t
2005 3002 2085 3066 Si

538 3142 674 3188 nort
734 3130 828 3187 est
887 3122 1125 3188 melior
1173 3121 1577 3207 Baptismus,
1620 3120 1734 3207 qui
1784 3139 1906 3205 per
1951 3139 2084 3185 me·

541 3242 779 3306 liorem
828 3240 1050 3316 datur,
1088 3237 1277 3304 nullo
1329 3238 1523 3304 modo
1567 3239 1782 3304 malus
1831 3250 1922 3305 est
1970 3239 2084 3326 qui

538 3378 663 3445 per
701 3358 950 3424 malum
991 3356 1216 3435 datur,
1254 3358 1411 3442 quia
1453 3355 1630 3421 idem
1674 3355 1899 3422 datur.

632 3473 732 3545 Et
823 3469 886 3542 si
960 3469 1119 3544 illae
1207 3468 1746 3543 auctoritates
1846 3488 2084 3561 expo-

542 3592 846 3661 nantur
894 3587 985 3659 de
1037 3585 1253 3659 malo
1287 3585 1721 3657 secundum
1783 3605 2079 3666 mores,

541 3726 702 3778 non
772 3705 863 3776 de
929 3702 1318 3775 haeretico
1381 3704 1461 3775 et
1512 3701 2077 3782 schismatico,

541 3827 818 3896 tamen
883 3821 974 3893 de
1039 3820 1163 3893 his
1233 3838 1616 3910 expresse
1673 3818 1868 3891 dicit
1926 3819 2080 3891 Au-

542 3939 917 4032 gustinus
968 3939 1062 4011 ad
1097 3937 1504 4018 Orosium,
1554 3957 1622 4029 q.
1684 3940 1793 4011 59.
1837 3941 2084 4015 Quaru-

544 4062 644 4127 vis
728 4079 933 4126 unum
1011 4058 1098 4122 sit
1168 4056 1512 4141 Baptisma
1598 4057 2079 4134 haereticoram,

546 4178 662 4263 qui
692 4177 762 4241 in
801 4174 1070 4241 nomine
1106 4173 1340 4241 Patris
1370 4181 1429 4236 et
1472 4170 1643 4237 Filii
1689 4181 1748 4236 et
1791 4172 2089 4257 Spiritus

543 4295 762 4362 sancti
819 4293 1187 4378 baptizant,
1225 4301 1283 4356 et
1332 4291 1648 4356 Ecclesioe
1700 4292 2082 4369 Catholicoe,

551 4423 770 4477 tamen
826 4410 940 4496 qui
979 4409 1151 4490 foris
1208 4407 1574 4472 Ecclesiam
1632 4406 2082 4491 baptizantur,

542 4550 678 4595 non
734 4535 1090 4592 sumuntur
1158 4523 1249 4590 ad
1312 4524 1635 4600 salutem,·
1690 4524 1770 4592 et
1832 4519 2087 4611 sequi-

543 4646 683 4715 tur
723 4668 736 4711 ε
784 4643 1085 4708 Ecclesia
1143 4662 1249 4705 cos
1298 4661 1435 4706 non
1494 4639 1881 4726 rebaptizat,
1934 4641 2091 4726 quia

546 4765 620 4829 in
675 4763 945 4830 nomine
993 4760 1348 4826 Trinitatis
1395 4759 1722 4845 baptizati
1776 4770 1950 4824 sunt.

996 4999 1651 5068 COMMENTARIUS.

339 5265 389 5314 1.
645 5228 732 5316 (a)
779 5229 1009 5294 Utrum
1040 5227 1326 5292 malitia.
1373 5223 1505 5290 Sub
1540 5222 1780 5291 malitia
1813 5222 2095 5290 ministri

276 5326 471 5440 mciaffia
556 5344 1049 5433 comprehendit
1107 5347 1338 5409 Doctor
1395 5340 1876 5427 improbitatem
1948 5340 2097 5408 vitae

266 5452 486 5504 ministri

214 5531 321 5566 com
359 5518 535 5567 rehen—
559 5462 768 5554 quoad
814 5471 1125 5539 mores,et
1158 5458 1461 5524 haeresim
1495 5478 1568 5523 ac
1599 5456 1910 5533 schisma,
1949 5477 2096 5544 quae

355 5579 434 5630 Μ
561 5589 864 5670 separant
901 5597 935 5644 a
975 5596 1247 5663 corpore
1302 5573 1633 5651 Ecclesiae,
1672 5583 1987 5660 quantum
2020 5572 2096 5639 ad

1749 384 1894 449 Lm.
1928 386 2028 448 IV.
2078 385 2676 453 SENTENTIARUM

2176 550 2368 619 fldem
2400 564 2463 620 et
2493 553 2896 627 charitatem.
2927 553 3102 622 Solet
3138 555 3219 621 ab
3247 553 3392 621 aliis
3441 554 3733 641 proponi

2175 671 2487 755 quaestio:
2543 673 2668 749 An,
2737 671 3009 752 scilicet,
3078 672 3377 758 probitas
3451 682 3514 737 et
3566 671 3734 754 fides

2178 786 2472 852 ministri
2505 790 2943 875 requirantur
2979 789 3071 855 ad
3123 789 3423 854 valorem
3486 789 3736 853 Sacra-

2176 904 2384 968 menti
2414 903 2747 990 Baptismi
2775 904 2892 972 ?et
2911 903 3183 992 perinde
3213 914 3311 970 est
3340 902 3420 969 de
3449 902 3595 970 aliis
3625 906 3740 969 Sa-

2177 1018 2526 1085 cramentis
2548 1017 2612 1083 in
2646 1039 2911 1105 genere.
2947 1016 3215 1104 Requiri
3265 1030 3479 1083 autem
3508 1015 3732 1083 fidem,

2181 1132 2267 1199 ita
2308 1146 2379 1199 ut
2438 1136 2517 1201 ab
2585 1135 2919 1202 haereticis
2979 1146 3042 1200 et
3100 1133 3538 1200 schismaticis
3603 1152 3732 1200 non

2179 1251 2562 1320 conficiatur
2634 1253 3129 1317 Sacramentum
3194 1248 3430 1329 valide,
3486 1248 3735 1336 primus

2182 1369 2439 1437 videtur
2493 1366 2793 1433 docuisse
2823 1365 3247 1452 Agrippinus,
3297 1365 3406 1451 qui
3440 1364 3735 1452 pluribus
3793 1380 4059 1433 Sententia

2183 1486 2372 1553 annis
2437 1483 2771 1571 praecessit
2817 1482 3212 1570 Cyprianum
3265 1480 3537 1547 inSede
3586 1484 3727 1546 Car·
3785 1449 3913 1557 Ἓξ
3950 1459 4094 1570 ρζζῖξ-

2185 1598 2580 1687 thaginensi,
2663 1610 2731 1665 ut
2798 1598 2937 1682 ipse
2992 1596 3353 1684 Cyprianus
3408 1596 3596 1662 docet
3667 1600 3735 1663 in
3794 1569 4070 1682 hssffliigjs,

2186 1719 2385 1804 epist.
2442 1716 2530 1782 ad
2580 1716 3010 1794 Jttbaianum,
3068 1735 3210 1801 qtae
3258 1724 3348 1778 cst
3379 1717 3482 1781 73.
3522 1712 3742 1780 docuit

2187 1834 2367 1900 inter
2395 1831 2740 1898 hoereticos
2772 1842 2837 1897 et
2867 1830 3320 1897 schismaticos
3354 1851 3483 1897 non
3537 1830 3742 1898 fuisse

2192 1969 2416 2015 verum
2451 1948 2804 2034 Baptisma,
2846 1968 2919 2014 ac
2955 1946 3229 2035 proinde
3275 1948 3617 2013 venientes
3664 1946 3744 2012 ad

2193 2066 2382 2133 fidem
2459 2066 2954 2152 rebaptizandos
3034 2064 3262 2130 docuit
3328 2065 3389 2129 in
3462 2063 3748 2131 Concilio

2189 2182 2406 2269 aliquo
2438 2181 2852 2268 provinciali,
2897 2181 3047 2267 quia
3086 2180 3146 2246 id
3183 2179 3383 2246 moris
3422 2193 3562 2245 tum
3598 2178 3742 2259 fuit,

2194 2310 2263 2365 ut
2317 2297 2613 2363 doctrina
2676 2298 3072 2365 universalis
3134 2296 3199 2362 in
3248 2295 3553 2362 Conciliis
3601 2316 3750 2382 pro-

2194 2423 2579 2500 poneretur;
2664 2425 2727 2479 et
2783 2412 3148 2500 Cyprianus
3198 2411 3411 2478 innuit
3471 2413 3547 2477 in
3612 2414 3750 2497 epi-

2190 2532 2359 2597 stola
2393 2534 2501 2597 71.
2549 2529 2638 2597 ita
2675 2530 2914 2598 factum
2958 2551 3103 2596 esse
3143 2527 3224 2596 ab
3265 2527 3653 2616 AgrippinO,
3690 2544 3754 2594 et

2194 2646 2464 2734 epistola
2507 2645 2790 2732 praefata
2886 2648 2949 2713 3.
2998 2644 3133 2709 Sub
3180 2645 3580 2732 Aqrippirw,
3655 2642 3750 2708 in-

2193 2757 2359 2846 quit,
2442 2759 2626 2825 bomo
2684 2759 3017 2825 memoria?
3063 2758 3211 2822 viro
3289 2759 3752 2825 convenientes

2193 2878 2268 2941 in
2332 2896 2558 2953 unum,
2609 2875 2923 2963 Episcopi
2990 2874 3275 2961 plurimi
3352 2874 3473 2940 hoc
3539 2878 3745 2941 statu-

2193 3003 2409 3070 erunt,
2435 3004 2556 3057 etc.
2588 2994 2735 3057 Post
2769 2990 3202 3077 Agrippinum
3228 2990 3398 3055 idem
3434 3001 3746 3057 statutum

2194 3118 2293 3176 est
2325 3107 2404 3174 ab
2449 3106 2591 3174 aliis
2630 3105 2830 3173 Iconii
2862 3104 3300 3192 congregatiS,
3358 3103 3530 3192 quod
3571 3125 3753 3171 secu-

2194 3236 2300 3290 tus
2385 3236 2482 3290 est
2555 3243 2708 3289 mox
2745 3222 3132 3309 CyprianuS,
3198 3233 3266 3286 ut
3325 3241 3404 3288 ex
3470 3220 3758 3308 praefatis

2197 3339 2490 3426 epistolis
2549 3350 2610 3404 et
2670 3337 2973 3402 Conciliis
3031 3336 3153 3402 sub
3203 3357 3277 3402 eo
3319 3336 3560 3402 habitis
3604 3356 3753 3402 con-

2198 3468 2348 3523 stat.
2384 3458 2861 3522 successerunt
2891 3452 3259 3531 Novatiani‚
3315 3452 3427 3539 qui
3494 3450 3754 3518 addide-

2198 3585 2348 3640 runt
2373 3584 2711 3660 praeterea,
2756 3591 2967 3658 neque
2997 3571 3319 3656 Baptisma
3349 3569 3429 3635 ab
3458 3567 3755 3656 improbo

2198 3689 2423 3757 datum
2482 3689 2720 3767 valere,
2775 3687 2944 3776 quod
3001 3687 3215 3754 docuit
3287 3686 3754 3753 parmenianus

2199 3807 2279 3873 de
2319 3806 2662 3872 manifesto
2698 3816 3054 3891 peccatore,
3092 3803 3263 3890 apud
3309 3803 3749 3890 Augustinum
3781 3828 4122 3880 Parmenian.

2201 3913 2314 3989 lib.
2361 3925 2422 3987 2.
2469 3932 2698 3986 contra
2730 3920 3027 3986 eumdem
3069 3941 3215 4006 cap.
3267 3924 3330 3986 1.
3365 3919 3524 4006 quin
3558 3918 3753 3987 etiam
3790 3892 4121 4016 ἂὲξέἒὲίἰὲὲ.

2201 4037 2255 4103 si
2295 4035 2587 4102 occultus
2626 4046 2821 4115 esset,
2877 4054 3005 4100 non
3044 4034 3262 4099 valere
3321 4034 3742 4119 Baptismum,

2203 4164 2273 4219 ut
2322 4151 2711 4218 Cresconius
2742 4152 2923 4238 apud
2989 4151 3287 4217 eumdem
3332 4150 3445 4217 lib.
3494 4154 3558 4218 2.
3613 4171 3761 4216 con-

2201 4283 2307 4338 tra
2387 4268 2834 4346 Cresconium,
2954 4291 3100 4355 cap.
3221 4270 3336 4333 28.
3446 4271 3767 4335 Errarunt

2202 4383 2580 4474 Apostolici,
2614 4382 2723 4471 qui
2756 4382 2925 4469 apud
2960 4382 3356 4449 Bernardum
3397 4403 3594 4449 serm.
3654 4388 3761 4451 66.

2217 4502 2229 4514 .
2520 4503 2532 4515 .
2701 4500 2713 4512 .
3352 4499 3366 4512 .
3797 4453 4112 4521 Apostolici.

2201 4522 2273 4570 in
2329 4503 2635 4579 Cantica,
2698 4500 2870 4566 idem
2929 4499 3007 4566 de
3045 4499 3499 4585 peecatorlbus
3570 4500 3762 4567 docu-
3800 4517 4130 4570 Bernardus.

2204 4628 2418 4699 erunt,
2480 4617 2649 4683 sicut
2697 4629 2760 4682 et
2810 4613 3222 4684 Waldenses
3275 4616 3443 4703 apud
3492 4619 3767 4683 Autoni-
3796 4581 4126 4694 Ὶξιζὲζῖξε·

2208 4755 2362 4802 num
2429 4735 2529 4801 tit.
2600 4736 2703 4800 11.
2766 4753 2913 4820 cap.
2999 4738 3062 4800 7.
3142 4733 3319 4800 addit
3399 4731 3767 4801 Witclefus
3793 4704 4138 4819 ξξζῖἒξζξζὲ

2207 4851 2380 4938 quod
2440 4871 2651 4937 neque
2711 4849 3021 4936 praesciti,
3087 4849 3256 4936 apud
3327 4848 3765 4918 Waldensem
3798 4829 4134 4882 Luciferiani.

2209 4979 2363 5033 tom.
2408 4969 2448 5032 2
2505 4966 2587 5032 de
2641 4967 2952 5032 Sacram.
3008 4987 3155 5052 cap.
3211 4970 3315 5034 14.
3380 4967 3776 5036 damnantur

2211 5087 2276 5152 in
2363 5082 2844 5149 Constantiensi
2927 5103 3088 5148 sess.
3163 5085 3227 5150 8.
3323 5086 3412 5148 De
3487 5083 3776 5171 antiquis

2213 5198 2634 5267 Luciferianis
2673 5198 2994 5266 incertum
3042 5208 3138 5265 est
3176 5219 3258 5265 an
3300 5197 3366 5265 in
3425 5199 3547 5266 hac
3603 5220 3779 5287 quae-

2211 5317 2423 5384 stione
2471 5315 2749 5381 errarint
2796 5314 2964 5380 circa
3022 5313 3496 5381 ordinationem
3562 5317 3784 5381 Sacer-

2212 5441 2434 5508 dotum
2484 5453 2546 5507 et
2600 5440 3102 5527 Episcoporum‚
3168 5440 3472 5527 quamvis
3530 5429 3784 5507 constet

2210 5582 2293 5633 ex
2350 5565 2631 5651 dialogis
2695 5564 3081 5651 Hieronymi
3151 5575 3377 5631 contra
3459 5564 3776 5632 Hilarium
