<?xml version="1.0" encoding="UTF-8"?>
<!DOCTYPE html PUBLIC "-//W3C//DTD XHTML 1.0 Transitional//EN"
    "http://www.w3.org/TR/xhtml1/DTD/xhtml1-transitional.dtd">
<html xmlns="http://www.w3.org/1999/xhtml" xml:lang="en" lang="en">
 <head>
  <title>
</title>
<meta http-equiv="Content-Type" content="text/html;charset=utf-8" />
  <meta name='ocr-system' content='tesseract 3.04.00' />
  <meta name='ocr-capabilities' content='ocr_page ocr_carea ocr_par ocr_line ocrx_word'/>
</head>
<body>
  <div class='ocr_page' id='page_1' title='image "./joannisdunsscot01waddgoog_0442.png"; bbox 0 0 4287 6313; ppageno 0'>
   <div class='ocr_carea' id='block_1_1' title="bbox 584 415 703 480">
    <p class='ocr_par' dir='ltr' id='par_1_1' title="bbox 584 415 703 480">
     <span class='ocr_line' id='line_1_1' title="bbox 584 415 703 480; baseline 0 0"><span class='ocrx_word' id='word_1_1' title='bbox 584 415 703 480; x_wconf 70' lang='lat'>426</span> 
     </span>
    </p>
   </div>
   <div class='ocr_carea' id='block_1_2' title="bbox 245 573 2138 688">
    <p class='ocr_par' dir='ltr' id='par_1_2' title="bbox 245 573 2138 688">
     <span class='ocr_line' id='line_1_2' title="bbox 245 573 2138 688; baseline -0.001 -28"><span class='ocrx_word' id='word_1_2' title='bbox 245 573 678 688; x_wconf 46' lang='lat' dir='ltr'>Alssugggssain</span> <span class='ocrx_word' id='word_1_3' title='bbox 777 581 1281 675; x_wconf 83' lang='lat' dir='ltr'>suscipiendo</span> <span class='ocrx_word' id='word_1_4' title='bbox 1356 586 1865 678; x_wconf 89' lang='lat' dir='ltr'>Baptismum</span> <span class='ocrx_word' id='word_1_5' title='bbox 1961 607 2138 658; x_wconf 84' lang='lat' dir='ltr'>esse</span> 
     </span>
    </p>
   </div>
   <div class='ocr_carea' id='block_1_3' title="bbox 272 694 2137 794">
    <p class='ocr_par' dir='ltr' id='par_1_3' title="bbox 272 694 2137 794">
     <span class='ocr_line' id='line_1_3' title="bbox 272 694 2137 794; baseline 0.006 -35"><span class='ocrx_word' id='word_1_6' title='bbox 272 694 832 768; x_wconf 66' lang='lat' dir='ltr'>Samma-fictus</span> <span class='ocrx_word' id='word_1_7' title='bbox 893 699 1349 791; x_wconf 76' lang='lat' dir='ltr'>dupliciter.</span> <span class='ocrx_word' id='word_1_8' title='bbox 1394 702 1569 773; x_wconf 90' lang='lat' dir='ltr'>Uno</span> <span class='ocrx_word' id='word_1_9' title='bbox 1629 704 1885 783; x_wconf 88' lang='lat' dir='ltr'>modo,</span> <span class='ocrx_word' id='word_1_10' title='bbox 1937 704 2137 794; x_wconf 82' lang='lat' dir='ltr'>quod</span> 
     </span>
    </p>
   </div>
   <div class='ocr_carea' id='block_1_4' title="bbox 347 768 473 822">
    <p class='ocr_par' dir='ltr' id='par_1_4' title="bbox 347 768 473 822">
     <span class='ocr_line' id='line_1_4' title="bbox 347 768 473 822; baseline -0.008 -12"><span class='ocrx_word' id='word_1_11' title='bbox 347 768 473 822; x_wconf 82' lang='lat' dir='ltr'>tum,</span> 
     </span>
    </p>
   </div>
   <div class='ocr_carea' id='block_1_5' title="bbox 243 816 2138 5581">
    <p class='ocr_par' dir='ltr' id='par_1_5' title="bbox 243 816 2138 3238">
     <span class='ocr_line' id='line_1_5' title="bbox 243 816 2134 950; baseline 0.004 -69"><span class='ocrx_word' id='word_1_12' title='bbox 243 822 565 950; x_wconf 48' lang='lat' dir='ltr'>afflgpoffigitg</span> <span class='ocrx_word' id='word_1_13' title='bbox 597 816 964 887; x_wconf 73' lang='lat' dir='ltr'>ostenda-t</span> <span class='ocrx_word' id='word_1_14' title='bbox 1035 838 1118 889; x_wconf 92' lang='lat' dir='ltr'>se</span> <span class='ocrx_word' id='word_1_15' title='bbox 1183 817 1388 890; x_wconf 85' lang='lat' dir='ltr'>velle</span> <span class='ocrx_word' id='word_1_16' title='bbox 1460 819 1823 911; x_wconf 90' lang='lat' dir='ltr'>recipere</span> <span class='ocrx_word' id='word_1_17' title='bbox 1912 819 2134 891; x_wconf 88' lang='lat' dir='ltr'>illam</span> 
     </span>
     <span class='ocr_line' id='line_1_6' title="bbox 278 931 2137 1061; baseline 0.005 -64"><span class='ocrx_word' id='word_1_18' title='bbox 278 948 554 1061; x_wconf 48' lang='lat' dir='ltr'>xffgglgsjssa.</span> <span class='ocrx_word' id='word_1_19' title='bbox 594 931 1114 1013; x_wconf 89' lang='lat' dir='ltr'>ablutionem,</span> <span class='ocrx_word' id='word_1_20' title='bbox 1160 955 1252 1006; x_wconf 94' lang='lat' dir='ltr'>eo</span> <span class='ocrx_word' id='word_1_21' title='bbox 1299 934 1531 1006; x_wconf 92' lang='lat' dir='ltr'>modo</span> <span class='ocrx_word' id='word_1_22' title='bbox 1568 957 1721 1027; x_wconf 87' lang='lat' dir='ltr'>quo</span> <span class='ocrx_word' id='word_1_23' title='bbox 1776 937 2137 1008; x_wconf 74' lang='lat' dir='ltr'>Ecclesia</span> 
     </span>
     <span class='ocr_line' id='line_1_7' title="bbox 269 1048 2138 1139; baseline 0.001 -18"><span class='ocrx_word' id='word_1_24' title='bbox 269 1073 533 1139; x_wconf 74' lang='lat' dir='ltr'>praesumit</span> <span class='ocrx_word' id='word_1_25' title='bbox 596 1048 932 1121; x_wconf 78' lang='lat' dir='ltr'>intendit</span> <span class='ocrx_word' id='word_1_26' title='bbox 1000 1071 1179 1123; x_wconf 87' lang='lat' dir='ltr'>eam</span> <span class='ocrx_word' id='word_1_27' title='bbox 1251 1054 1647 1133; x_wconf 85' lang='lat' dir='ltr'>conferre,</span> <span class='ocrx_word' id='word_1_28' title='bbox 1712 1059 1790 1127; x_wconf 92' lang='lat' dir='ltr'>et</span> <span class='ocrx_word' id='word_1_29' title='bbox 1866 1057 2138 1126; x_wconf 83' lang='lat' dir='ltr'>tamen</span> 
     </span>
     <span class='ocr_line' id='line_1_8' title="bbox 272 1151 2136 1256; baseline 0.003 -20"><span class='ocrx_word' id='word_1_30' title='bbox 272 1151 532 1248; x_wconf 56' lang='grc' dir='ltr'>ωᾜῗὲῖἶᾏ,</span> <span class='ocrx_word' id='word_1_31' title='bbox 598 1168 1061 1256; x_wconf 88' lang='lat' dir='ltr'>oppositum</span> <span class='ocrx_word' id='word_1_32' title='bbox 1104 1169 1342 1244; x_wconf 87' lang='lat' dir='ltr'>habet</span> <span class='ocrx_word' id='word_1_33' title='bbox 1393 1171 1470 1241; x_wconf 93' lang='lat' dir='ltr'>in</span> <span class='ocrx_word' id='word_1_34' title='bbox 1512 1169 1810 1254; x_wconf 86' lang='lat' dir='ltr'>animo,</span> <span class='ocrx_word' id='word_1_35' title='bbox 1873 1176 1949 1242; x_wconf 92' lang='lat' dir='ltr'>et</span> <span class='ocrx_word' id='word_1_36' title='bbox 2005 1171 2136 1242; x_wconf 84' lang='lat' dir='ltr'>ille</span> 
     </span>
     <span class='ocr_line' id='line_1_9' title="bbox 298 1270 2133 1378; baseline 0.003 -28"><span class='ocrx_word' id='word_1_37' title='bbox 298 1270 490 1330; x_wconf 47' lang='lat' dir='ltr'><strong>Panem</strong></span> <span class='ocrx_word' id='word_1_38' title='bbox 595 1301 755 1353; x_wconf 90' lang='lat' dir='ltr'>non</span> <span class='ocrx_word' id='word_1_39' title='bbox 810 1284 1101 1377; x_wconf 87' lang='lat' dir='ltr'>recipit</span> <span class='ocrx_word' id='word_1_40' title='bbox 1150 1289 1797 1367; x_wconf 71' lang='lat' dir='ltr'>Sacramentum,</span> <span class='ocrx_word' id='word_1_41' title='bbox 1862 1293 1948 1359; x_wconf 94' lang='lat' dir='ltr'>ut</span> <span class='ocrx_word' id='word_1_42' title='bbox 2006 1308 2133 1378; x_wconf 85' lang='lat' dir='ltr'>pa·</span> 
     </span>
     <span class='ocr_line' id='line_1_10' title="bbox 592 1404 2130 1497; baseline 0 -24"><span class='ocrx_word' id='word_1_43' title='bbox 592 1404 710 1473; x_wconf 92' lang='lat' dir='ltr'>tet</span> <span class='ocrx_word' id='word_1_44' title='bbox 755 1422 849 1472; x_wconf 85' lang='lat' dir='ltr'>ex</span> <span class='ocrx_word' id='word_1_45' title='bbox 908 1405 1351 1494; x_wconf 68' lang='lat' dir='ltr'>quaestione</span> <span class='ocrx_word' id='word_1_46' title='bbox 1396 1405 1902 1497; x_wconf 69' lang='lat' dir='ltr'>praecedenti,</span> <span class='ocrx_word' id='word_1_47' title='bbox 1951 1405 2130 1495; x_wconf 86' lang='lat' dir='ltr'>quia</span> 
     </span>
     <span class='ocr_line' id='line_1_11' title="bbox 592 1513 2129 1609; baseline -0.001 -23"><span class='ocrx_word' id='word_1_48' title='bbox 592 1513 1080 1606; x_wconf 90' lang='lat' dir='ltr'>simpliciter</span> <span class='ocrx_word' id='word_1_49' title='bbox 1163 1520 1286 1589; x_wconf 90' lang='lat' dir='ltr'>est</span> <span class='ocrx_word' id='word_1_50' title='bbox 1380 1519 1662 1589; x_wconf 89' lang='lat' dir='ltr'>nolens</span> <span class='ocrx_word' id='word_1_51' title='bbox 1764 1521 2129 1609; x_wconf 86' lang='lat' dir='ltr'>respectu</span> 
     </span>
     <span class='ocr_line' id='line_1_12' title="bbox 586 1631 2133 1712; baseline 0.003 -10"><span class='ocrx_word' id='word_1_52' title='bbox 586 1631 1025 1703; x_wconf 88' lang='lat' dir='ltr'>ablutionis</span> <span class='ocrx_word' id='word_1_53' title='bbox 1087 1634 1735 1712; x_wconf 86' lang='lat' dir='ltr'>sacramentalis,</span> <span class='ocrx_word' id='word_1_54' title='bbox 1795 1635 1986 1708; x_wconf 84' lang='lat' dir='ltr'>licet</span> <span class='ocrx_word' id='word_1_55' title='bbox 2030 1639 2133 1707; x_wconf 87' lang='lat' dir='ltr'>sit</span> 
     </span>
     <span class='ocr_line' id='line_1_13' title="bbox 581 1750 2131 1844; baseline 0.003 -25"><span class='ocrx_word' id='word_1_56' title='bbox 581 1750 889 1829; x_wconf 85' lang='lat' dir='ltr'>volens,</span> <span class='ocrx_word' id='word_1_57' title='bbox 929 1753 1299 1841; x_wconf 86' lang='lat' dir='ltr'>respectu</span> <span class='ocrx_word' id='word_1_58' title='bbox 1350 1751 1786 1822; x_wconf 88' lang='lat' dir='ltr'>ablutionis</span> <span class='ocrx_word' id='word_1_59' title='bbox 1831 1752 2131 1844; x_wconf 88' lang='lat' dir='ltr'>simpli-</span> 
     </span>
     <span class='ocr_line' id='line_1_14' title="bbox 488 1847 2131 1957; baseline 0 -19"><span class='ocrx_word' id='word_1_60' title='bbox 488 1847 493 1856; x_wconf 43' lang='lat'>‘</span> <span class='ocrx_word' id='word_1_61' title='bbox 584 1865 724 1946; x_wconf 90' lang='lat' dir='ltr'>cis,</span> <span class='ocrx_word' id='word_1_62' title='bbox 771 1871 850 1939; x_wconf 89' lang='lat' dir='ltr'>et</span> <span class='ocrx_word' id='word_1_63' title='bbox 902 1866 968 1936; x_wconf 89' lang='lat' dir='ltr'>si</span> <span class='ocrx_word' id='word_1_64' title='bbox 1028 1866 1222 1937; x_wconf 86' lang='lat' dir='ltr'>talis</span> <span class='ocrx_word' id='word_1_65' title='bbox 1279 1870 1559 1957; x_wconf 85' lang='lat' dir='ltr'>postea</span> <span class='ocrx_word' id='word_1_66' title='bbox 1624 1868 2036 1942; x_wconf 72' lang='lat' dir='ltr'>recederet</span> <span class='ocrx_word' id='word_1_67' title='bbox 2088 1890 2131 1938; x_wconf 84' lang='lat' dir='ltr'>a</span> 
     </span>
     <span class='ocr_line' id='line_1_15' title="bbox 583 1981 2127 2074; baseline 0.001 -22"><span class='ocrx_word' id='word_1_68' title='bbox 583 1981 933 2060; x_wconf 84' lang='lat' dir='ltr'>fictione,</span> <span class='ocrx_word' id='word_1_69' title='bbox 971 1986 1188 2055; x_wconf 88' lang='lat' dir='ltr'>esset</span> <span class='ocrx_word' id='word_1_70' title='bbox 1241 1982 1807 2074; x_wconf 80' lang='lat' dir='ltr'>baptizandus3</span> <span class='ocrx_word' id='word_1_71' title='bbox 1860 1987 2127 2054; x_wconf 82' lang='lat' dir='ltr'>tamen</span> 
     </span>
     <span class='ocr_line' id='line_1_16' title="bbox 587 2096 2131 2188; baseline 0.001 -22"><span class='ocrx_word' id='word_1_72' title='bbox 587 2096 953 2169; x_wconf 83' lang='lat' dir='ltr'>Ecclesia</span> <span class='ocrx_word' id='word_1_73' title='bbox 987 2097 1392 2188; x_wconf 86' lang='lat' dir='ltr'>judicaret</span> <span class='ocrx_word' id='word_1_74' title='bbox 1432 2120 1617 2170; x_wconf 90' lang='lat' dir='ltr'>eum</span> <span class='ocrx_word' id='word_1_75' title='bbox 1668 2100 2131 2172; x_wconf 82' lang='lat' dir='ltr'>consentire</span> 
     </span>
     <span class='ocr_line' id='line_1_17' title="bbox 587 2213 2133 2297; baseline 0.002 -12"><span class='ocrx_word' id='word_1_76' title='bbox 587 2213 671 2285; x_wconf 90' lang='lat' dir='ltr'>in</span> <span class='ocrx_word' id='word_1_77' title='bbox 729 2214 1226 2286; x_wconf 89' lang='lat' dir='ltr'>ablutionem</span> <span class='ocrx_word' id='word_1_78' title='bbox 1302 2217 2007 2297; x_wconf 80' lang='lat' dir='ltr'>sacramentalem,</span> <span class='ocrx_word' id='word_1_79' title='bbox 2055 2223 2133 2289; x_wconf 90' lang='lat' dir='ltr'>et</span> 
     </span>
     <span class='ocr_line' id='line_1_18' title="bbox 589 2331 2131 2419; baseline 0.001 -18"><span class='ocrx_word' id='word_1_80' title='bbox 589 2335 933 2419; x_wconf 84' lang='lat' dir='ltr'>cogeret</span> <span class='ocrx_word' id='word_1_81' title='bbox 961 2351 1142 2402; x_wconf 90' lang='lat' dir='ltr'>eum</span> <span class='ocrx_word' id='word_1_82' title='bbox 1178 2331 1273 2402; x_wconf 87' lang='lat' dir='ltr'>ad</span> <span class='ocrx_word' id='word_1_83' title='bbox 1308 2332 1910 2404; x_wconf 80' lang='lat' dir='ltr'>observantiam</span> <span class='ocrx_word' id='word_1_84' title='bbox 1958 2334 2131 2405; x_wconf 84' lang='lat' dir='ltr'>fidei</span> 
     </span>
     <span class='ocr_line' id='line_1_19' title="bbox 593 2446 2130 2541; baseline -0.001 -21"><span class='ocrx_word' id='word_1_85' title='bbox 593 2446 1105 2527; x_wconf 84' lang='lat' dir='ltr'>Christianae,</span> <span class='ocrx_word' id='word_1_86' title='bbox 1199 2448 1386 2538; x_wconf 90' lang='lat' dir='ltr'>quia</span> <span class='ocrx_word' id='word_1_87' title='bbox 1456 2450 1882 2539; x_wconf 75' lang='lat' dir='ltr'>praesumit</span> <span class='ocrx_word' id='word_1_88' title='bbox 1951 2470 2130 2541; x_wconf 86' lang='lat' dir='ltr'>par-</span> 
     </span>
     <span class='ocr_line' id='line_1_20' title="bbox 589 2561 2133 2652; baseline 0 -18"><span class='ocrx_word' id='word_1_89' title='bbox 589 2565 753 2634; x_wconf 85' lang='lat' dir='ltr'>tem</span> <span class='ocrx_word' id='word_1_90' title='bbox 800 2561 1248 2644; x_wconf 89' lang='lat' dir='ltr'>meliorem,</span> <span class='ocrx_word' id='word_1_91' title='bbox 1312 2562 1623 2651; x_wconf 89' lang='lat' dir='ltr'>quando</span> <span class='ocrx_word' id='word_1_92' title='bbox 1678 2561 1908 2652; x_wconf 88' lang='lat' dir='ltr'>signa</span> <span class='ocrx_word' id='word_1_93' title='bbox 1976 2584 2133 2634; x_wconf 88' lang='lat' dir='ltr'>ma-</span> 
     </span>
     <span class='ocr_line' id='line_1_21' title="bbox 589 2677 2132 2771; baseline 0.001 -23"><span class='ocrx_word' id='word_1_94' title='bbox 589 2677 712 2768; x_wconf 91' lang='lat' dir='ltr'>gis</span> <span class='ocrx_word' id='word_1_95' title='bbox 758 2679 1264 2769; x_wconf 84' lang='lat' dir='ltr'>praetendunt</span> <span class='ocrx_word' id='word_1_96' title='bbox 1322 2698 1527 2758; x_wconf 87' lang='lat' dir='ltr'>eam,</span> <span class='ocrx_word' id='word_1_97' title='bbox 1583 2679 1794 2752; x_wconf 89' lang='lat' dir='ltr'>sicut</span> <span class='ocrx_word' id='word_1_98' title='bbox 1839 2700 2132 2771; x_wconf 83' lang='lat' dir='ltr'>praesu·</span> 
     </span>
     <span class='ocr_line' id='line_1_22' title="bbox 592 2779 2126 2887; baseline -0.001 -20"><span class='ocrx_word' id='word_1_99' title='bbox 592 2794 738 2867; x_wconf 89' lang='lat' dir='ltr'>mit</span> <span class='ocrx_word' id='word_1_100' title='bbox 822 2800 1000 2887; x_wconf 87' lang='lat' dir='ltr'>post</span> <span class='ocrx_word' id='word_1_101' title='bbox 1073 2779 1712 2880; x_wconf 85' lang='lat' dir='ltr'>matrimonium,</span> <span class='ocrx_word' id='word_1_102' title='bbox 1784 2798 1873 2869; x_wconf 92' lang='lat' dir='ltr'>de</span> <span class='ocrx_word' id='word_1_103' title='bbox 1942 2799 2126 2870; x_wconf 83' lang='lat' dir='ltr'>ficto</span> 
     </span>
     <span class='ocr_line' id='line_1_23' title="bbox 589 2913 2124 3004; baseline 0.003 -21"><span class='ocrx_word' id='word_1_104' title='bbox 589 2917 1123 3002; x_wconf 80' lang='lat' dir='ltr'>cognoscente</span> <span class='ocrx_word' id='word_1_105' title='bbox 1157 2913 1406 2993; x_wconf 87' lang='lat' dir='ltr'>illam,</span> <span class='ocrx_word' id='word_1_106' title='bbox 1467 2934 1705 3004; x_wconf 89' lang='lat' dir='ltr'>quam</span> <span class='ocrx_word' id='word_1_107' title='bbox 1742 2915 2124 2994; x_wconf 80' lang='lat' dir='ltr'>affidavit,</span> 
     </span>
     <span class='ocr_line' id='line_1_24' title="bbox 589 3029 2132 3119; baseline 0.003 -19"><span class='ocrx_word' id='word_1_108' title='bbox 589 3046 1083 3119; x_wconf 83' lang='lat' dir='ltr'>cognoscere</span> <span class='ocrx_word' id='word_1_109' title='bbox 1178 3029 1466 3102; x_wconf 88' lang='lat' dir='ltr'>affectu</span> <span class='ocrx_word' id='word_1_110' title='bbox 1572 3032 1958 3112; x_wconf 85' lang='lat' dir='ltr'>maritali,</span> <span class='ocrx_word' id='word_1_111' title='bbox 2054 3039 2132 3104; x_wconf 85' lang='lat' dir='ltr'>et</span> 
     </span>
     <span class='ocr_line' id='line_1_25' title="bbox 593 3146 2129 3238; baseline 0.001 -20"><span class='ocrx_word' id='word_1_112' title='bbox 593 3146 766 3220; x_wconf 90' lang='lat' dir='ltr'>ideo</span> <span class='ocrx_word' id='word_1_113' title='bbox 819 3147 1041 3238; x_wconf 88' lang='lat' dir='ltr'>cogit</span> <span class='ocrx_word' id='word_1_114' title='bbox 1090 3169 1274 3219; x_wconf 89' lang='lat' dir='ltr'>eum</span> <span class='ocrx_word' id='word_1_115' title='bbox 1332 3148 1424 3219; x_wconf 86' lang='lat' dir='ltr'>ad</span> <span class='ocrx_word' id='word_1_116' title='bbox 1467 3168 1753 3219; x_wconf 86' lang='lat' dir='ltr'>verum</span> <span class='ocrx_word' id='word_1_117' title='bbox 1803 3172 2129 3222; x_wconf 81' lang='lat' dir='ltr'>consen-</span> 
     </span>
    </p>

    <p class='ocr_par' dir='ltr' id='par_1_6' title="bbox 593 3264 1880 3336">
     <span class='ocr_line' id='line_1_26' title="bbox 593 3264 1880 3336; baseline -0.002 0"><span class='ocrx_word' id='word_1_118' title='bbox 593 3286 772 3336; x_wconf 91' lang='lat' dir='ltr'>sum</span> <span class='ocrx_word' id='word_1_119' title='bbox 811 3264 1505 3336; x_wconf 85' lang='lat' dir='ltr'>matrimonialem</span> <span class='ocrx_word' id='word_1_120' title='bbox 1558 3265 1637 3335; x_wconf 91' lang='lat' dir='ltr'>in</span> <span class='ocrx_word' id='word_1_121' title='bbox 1678 3286 1880 3335; x_wconf 89' lang='lat' dir='ltr'>eam.</span> 
     </span>
    </p>

    <p class='ocr_par' dir='ltr' id='par_1_7' title="bbox 588 3379 2136 4761">
     <span class='ocr_line' id='line_1_27' title="bbox 683 3379 2134 3472; baseline 0.003 -22"><span class='ocrx_word' id='word_1_122' title='bbox 683 3379 860 3451; x_wconf 81' lang='lat' dir='ltr'>Alio</span> <span class='ocrx_word' id='word_1_123' title='bbox 943 3382 1169 3452; x_wconf 86' lang='lat' dir='ltr'>modo</span> <span class='ocrx_word' id='word_1_124' title='bbox 1251 3383 1517 3472; x_wconf 87' lang='lat' dir='ltr'>potest</span> <span class='ocrx_word' id='word_1_125' title='bbox 1594 3379 1888 3471; x_wconf 81' lang='lat' dir='ltr'>aliquis</span> <span class='ocrx_word' id='word_1_126' title='bbox 1959 3404 2134 3454; x_wconf 83' lang='lat' dir='ltr'>esso</span> 
     </span>
     <span class='ocr_line' id='line_1_28' title="bbox 592 3499 2136 3592; baseline 0.001 -20"><span class='ocrx_word' id='word_1_127' title='bbox 592 3501 852 3578; x_wconf 90' lang='lat' dir='ltr'>fictus,</span> <span class='ocrx_word' id='word_1_128' title='bbox 902 3499 1383 3572; x_wconf 89' lang='lat' dir='ltr'>ostendendo</span> <span class='ocrx_word' id='word_1_129' title='bbox 1447 3520 1528 3570; x_wconf 89' lang='lat' dir='ltr'>se</span> <span class='ocrx_word' id='word_1_130' title='bbox 1577 3520 1752 3570; x_wconf 90' lang='lat' dir='ltr'>esse</span> <span class='ocrx_word' id='word_1_131' title='bbox 1802 3501 2136 3592; x_wconf 84' lang='lat' dir='ltr'>‹lisposi--</span> 
     </span>
     <span class='ocr_line' id='line_1_29' title="bbox 590 3615 2131 3708; baseline -0.001 -17"><span class='ocrx_word' id='word_1_132' title='bbox 590 3624 766 3692; x_wconf 89' lang='lat' dir='ltr'>tum</span> <span class='ocrx_word' id='word_1_133' title='bbox 874 3615 969 3686; x_wconf 90' lang='lat' dir='ltr'>ad</span> <span class='ocrx_word' id='word_1_134' title='bbox 1037 3615 1584 3708; x_wconf 88' lang='lat' dir='ltr'>recipiendum</span> <span class='ocrx_word' id='word_1_135' title='bbox 1656 3620 2131 3689; x_wconf 74' lang='lat' dir='ltr'>Sacramen-</span> 
     </span>
     <span class='ocr_line' id='line_1_30' title="bbox 589 3733 2133 3824; baseline -0.002 -17"><span class='ocrx_word' id='word_1_136' title='bbox 589 3741 788 3813; x_wconf 86' lang='lat' dir='ltr'>tum,</span> <span class='ocrx_word' id='word_1_137' title='bbox 834 3737 913 3804; x_wconf 92' lang='lat' dir='ltr'>et</span> <span class='ocrx_word' id='word_1_138' title='bbox 972 3739 1244 3804; x_wconf 83' lang='lat' dir='ltr'>tamen</span> <span class='ocrx_word' id='word_1_139' title='bbox 1284 3752 1444 3802; x_wconf 81' lang='lat' dir='ltr'>non</span> <span class='ocrx_word' id='word_1_140' title='bbox 1511 3738 1633 3804; x_wconf 87' lang='lat' dir='ltr'>cst</span> <span class='ocrx_word' id='word_1_141' title='bbox 1692 3733 2133 3824; x_wconf 76' lang='lat' dir='ltr'>dispositus</span> 
     </span>
     <span class='ocr_line' id='line_1_31' title="bbox 589 3846 2136 3938; baseline 0.001 -16"><span class='ocrx_word' id='word_1_142' title='bbox 589 3850 963 3928; x_wconf 90' lang='lat' dir='ltr'>interius,</span> <span class='ocrx_word' id='word_1_143' title='bbox 1010 3847 1136 3919; x_wconf 85' lang='lat' dir='ltr'>vel</span> <span class='ocrx_word' id='word_1_144' title='bbox 1209 3846 1389 3938; x_wconf 89' lang='lat' dir='ltr'>quia</span> <span class='ocrx_word' id='word_1_145' title='bbox 1473 3868 1630 3919; x_wconf 91' lang='lat' dir='ltr'>non</span> <span class='ocrx_word' id='word_1_146' title='bbox 1711 3847 1948 3923; x_wconf 83' lang='lat' dir='ltr'>habet</span> <span class='ocrx_word' id='word_1_147' title='bbox 2018 3873 2136 3922; x_wconf 81' lang='lat' dir='ltr'>re-</span> 
     </span>
     <span class='ocr_line' id='line_1_32' title="bbox 588 3964 2134 4059; baseline -0.001 -17"><span class='ocrx_word' id='word_1_148' title='bbox 588 3971 803 4042; x_wconf 88' lang='lat' dir='ltr'>ctam</span> <span class='ocrx_word' id='word_1_149' title='bbox 845 3967 1102 4046; x_wconf 89' lang='lat' dir='ltr'>fidem,</span> <span class='ocrx_word' id='word_1_150' title='bbox 1142 3964 1268 4037; x_wconf 89' lang='lat' dir='ltr'>vel</span> <span class='ocrx_word' id='word_1_151' title='bbox 1304 3965 1490 4056; x_wconf 84' lang='lat' dir='ltr'>quia</span> <span class='ocrx_word' id='word_1_152' title='bbox 1534 3964 1770 4038; x_wconf 86' lang='lat' dir='ltr'>habet</span> <span class='ocrx_word' id='word_1_153' title='bbox 1814 3968 2134 4059; x_wconf 82' lang='lat' dir='ltr'>aliquod</span> 
     </span>
     <span class='ocr_line' id='line_1_33' title="bbox 590 4082 2130 4177; baseline -0.003 -19"><span class='ocrx_word' id='word_1_154' title='bbox 590 4087 1011 4177; x_wconf 89' lang='lat' dir='ltr'>peccatum</span> <span class='ocrx_word' id='word_1_155' title='bbox 1101 4082 1452 4153; x_wconf 86' lang='lat' dir='ltr'>mortale</span> <span class='ocrx_word' id='word_1_156' title='bbox 1523 4089 1710 4156; x_wconf 86' lang='lat' dir='ltr'>tunc</span> <span class='ocrx_word' id='word_1_157' title='bbox 1782 4085 1861 4155; x_wconf 90' lang='lat' dir='ltr'>in</span> <span class='ocrx_word' id='word_1_158' title='bbox 1920 4092 2130 4167; x_wconf 87' lang='lat' dir='ltr'>actu,</span> 
     </span>
     <span class='ocr_line' id='line_1_34' title="bbox 589 4201 2133 4295; baseline 0 -21"><span class='ocrx_word' id='word_1_159' title='bbox 589 4204 714 4275; x_wconf 86' lang='lat' dir='ltr'>vel</span> <span class='ocrx_word' id='word_1_160' title='bbox 762 4202 1298 4295; x_wconf 72' lang='lat' dir='ltr'>praeteritum,</span> <span class='ocrx_word' id='word_1_161' title='bbox 1331 4201 1419 4272; x_wconf 87' lang='lat' dir='ltr'>de</span> <span class='ocrx_word' id='word_1_162' title='bbox 1456 4222 1610 4291; x_wconf 83' lang='lat' dir='ltr'>quo</span> <span class='ocrx_word' id='word_1_163' title='bbox 1645 4202 1867 4274; x_wconf 87' lang='lat' dir='ltr'>nullo</span> <span class='ocrx_word' id='word_1_164' title='bbox 1906 4205 2133 4274; x_wconf 81' lang='lat' dir='ltr'>modo</span> 
     </span>
     <span class='ocr_line' id='line_1_35' title="bbox 594 4317 2135 4393; baseline -0.001 -4"><span class='ocrx_word' id='word_1_165' title='bbox 594 4318 988 4393; x_wconf 88' lang='lat' dir='ltr'>atteritur</span> <span class='ocrx_word' id='word_1_166' title='bbox 1074 4317 1198 4388; x_wconf 86' lang='lat' dir='ltr'>vel</span> <span class='ocrx_word' id='word_1_167' title='bbox 1268 4317 1751 4390; x_wconf 88' lang='lat' dir='ltr'>conteritur.</span> <span class='ocrx_word' id='word_1_168' title='bbox 1821 4318 1916 4389; x_wconf 86' lang='lat' dir='ltr'>Et</span> <span class='ocrx_word' id='word_1_169' title='bbox 1977 4317 2135 4391; x_wconf 88' lang='lat' dir='ltr'>isto</span> 
     </span>
     <span class='ocr_line' id='line_1_36' title="bbox 597 4434 2135 4509; baseline -0.003 0"><span class='ocrx_word' id='word_1_170' title='bbox 597 4436 941 4509; x_wconf 91' lang='lat' dir='ltr'>secundo</span> <span class='ocrx_word' id='word_1_171' title='bbox 1043 4435 1274 4506; x_wconf 89' lang='lat' dir='ltr'>modo</span> <span class='ocrx_word' id='word_1_172' title='bbox 1381 4434 1926 4506; x_wconf 88' lang='lat' dir='ltr'>communiter</span> <span class='ocrx_word' id='word_1_173' title='bbox 2027 4435 2135 4505; x_wconf 94' lang='lat' dir='ltr'>lo-</span> 
     </span>
     <span class='ocr_line' id='line_1_37' title="bbox 596 4551 2136 4645; baseline -0.001 -21"><span class='ocrx_word' id='word_1_174' title='bbox 596 4558 957 4645; x_wconf 90' lang='lat' dir='ltr'>quuntur</span> <span class='ocrx_word' id='word_1_175' title='bbox 1046 4551 1320 4624; x_wconf 83' lang='lat' dir='ltr'>Sancti</span> <span class='ocrx_word' id='word_1_176' title='bbox 1390 4553 1467 4621; x_wconf 92' lang='lat' dir='ltr'>et</span> <span class='ocrx_word' id='word_1_177' title='bbox 1556 4553 1957 4623; x_wconf 88' lang='lat' dir='ltr'>Doctores</span> <span class='ocrx_word' id='word_1_178' title='bbox 2047 4553 2136 4623; x_wconf 88' lang='lat' dir='ltr'>de</span> 
     </span>
     <span class='ocr_line' id='line_1_38' title="bbox 589 4669 1243 4761; baseline -0.012 -19"><span class='ocrx_word' id='word_1_179' title='bbox 589 4672 776 4744; x_wconf 83' lang='lat' dir='ltr'>ficte</span> <span class='ocrx_word' id='word_1_180' title='bbox 808 4669 1243 4761; x_wconf 73' lang='lat' dir='ltr'>baptizato</span> 
     </span>
    </p>

    <p class='ocr_par' dir='ltr' id='par_1_8' title="bbox 580 4784 2137 5581">
     <span class='ocr_line' id='line_1_39' title="bbox 679 4784 2136 4875; baseline -0.005 -15"><span class='ocrx_word' id='word_1_181' title='bbox 679 4787 881 4860; x_wconf 86' lang='lat' dir='ltr'>Dico</span> <span class='ocrx_word' id='word_1_182' title='bbox 972 4790 1161 4858; x_wconf 88' lang='lat' dir='ltr'>tunc</span> <span class='ocrx_word' id='word_1_183' title='bbox 1248 4784 1372 4873; x_wconf 89' lang='lat' dir='ltr'>(b),</span> <span class='ocrx_word' id='word_1_184' title='bbox 1466 4785 1651 4875; x_wconf 87' lang='lat' dir='ltr'>quia</span> <span class='ocrx_word' id='word_1_185' title='bbox 1729 4784 2136 4855; x_wconf 88' lang='lat' dir='ltr'>nolentem</span> 
     </span>
     <span class='ocr_line' id='line_1_40' title="bbox 589 4900 2136 4996; baseline -0.004 -20"><span class='ocrx_word' id='word_1_186' title='bbox 589 4906 804 4976; x_wconf 92' lang='lat' dir='ltr'>Deus</span> <span class='ocrx_word' id='word_1_187' title='bbox 857 4923 1016 4974; x_wconf 89' lang='lat' dir='ltr'>non</span> <span class='ocrx_word' id='word_1_188' title='bbox 1069 4901 1497 4996; x_wconf 83' lang='lat' dir='ltr'>justificat,</span> <span class='ocrx_word' id='word_1_189' title='bbox 1563 4901 1994 4974; x_wconf 90' lang='lat' dir='ltr'>secundum</span> <span class='ocrx_word' id='word_1_190' title='bbox 2044 4900 2136 4970; x_wconf 92' lang='lat' dir='ltr'>il-</span> 
     </span>
     <span class='ocr_line' id='line_1_41' title="bbox 596 4994 2131 5110; baseline -0.004 -20"><span class='ocrx_word' id='word_1_191' title='bbox 596 5021 726 5092; x_wconf 81' lang='lat' dir='ltr'>lud</span> <span class='ocrx_word' id='word_1_192' title='bbox 769 4994 1202 5110; x_wconf 76' lang='lat' dir='ltr'>Augustini</span> <span class='ocrx_word' id='word_1_193' title='bbox 1239 5046 1252 5086; x_wconf 78' lang='lat'>2</span> <span class='ocrx_word' id='word_1_194' title='bbox 1299 5022 1427 5096; x_wconf 72' lang='lat' dir='ltr'>Qui</span> <span class='ocrx_word' id='word_1_195' title='bbox 1472 5022 1721 5084; x_wconf 75' lang='lat' dir='ltr'>creavit</span> <span class='ocrx_word' id='word_1_196' title='bbox 1763 5031 1821 5084; x_wconf 80' lang='lat' dir='ltr'>te</span> <span class='ocrx_word' id='word_1_197' title='bbox 1860 5022 2004 5084; x_wconf 81' lang='lat' dir='ltr'>sine</span> <span class='ocrx_word' id='word_1_198' title='bbox 2052 5031 2131 5097; x_wconf 76' lang='lat' dir='ltr'>te,</span> 
     </span>
     <span class='ocr_line' id='line_1_42' title="bbox 589 5132 2135 5224; baseline -0.001 -21"><span class='ocrx_word' id='word_1_199' title='bbox 589 5159 723 5203; x_wconf 74' lang='lat' dir='ltr'>non·</span> <span class='ocrx_word' id='word_1_200' title='bbox 753 5138 1157 5224; x_wconf 71' lang='lat' dir='ltr'>justificabit</span> <span class='ocrx_word' id='word_1_201' title='bbox 1190 5148 1250 5202; x_wconf 82' lang='lat' dir='ltr'>le</span> <span class='ocrx_word' id='word_1_202' title='bbox 1288 5138 1433 5202; x_wconf 76' lang='lat' dir='ltr'>sine</span> <span class='ocrx_word' id='word_1_203' title='bbox 1475 5148 1553 5201; x_wconf 79' lang='lat' dir='ltr'>le.</span> <span class='ocrx_word' id='word_1_204' title='bbox 1598 5136 1784 5213; x_wconf 70' lang='lat' dir='ltr'>Iste,</span> <span class='ocrx_word' id='word_1_205' title='bbox 1831 5133 1962 5223; x_wconf 77' lang='lat' dir='ltr'>qui</span> <span class='ocrx_word' id='word_1_206' title='bbox 2006 5132 2135 5202; x_wconf 75' lang='lat' dir='ltr'>ha-</span> 
     </span>
     <span class='ocr_line' id='line_1_43' title="bbox 589 5251 2137 5340; baseline -0.003 -16"><span class='ocrx_word' id='word_1_207' title='bbox 589 5254 722 5327; x_wconf 87' lang='lat' dir='ltr'>bet</span> <span class='ocrx_word' id='word_1_208' title='bbox 784 5251 1222 5327; x_wconf 85' lang='lat' dir='ltr'>actualiter</span> <span class='ocrx_word' id='word_1_209' title='bbox 1266 5251 1573 5322; x_wconf 87' lang='lat' dir='ltr'>obicem</span> <span class='ocrx_word' id='word_1_210' title='bbox 1623 5254 1912 5323; x_wconf 87' lang='lat' dir='ltr'>contra</span> <span class='ocrx_word' id='word_1_211' title='bbox 1958 5270 2137 5340; x_wconf 88' lang='lat' dir='ltr'>gra-</span> 
     </span>
     <span class='ocr_line' id='line_1_44' title="bbox 595 5367 2136 5462; baseline -0.003 -20"><span class='ocrx_word' id='word_1_212' title='bbox 595 5371 818 5451; x_wconf 79' lang='lat' dir='ltr'>tiam,</span> <span class='ocrx_word' id='word_1_213' title='bbox 896 5373 1090 5462; x_wconf 89' lang='lat' dir='ltr'>puta</span> <span class='ocrx_word' id='word_1_214' title='bbox 1152 5368 1737 5447; x_wconf 71' lang='lat' dir='ltr'>infidelitatem,</span> <span class='ocrx_word' id='word_1_215' title='bbox 1809 5370 1923 5438; x_wconf 82' lang='lat' dir='ltr'>vel</span> <span class='ocrx_word' id='word_1_216' title='bbox 1999 5367 2136 5438; x_wconf 92' lang='lat' dir='ltr'>ali-</span> 
     </span>
     <span class='ocr_line' id='line_1_45' title="bbox 580 5486 2132 5581; baseline -0.005 -21"><span class='ocrx_word' id='word_1_217' title='bbox 580 5487 799 5581; x_wconf 81' lang='lat' dir='ltr'>quod</span> <span class='ocrx_word' id='word_1_218' title='bbox 892 5488 1332 5579; x_wconf 85' lang='lat' dir='ltr'>peccatum,</span> <span class='ocrx_word' id='word_1_219' title='bbox 1409 5486 1611 5575; x_wconf 83' lang='lat' dir='ltr'>quod</span> <span class='ocrx_word' id='word_1_220' title='bbox 1688 5490 1877 5557; x_wconf 89' lang='lat' dir='ltr'>tunc</span> <span class='ocrx_word' id='word_1_221' title='bbox 1954 5491 2132 5556; x_wconf 88' lang='lat' dir='ltr'>actu</span> 
     </span>
    </p>
   </div>
   <div class='ocr_carea' id='block_1_6' title="bbox 592 5600 2138 5689">
    <p class='ocr_par' dir='ltr' id='par_1_9' title="bbox 592 5600 2138 5689">
     <span class='ocr_line' id='line_1_46' title="bbox 592 5600 2138 5689; baseline -0.002 -14"><span class='ocrx_word' id='word_1_222' title='bbox 592 5602 1043 5677; x_wconf 86' lang='lat' dir='ltr'>voluntatis</span> <span class='ocrx_word' id='word_1_223' title='bbox 1140 5601 1609 5681; x_wconf 86' lang='lat' dir='ltr'>committit,</span> <span class='ocrx_word' id='word_1_224' title='bbox 1705 5600 1831 5671; x_wconf 88' lang='lat' dir='ltr'>vel</span> <span class='ocrx_word' id='word_1_225' title='bbox 1933 5600 2138 5689; x_wconf 91' lang='lat' dir='ltr'>quod</span> 
     </span>
    </p>
   </div>
   <div class='ocr_carea' id='block_1_7' title="bbox 1694 386 2620 492">
    <p class='ocr_par' dir='ltr' id='par_1_10' title="bbox 1694 386 2620 492">
     <span class='ocr_line' id='line_1_47' title="bbox 1694 386 2620 492; baseline 0.002 -5"><span class='ocrx_word' id='word_1_226' title='bbox 1694 427 1836 487; x_wconf 76' lang='lat' dir='ltr'>me.</span> <span class='ocrx_word' id='word_1_227' title='bbox 1885 386 1985 489; x_wconf 72' lang='lat' dir='ltr'>ui.</span> <span class='ocrx_word' id='word_1_228' title='bbox 2031 428 2620 492; x_wconf 72' lang='lat' dir='ltr'>sEN&#39;rENnARuM</span> 
     </span>
    </p>
   </div>
   <div class='ocr_carea' id='block_1_8' title="bbox 2248 588 4165 5689">
    <p class='ocr_par' dir='ltr' id='par_1_11' title="bbox 2250 588 3796 1374">
     <span class='ocr_line' id='line_1_48' title="bbox 2255 588 3790 679; baseline 0.001 -21"><span class='ocrx_word' id='word_1_229' title='bbox 2255 589 2482 679; x_wconf 87' lang='lat' dir='ltr'>prius</span> <span class='ocrx_word' id='word_1_230' title='bbox 2534 589 2971 673; x_wconf 89' lang='lat' dir='ltr'>commisit,</span> <span class='ocrx_word' id='word_1_231' title='bbox 3008 594 3085 662; x_wconf 89' lang='lat' dir='ltr'>et</span> <span class='ocrx_word' id='word_1_232' title='bbox 3115 590 3338 662; x_wconf 90' lang='lat' dir='ltr'>nullo</span> <span class='ocrx_word' id='word_1_233' title='bbox 3375 591 3608 662; x_wconf 90' lang='lat' dir='ltr'>modo</span> <span class='ocrx_word' id='word_1_234' title='bbox 3644 588 3790 660; x_wconf 88' lang='lat' dir='ltr'>sibi</span> 
     </span>
     <span class='ocr_line' id='line_1_49' title="bbox 2250 705 3796 796; baseline 0.001 -23"><span class='ocrx_word' id='word_1_235' title='bbox 2250 705 2644 796; x_wconf 88' lang='lat' dir='ltr'>displicet,</span> <span class='ocrx_word' id='word_1_236' title='bbox 2711 706 2932 776; x_wconf 91' lang='lat' dir='ltr'>nullo</span> <span class='ocrx_word' id='word_1_237' title='bbox 2999 707 3225 777; x_wconf 86' lang='lat' dir='ltr'>modo</span> <span class='ocrx_word' id='word_1_238' title='bbox 3287 705 3574 796; x_wconf 86' lang='lat' dir='ltr'>recipit</span> <span class='ocrx_word' id='word_1_239' title='bbox 3617 724 3796 795; x_wconf 90' lang='lat' dir='ltr'>gra-</span> 
     </span>
     <span class='ocr_line' id='line_1_50' title="bbox 2251 819 3796 913; baseline -0.004 -18"><span class='ocrx_word' id='word_1_240' title='bbox 2251 821 2476 902; x_wconf 89' lang='lat' dir='ltr'>tiam,</span> <span class='ocrx_word' id='word_1_241' title='bbox 2552 824 2982 895; x_wconf 85' lang='lat' dir='ltr'>secundum</span> <span class='ocrx_word' id='word_1_242' title='bbox 3038 822 3606 913; x_wconf 88' lang='lat' dir='ltr'>Augustinum,</span> <span class='ocrx_word' id='word_1_243' title='bbox 3666 819 3796 890; x_wconf 88' lang='lat' dir='ltr'>ubi</span> 
     </span>
     <span class='ocr_line' id='line_1_51' title="bbox 2255 939 3796 1028; baseline -0.003 -22"><span class='ocrx_word' id='word_1_244' title='bbox 2255 958 2501 1028; x_wconf 78' lang='lat' dir='ltr'>Supra</span> <span class='ocrx_word' id='word_1_245' title='bbox 2548 964 2561 1005; x_wconf 89' lang='lat'><strong>:</strong></span> <span class='ocrx_word' id='word_1_246' title='bbox 2615 943 2847 1005; x_wconf 72' lang='lat' dir='ltr'>Omnis</span> <span class='ocrx_word' id='word_1_247' title='bbox 2876 943 2989 1026; x_wconf 75' lang='lat' dir='ltr'>qui</span> <span class='ocrx_word' id='word_1_248' title='bbox 3025 962 3160 1005; x_wconf 78' lang='lat' dir='ltr'>suoe</span> <span class='ocrx_word' id='word_1_249' title='bbox 3210 941 3572 1004; x_wconf 75' lang='lat' dir='ltr'>voluntatis</span> <span class='ocrx_word' id='word_1_250' title='bbox 3619 939 3796 1003; x_wconf 78' lang='lat' dir='ltr'>arbi-</span> 
     </span>
     <span class='ocr_line' id='line_1_52' title="bbox 2254 1051 3792 1136; baseline 0.002 -17"><span class='ocrx_word' id='word_1_251' title='bbox 2254 1067 2351 1120; x_wconf 78' lang='lat' dir='ltr'>ter</span> <span class='ocrx_word' id='word_1_252' title='bbox 2398 1059 2786 1121; x_wconf 72' lang='lat' dir='ltr'>constitutus</span> <span class='ocrx_word' id='word_1_253' title='bbox 2834 1069 2949 1136; x_wconf 79' lang='lat' dir='ltr'>esc,</span> <span class='ocrx_word' id='word_1_254' title='bbox 3007 1058 3160 1126; x_wconf 80' lang='lat' dir='ltr'>etc.</span> <span class='ocrx_word' id='word_1_255' title='bbox 3206 1058 3286 1126; x_wconf 82' lang='lat' dir='ltr'>et</span> <span class='ocrx_word' id='word_1_256' title='bbox 3328 1053 3418 1124; x_wconf 78' lang='lat' dir='ltr'>de</span> <span class='ocrx_word' id='word_1_257' title='bbox 3478 1052 3637 1124; x_wconf 76' lang='lat' dir='ltr'>isto</span> <span class='ocrx_word' id='word_1_258' title='bbox 3682 1051 3792 1122; x_wconf 88' lang='lat' dir='ltr'>in-</span> 
     </span>
     <span class='ocr_line' id='line_1_53' title="bbox 2253 1169 3791 1260; baseline -0.004 -19"><span class='ocrx_word' id='word_1_259' title='bbox 2253 1169 2660 1258; x_wconf 76' lang='lat' dir='ltr'>telligitur</span> <span class='ocrx_word' id='word_1_260' title='bbox 2722 1169 2912 1240; x_wconf 84' lang='lat' dir='ltr'>illud</span> <span class='ocrx_word' id='word_1_261' title='bbox 2961 1173 3141 1260; x_wconf 78' lang='lat' dir='ltr'>Sap.</span> <span class='ocrx_word' id='word_1_262' title='bbox 3198 1172 3259 1238; x_wconf 83' lang='lat'>1.</span> <span class='ocrx_word' id='word_1_263' title='bbox 3306 1173 3602 1257; x_wconf 77' lang='lat' dir='ltr'>Spiritus</span> <span class='ocrx_word' id='word_1_264' title='bbox 3639 1191 3791 1235; x_wconf 77' lang='lat' dir='ltr'>san-</span> 
     </span>
     <span class='ocr_line' id='line_1_54' title="bbox 2251 1290 3392 1374; baseline 0.001 -22"><span class='ocrx_word' id='word_1_265' title='bbox 2251 1302 2390 1353; x_wconf 80' lang='lat' dir='ltr'>clus</span> <span class='ocrx_word' id='word_1_266' title='bbox 2420 1290 2798 1373; x_wconf 72' lang='lat' dir='ltr'>disciplinoe</span> <span class='ocrx_word' id='word_1_267' title='bbox 2828 1290 3100 1374; x_wconf 69' lang='lat' dir='ltr'>effuqiec</span> <span class='ocrx_word' id='word_1_268' title='bbox 3143 1290 3392 1370; x_wconf 78' lang='lat' dir='ltr'>fictum.</span> 
     </span>
    </p>

    <p class='ocr_par' dir='ltr' id='par_1_12' title="bbox 2248 1401 4165 5689">
     <span class='ocr_line' id='line_1_55' title="bbox 2345 1401 4002 1494; baseline -0.002 -22"><span class='ocrx_word' id='word_1_269' title='bbox 2345 1405 2439 1473; x_wconf 82' lang='lat' dir='ltr'>Et</span> <span class='ocrx_word' id='word_1_270' title='bbox 2475 1402 2539 1472; x_wconf 87' lang='lat' dir='ltr'>si</span> <span class='ocrx_word' id='word_1_271' title='bbox 2587 1402 2970 1494; x_wconf 87' lang='lat' dir='ltr'>objicitur</span> <span class='ocrx_word' id='word_1_272' title='bbox 3017 1404 3138 1490; x_wconf 86' lang='lat' dir='ltr'>(c),</span> <span class='ocrx_word' id='word_1_273' title='bbox 3175 1420 3370 1492; x_wconf 91' lang='lat' dir='ltr'>ergo</span> <span class='ocrx_word' id='word_1_274' title='bbox 3414 1401 3568 1472; x_wconf 86' lang='lat' dir='ltr'>isto</span> <span class='ocrx_word' id='word_1_275' title='bbox 3599 1402 3790 1471; x_wconf 90' lang='lat' dir='ltr'>tunc</span> <span class='ocrx_word' id='word_1_276' title='bbox 3949 1423 4002 1470; x_wconf 88' lang='lat'>3.</span> 
     </span>
     <span class='ocr_line' id='line_1_56' title="bbox 2251 1485 4131 1615; baseline 0.004 -28"><span class='ocrx_word' id='word_1_277' title='bbox 2251 1520 2569 1590; x_wconf 77' lang='lat' dir='ltr'>videtur</span> <span class='ocrx_word' id='word_1_278' title='bbox 2634 1539 2811 1590; x_wconf 88' lang='lat' dir='ltr'>esse</span> <span class='ocrx_word' id='word_1_279' title='bbox 2873 1519 3330 1610; x_wconf 73' lang='lat' dir='ltr'>perplexus,</span> <span class='ocrx_word' id='word_1_280' title='bbox 3388 1517 3573 1609; x_wconf 86' lang='lat' dir='ltr'>quia</span> <span class='ocrx_word' id='word_1_281' title='bbox 3631 1538 3786 1589; x_wconf 90' lang='lat' dir='ltr'>non</span> <span class='ocrx_word' id='word_1_282' title='bbox 3833 1485 4131 1615; x_wconf 55' lang='grc' dir='ltr'>Βερῗῖἒῖῃυε</span> 
     </span>
     <span class='ocr_line' id='line_1_57' title="bbox 2258 1614 4117 1728; baseline -0.001 -22"><span class='ocrx_word' id='word_1_283' title='bbox 2258 1639 2472 1728; x_wconf 88' lang='lat' dir='ltr'>patet</span> <span class='ocrx_word' id='word_1_284' title='bbox 2545 1636 2690 1707; x_wconf 85' lang='lat' dir='ltr'>sibi</span> <span class='ocrx_word' id='word_1_285' title='bbox 2777 1635 2941 1706; x_wconf 87' lang='lat' dir='ltr'>via&#39;</span> <span class='ocrx_word' id='word_1_286' title='bbox 2994 1634 3307 1716; x_wconf 75' lang='lat' dir='ltr'>salutiS,</span> <span class='ocrx_word' id='word_1_287' title='bbox 3380 1654 3562 1705; x_wconf 91' lang='lat' dir='ltr'>cum</span> <span class='ocrx_word' id='word_1_288' title='bbox 3631 1654 3790 1705; x_wconf 90' lang='lat' dir='ltr'>non</span> <span class='ocrx_word' id='word_1_289' title='bbox 3846 1614 4117 1719; x_wconf 55' lang='grc' dir='ltr'>ηὲῗζῇξιξζ,</span> 
     </span>
     <span class='ocr_line' id='line_1_58' title="bbox 2256 1750 3790 1845; baseline -0.001 -23"><span class='ocrx_word' id='word_1_290' title='bbox 2256 1754 2510 1845; x_wconf 88' lang='lat' dir='ltr'>possit</span> <span class='ocrx_word' id='word_1_291' title='bbox 2574 1753 2871 1823; x_wconf 90' lang='lat' dir='ltr'>iterum</span> <span class='ocrx_word' id='word_1_292' title='bbox 2936 1750 3357 1842; x_wconf 86' lang='lat' dir='ltr'>baptizari,</span> <span class='ocrx_word' id='word_1_293' title='bbox 3417 1750 3600 1841; x_wconf 77' lang='lat' dir='ltr'>quia</span> <span class='ocrx_word' id='word_1_294' title='bbox 3661 1751 3790 1822; x_wconf 90' lang='lat' dir='ltr'>ba-</span> 
     </span>
     <span class='ocr_line' id='line_1_59' title="bbox 2252 1868 3796 1961; baseline -0.003 -19"><span class='ocrx_word' id='word_1_295' title='bbox 2252 1870 2603 1961; x_wconf 76' lang='lat' dir='ltr'>ptizatus</span> <span class='ocrx_word' id='word_1_296' title='bbox 2646 1874 2792 1948; x_wconf 87' lang='lat' dir='ltr'>est,</span> <span class='ocrx_word' id='word_1_297' title='bbox 2840 1872 2916 1940; x_wconf 91' lang='lat' dir='ltr'>et</span> <span class='ocrx_word' id='word_1_298' title='bbox 2980 1869 3149 1938; x_wconf 88' lang='lat' dir='ltr'>sine</span> <span class='ocrx_word' id='word_1_299' title='bbox 3210 1869 3485 1957; x_wconf 84' lang='lat' dir='ltr'>gratia</span> <span class='ocrx_word' id='word_1_300' title='bbox 3543 1868 3796 1959; x_wconf 87' lang='lat' dir='ltr'>bapti·</span> 
     </span>
     <span class='ocr_line' id='line_1_60' title="bbox 2253 1983 3796 2074; baseline -0.001 -19"><span class='ocrx_word' id='word_1_301' title='bbox 2253 1985 2490 2056; x_wconf 88' lang='lat' dir='ltr'>smali</span> <span class='ocrx_word' id='word_1_302' title='bbox 2534 1984 2838 2056; x_wconf 80' lang='lat' dir='ltr'>salvari</span> <span class='ocrx_word' id='word_1_303' title='bbox 2880 2003 3040 2054; x_wconf 89' lang='lat' dir='ltr'>non</span> <span class='ocrx_word' id='word_1_304' title='bbox 3092 1988 3383 2074; x_wconf 89' lang='lat' dir='ltr'>potest.</span> <span class='ocrx_word' id='word_1_305' title='bbox 3443 1983 3796 2073; x_wconf 74' lang='lat' dir='ltr'>Respon-</span> 
     </span>
     <span class='ocr_line' id='line_1_61' title="bbox 2248 2098 3796 2190; baseline -0.002 -19"><span class='ocrx_word' id='word_1_306' title='bbox 2248 2100 2418 2180; x_wconf 75' lang='lat' dir='ltr'>deo,</span> <span class='ocrx_word' id='word_1_307' title='bbox 2513 2099 3002 2190; x_wconf 81' lang='lat' dir='ltr'>rebaptizari</span> <span class='ocrx_word' id='word_1_308' title='bbox 3064 2118 3222 2170; x_wconf 87' lang='lat' dir='ltr'>non</span> <span class='ocrx_word' id='word_1_309' title='bbox 3277 2101 3570 2189; x_wconf 89' lang='lat' dir='ltr'>potest,</span> <span class='ocrx_word' id='word_1_310' title='bbox 3611 2098 3796 2189; x_wconf 84' lang='lat' dir='ltr'>quia</span> 
     </span>
     <span class='ocr_line' id='line_1_62' title="bbox 2249 2215 3798 2307; baseline -0.003 -16"><span class='ocrx_word' id='word_1_311' title='bbox 2249 2220 2462 2291; x_wconf 90' lang='lat' dir='ltr'>Deus</span> <span class='ocrx_word' id='word_1_312' title='bbox 2531 2216 2887 2289; x_wconf 87' lang='lat' dir='ltr'>instituit</span> <span class='ocrx_word' id='word_1_313' title='bbox 2967 2215 3475 2307; x_wconf 77' lang='lat' dir='ltr'>Baptismum</span> <span class='ocrx_word' id='word_1_314' title='bbox 3571 2216 3798 2288; x_wconf 87' lang='lat' dir='ltr'>inite-</span> 
     </span>
     <span class='ocr_line' id='line_1_63' title="bbox 2253 2333 3800 2427; baseline -0.003 -21"><span class='ocrx_word' id='word_1_315' title='bbox 2253 2337 2614 2414; x_wconf 84' lang='lat' dir='ltr'>rabilem,</span> <span class='ocrx_word' id='word_1_316' title='bbox 2652 2355 2747 2406; x_wconf 89' lang='lat' dir='ltr'>ne</span> <span class='ocrx_word' id='word_1_317' title='bbox 2785 2339 3123 2427; x_wconf 90' lang='lat' dir='ltr'>propter</span> <span class='ocrx_word' id='word_1_318' title='bbox 3160 2333 3473 2424; x_wconf 74' lang='lat' dir='ltr'>plena-m</span> <span class='ocrx_word' id='word_1_319' title='bbox 3521 2333 3800 2405; x_wconf 88' lang='lat' dir='ltr'>remis-</span> 
     </span>
     <span class='ocr_line' id='line_1_64' title="bbox 2253 2449 3795 2541; baseline -0.002 -18"><span class='ocrx_word' id='word_1_320' title='bbox 2253 2453 2585 2531; x_wconf 89' lang='lat' dir='ltr'>sionem,</span> <span class='ocrx_word' id='word_1_321' title='bbox 2687 2472 2860 2541; x_wconf 67' lang='lat' dir='ltr'>quae</span> <span class='ocrx_word' id='word_1_322' title='bbox 2945 2451 3034 2523; x_wconf 85' lang='lat' dir='ltr'>fit</span> <span class='ocrx_word' id='word_1_323' title='bbox 3104 2450 3209 2521; x_wconf 90' lang='lat' dir='ltr'>ibi</span> <span class='ocrx_word' id='word_1_324' title='bbox 3289 2452 3457 2520; x_wconf 88' lang='lat' dir='ltr'>tam</span> <span class='ocrx_word' id='word_1_325' title='bbox 3538 2449 3795 2540; x_wconf 79' lang='lat' dir='ltr'>culpae</span> 
     </span>
     <span class='ocr_line' id='line_1_65' title="bbox 2254 2566 3797 2662; baseline -0.003 -20"><span class='ocrx_word' id='word_1_326' title='bbox 2254 2591 2490 2662; x_wconf 74' lang='lat' dir='ltr'>quam</span> <span class='ocrx_word' id='word_1_327' title='bbox 2539 2588 2808 2659; x_wconf 68' lang='lat' dir='ltr'>poenae,</span> <span class='ocrx_word' id='word_1_328' title='bbox 2871 2569 3208 2640; x_wconf 85' lang='lat' dir='ltr'>daretur</span> <span class='ocrx_word' id='word_1_329' title='bbox 3269 2566 3589 2638; x_wconf 85' lang='lat' dir='ltr'>occasio</span> <span class='ocrx_word' id='word_1_330' title='bbox 3656 2587 3797 2638; x_wconf 81' lang='lat' dir='ltr'>sae-</span> 
     </span>
     <span class='ocr_line' id='line_1_66' title="bbox 2255 2682 3795 2777; baseline -0.003 -21"><span class='ocrx_word' id='word_1_331' title='bbox 2255 2686 2430 2777; x_wconf 88' lang='lat' dir='ltr'>pius</span> <span class='ocrx_word' id='word_1_332' title='bbox 2527 2683 3056 2774; x_wconf 81' lang='lat' dir='ltr'>delinquendi,</span> <span class='ocrx_word' id='word_1_333' title='bbox 3154 2682 3221 2754; x_wconf 89' lang='lat' dir='ltr'>si</span> <span class='ocrx_word' id='word_1_334' title='bbox 3327 2682 3795 2773; x_wconf 85' lang='lat' dir='ltr'>Baptismus</span> 
     </span>
     <span class='ocr_line' id='line_1_67' title="bbox 2254 2799 3788 2892; baseline -0.002 -20"><span class='ocrx_word' id='word_1_335' title='bbox 2254 2807 2528 2892; x_wconf 86' lang='lat' dir='ltr'>posset</span> <span class='ocrx_word' id='word_1_336' title='bbox 2562 2800 2855 2890; x_wconf 78' lang='lat' dir='ltr'>saepius</span> <span class='ocrx_word' id='word_1_337' title='bbox 2891 2799 3207 2870; x_wconf 88' lang='lat' dir='ltr'>iterari.</span> <span class='ocrx_word' id='word_1_338' title='bbox 3257 2799 3474 2880; x_wconf 83' lang='lat' dir='ltr'>Quod</span> <span class='ocrx_word' id='word_1_339' title='bbox 3518 2804 3788 2871; x_wconf 88' lang='lat' dir='ltr'>autem</span> 
     </span>
     <span class='ocr_line' id='line_1_68' title="bbox 2253 2915 3790 3009; baseline -0.003 -19"><span class='ocrx_word' id='word_1_340' title='bbox 2253 2922 2330 2992; x_wconf 84' lang='lat' dir='ltr'>iu</span> <span class='ocrx_word' id='word_1_341' title='bbox 2411 2918 2833 3009; x_wconf 82' lang='lat' dir='ltr'>Baptismo</span> <span class='ocrx_word' id='word_1_342' title='bbox 2911 2915 2999 2988; x_wconf 84' lang='lat' dir='ltr'>fit</span> <span class='ocrx_word' id='word_1_343' title='bbox 3072 2915 3448 2986; x_wconf 89' lang='lat' dir='ltr'>remissio</span> <span class='ocrx_word' id='word_1_344' title='bbox 3530 2916 3790 2986; x_wconf 90' lang='lat' dir='ltr'>omnis</span> 
     </span>
     <span class='ocr_line' id='line_1_69' title="bbox 2255 3030 3789 3128; baseline -0.003 -24"><span class='ocrx_word' id='word_1_345' title='bbox 2255 3056 2525 3128; x_wconf 54' lang='lat' dir='ltr'>prenae,</span> <span class='ocrx_word' id='word_1_346' title='bbox 2580 3033 2772 3104; x_wconf 87' lang='lat' dir='ltr'>dicit</span> <span class='ocrx_word' id='word_1_347' title='bbox 2829 3030 3306 3103; x_wconf 75' lang='lat' dir='ltr'>Ambrosius</span> <span class='ocrx_word' id='word_1_348' title='bbox 3367 3034 3448 3098; x_wconf 78' lang='lat' dir='ltr'>de</span> <span class='ocrx_word' id='word_1_349' title='bbox 3500 3055 3789 3100; x_wconf 63' lang='lat' dir='ltr'>consecr.</span> 
     </span>
     <span class='ocr_line' id='line_1_70' title="bbox 2249 3148 3797 3242; baseline -0.001 -20"><span class='ocrx_word' id='word_1_350' title='bbox 2249 3155 2403 3222; x_wconf 77' lang='lat' dir='ltr'>dist.</span> <span class='ocrx_word' id='word_1_351' title='bbox 2454 3155 2517 3222; x_wconf 69' lang='grc'>4.</span> <span class='ocrx_word' id='word_1_352' title='bbox 2563 3154 2641 3222; x_wconf 90' lang='lat' dir='ltr'>et</span> <span class='ocrx_word' id='word_1_353' title='bbox 2691 3149 3044 3222; x_wconf 85' lang='lat' dir='ltr'>sumitur</span> <span class='ocrx_word' id='word_1_354' title='bbox 3093 3149 3182 3220; x_wconf 94' lang='lat' dir='ltr'>de</span> <span class='ocrx_word' id='word_1_355' title='bbox 3223 3148 3499 3241; x_wconf 89' lang='lat' dir='ltr'>glossa</span> <span class='ocrx_word' id='word_1_356' title='bbox 3553 3168 3797 3242; x_wconf 91' lang='lat' dir='ltr'>super</span> 
     </span>
     <span class='ocr_line' id='line_1_71' title="bbox 2249 3268 3795 3351; baseline -0.005 -11"><span class='ocrx_word' id='word_1_357' title='bbox 2249 3269 2390 3340; x_wconf 89' lang='lat' dir='ltr'>illo</span> <span class='ocrx_word' id='word_1_358' title='bbox 2444 3268 2737 3339; x_wconf 77' lang='lat' dir='ltr'>verbo:</span> <span class='ocrx_word' id='word_1_359' title='bbox 2788 3271 2947 3333; x_wconf 80' lang='lat' dir='ltr'>Sine</span> <span class='ocrx_word' id='word_1_360' title='bbox 2997 3270 3384 3351; x_wconf 69' lang='lat' dir='ltr'>peonitentia</span> <span class='ocrx_word' id='word_1_361' title='bbox 3414 3280 3566 3333; x_wconf 74' lang='lat' dir='ltr'>sunl</span> <span class='ocrx_word' id='word_1_362' title='bbox 3617 3268 3795 3333; x_wconf 78' lang='lat' dir='ltr'>dona</span> 
     </span>
     <span class='ocr_line' id='line_1_72' title="bbox 2250 3381 4028 3495; baseline -0.003 -41"><span class='ocrx_word' id='word_1_363' title='bbox 2250 3392 2393 3467; x_wconf 66' lang='lat' dir='ltr'>Dei,</span> <span class='ocrx_word' id='word_1_364' title='bbox 2460 3386 2694 3455; x_wconf 82' lang='lat' dir='ltr'>Rom.</span> <span class='ocrx_word' id='word_1_365' title='bbox 2754 3387 2854 3453; x_wconf 69' lang='lat' dir='ltr'>¹l‘l.</span> <span class='ocrx_word' id='word_1_366' title='bbox 2906 3386 3165 3462; x_wconf 73' lang='lat' dir='ltr'>Gratia,</span> <span class='ocrx_word' id='word_1_367' title='bbox 3220 3381 3502 3472; x_wconf 74' lang='lat' dir='ltr'>inquit,</span> <span class='ocrx_word' id='word_1_368' title='bbox 3548 3386 3673 3449; x_wconf 78' lang='lat' dir='ltr'>Dei</span> <span class='ocrx_word' id='word_1_369' title='bbox 3724 3388 3796 3450; x_wconf 69' lang='lat' dir='ltr'>in·</span> <span class='ocrx_word' id='word_1_370' title='bbox 3930 3447 4028 3495; x_wconf 72' lang='lat' dir='ltr'>Per</span> 
     </span>
     <span class='ocr_line' id='line_1_73' title="bbox 2255 3502 4152 3590; baseline -0.004 -21"><span class='ocrx_word' id='word_1_371' title='bbox 2255 3508 2612 3590; x_wconf 70' lang='lat' dir='ltr'>Baptisn&#39;m,</span> <span class='ocrx_word' id='word_1_372' title='bbox 2706 3524 2835 3567; x_wconf 75' lang='lat' dir='ltr'>non</span> <span class='ocrx_word' id='word_1_373' title='bbox 2915 3503 3197 3587; x_wconf 77' lang='lat' dir='ltr'>requi-rit</span> <span class='ocrx_word' id='word_1_374' title='bbox 3270 3502 3606 3587; x_wconf 72' lang='lat' dir='ltr'>qemiemn,</span> <span class='ocrx_word' id='word_1_375' title='bbox 3694 3504 3797 3566; x_wconf 81' lang='lat' dir='ltr'>vel</span> <span class='ocrx_word' id='word_1_376' title='bbox 3821 3508 4152 3577; x_wconf 61' lang='lat' dir='ltr'>Baptismum</span> 
     </span>
     <span class='ocr_line' id='line_1_74' title="bbox 2248 3570 4089 3706; baseline -0.001 -22"><span class='ocrx_word' id='word_1_377' title='bbox 2248 3624 2610 3706; x_wconf 74' lang='lat' dir='ltr'>planctum,</span> <span class='ocrx_word' id='word_1_378' title='bbox 2671 3621 2768 3683; x_wconf 71' lang='lat' dir='ltr'>rel</span> <span class='ocrx_word' id='word_1_379' title='bbox 2826 3617 3100 3702; x_wconf 75' lang='lat' dir='ltr'>aliquod</span> <span class='ocrx_word' id='word_1_380' title='bbox 3153 3639 3336 3702; x_wconf 74' lang='lat' dir='ltr'>opus,</span> <span class='ocrx_word' id='word_1_381' title='bbox 3401 3617 3514 3681; x_wconf 80' lang='lat' dir='ltr'>sed</span> <span class='ocrx_word' id='word_1_382' title='bbox 3570 3620 3794 3682; x_wconf 71' lang='lat' dir='ltr'>onmia</span> <span class='ocrx_word' id='word_1_383' title='bbox 3886 3570 4089 3683; x_wconf 45' lang='lat' dir='ltr'>tgrllprffir</span> 
     </span>
     <span class='ocr_line' id='line_1_75' title="bbox 2248 3711 4079 3822; baseline -0.002 -23"><span class='ocrx_word' id='word_1_384' title='bbox 2248 3739 2461 3822; x_wconf 62' lang='lat' dir='ltr'>gyratis</span> <span class='ocrx_word' id='word_1_385' title='bbox 2500 3735 2864 3809; x_wconf 69' lang='grc' dir='ltr'><em>ιυηάοηαις</em></span> <span class='ocrx_word' id='word_1_386' title='bbox 2920 3734 3000 3802; x_wconf 76' lang='lat' dir='ltr'>et</span> <span class='ocrx_word' id='word_1_387' title='bbox 3064 3730 3461 3820; x_wconf 71' lang='lat' dir='ltr'>Magistel‘</span> <span class='ocrx_word' id='word_1_388' title='bbox 3514 3732 3576 3801; x_wconf 79' lang='grc'>4.</span> <span class='ocrx_word' id='word_1_389' title='bbox 3633 3733 3790 3797; x_wconf 70' lang='lat' dir='ltr'>dist.</span> <span class='ocrx_word' id='word_1_390' title='bbox 3896 3711 4079 3809; x_wconf 33' lang='lat' dir='ltr'>3¹1fo*</span> 
     </span>
     <span class='ocr_line' id='line_1_76' title="bbox 2251 3823 4165 3945; baseline 0 -28"><span class='ocrx_word' id='word_1_391' title='bbox 2251 3876 2394 3937; x_wconf 76' lang='lat' dir='ltr'>cap.</span> <span class='ocrx_word' id='word_1_392' title='bbox 2433 3852 2838 3936; x_wconf 77' lang='lat' dir='ltr'>(mccpemell.</span> <span class='ocrx_word' id='word_1_393' title='bbox 2878 3850 3172 3917; x_wconf 72' lang='lat' dir='ltr'>Tamen</span> <span class='ocrx_word' id='word_1_394' title='bbox 3215 3848 3415 3918; x_wconf 80' lang='lat' dir='ltr'>nulli</span> <span class='ocrx_word' id='word_1_395' title='bbox 3452 3848 3797 3937; x_wconf 73' lang='lat' dir='ltr'>quotiOS-</span> <span class='ocrx_word' id='word_1_396' title='bbox 3824 3823 4165 3945; x_wconf 41' lang='lat' dir='ltr'>set-{Zegt-de</span> 
     </span>
     <span class='ocr_line' id='line_1_77' title="bbox 2254 3948 4102 4062; baseline -0.002 -28"><span class='ocrx_word' id='word_1_397' title='bbox 2254 3986 2592 4057; x_wconf 85' lang='lat' dir='ltr'>cumque</span> <span class='ocrx_word' id='word_1_398' title='bbox 2664 3962 2990 4042; x_wconf 85' lang='lat' dir='ltr'>labenti,</span> <span class='ocrx_word' id='word_1_399' title='bbox 3075 3963 3497 4054; x_wconf 81' lang='lat' dir='ltr'>praeclusit</span> <span class='ocrx_word' id='word_1_400' title='bbox 3581 3965 3796 4035; x_wconf 91' lang='lat' dir='ltr'>Deus</span> <span class='ocrx_word' id='word_1_401' title='bbox 3866 3948 4102 4062; x_wconf 50' lang='lat' dir='ltr'>afflat.</span> 
     </span>
     <span class='ocr_line' id='line_1_78' title="bbox 2253 4079 3794 4163; baseline 0 -14"><span class='ocrx_word' id='word_1_402' title='bbox 2253 4083 2468 4153; x_wconf 81' lang='lat' dir='ltr'>viam</span> <span class='ocrx_word' id='word_1_403' title='bbox 2505 4081 2792 4151; x_wconf 86' lang='lat' dir='ltr'>salutis</span> <span class='ocrx_word' id='word_1_404' title='bbox 2831 4080 2906 4149; x_wconf 88' lang='lat' dir='ltr'>in</span> <span class='ocrx_word' id='word_1_405' title='bbox 2943 4080 3089 4151; x_wconf 86' lang='lat' dir='ltr'>hac</span> <span class='ocrx_word' id='word_1_406' title='bbox 3131 4079 3346 4163; x_wconf 70' lang='lat' dir='ltr'>rita;</span> <span class='ocrx_word' id='word_1_407' title='bbox 3393 4100 3551 4150; x_wconf 89' lang='lat' dir='ltr'>non</span> <span class='ocrx_word' id='word_1_408' title='bbox 3583 4079 3794 4150; x_wconf 88' lang='lat' dir='ltr'>enim</span> 
     </span>
     <span class='ocr_line' id='line_1_79' title="bbox 2255 4196 3800 4289; baseline -0.001 -19"><span class='ocrx_word' id='word_1_409' title='bbox 2255 4201 2348 4270; x_wconf 86' lang='lat' dir='ltr'>ad</span> <span class='ocrx_word' id='word_1_410' title='bbox 2413 4198 2806 4289; x_wconf 81' lang='lat' dir='ltr'>majOrem</span> <span class='ocrx_word' id='word_1_411' title='bbox 2871 4197 3485 4269; x_wconf 88' lang='lat' dir='ltr'>miserationem</span> <span class='ocrx_word' id='word_1_412' title='bbox 3541 4196 3800 4269; x_wconf 88' lang='lat' dir='ltr'>voluit</span> 
     </span>
     <span class='ocr_line' id='line_1_80' title="bbox 2255 4315 3799 4411; baseline -0.003 -23"><span class='ocrx_word' id='word_1_413' title='bbox 2255 4320 2426 4409; x_wconf 86' lang='lat' dir='ltr'>ipse</span> <span class='ocrx_word' id='word_1_414' title='bbox 2461 4336 3043 4408; x_wconf 80' lang='lat' dir='ltr'>quemcumque</span> <span class='ocrx_word' id='word_1_415' title='bbox 3078 4320 3452 4387; x_wconf 89' lang='lat' dir='ltr'>nostrum</span> <span class='ocrx_word' id='word_1_416' title='bbox 3489 4315 3583 4386; x_wconf 90' lang='lat' dir='ltr'>ad</span> <span class='ocrx_word' id='word_1_417' title='bbox 3617 4335 3799 4411; x_wconf 85' lang='lat' dir='ltr'>pro-</span> 
     </span>
     <span class='ocr_line' id='line_1_81' title="bbox 2253 4432 3799 4524; baseline -0.002 -18"><span class='ocrx_word' id='word_1_418' title='bbox 2253 4436 2561 4506; x_wconf 84' lang='lat' dir='ltr'>ximum</span> <span class='ocrx_word' id='word_1_419' title='bbox 2611 4433 2993 4522; x_wconf 89' lang='lat' dir='ltr'>obligare,</span> <span class='ocrx_word' id='word_1_420' title='bbox 3057 4453 3296 4523; x_wconf 84' lang='lat' dir='ltr'>quam</span> <span class='ocrx_word' id='word_1_421' title='bbox 3350 4432 3521 4524; x_wconf 83' lang='lat' dir='ltr'>ipse</span> <span class='ocrx_word' id='word_1_422' title='bbox 3581 4432 3799 4503; x_wconf 88' lang='lat' dir='ltr'>volu-</span> 
     </span>
     <span class='ocr_line' id='line_1_82' title="bbox 2254 4549 3798 4625; baseline -0.002 -2"><span class='ocrx_word' id='word_1_423' title='bbox 2254 4553 2412 4625; x_wconf 90' lang='lat' dir='ltr'>erit</span> <span class='ocrx_word' id='word_1_424' title='bbox 2493 4551 2784 4623; x_wconf 84' lang='lat' dir='ltr'>habere</span> <span class='ocrx_word' id='word_1_425' title='bbox 2855 4551 2946 4619; x_wconf 72' lang='lat' dir='ltr'>ad</span> <span class='ocrx_word' id='word_1_426' title='bbox 3018 4549 3444 4621; x_wconf 87' lang='lat' dir='ltr'>subditum.</span> <span class='ocrx_word' id='word_1_427' title='bbox 3559 4551 3798 4620; x_wconf 77' lang='lat' dir='ltr'>Petro</span> 
     </span>
     <span class='ocr_line' id='line_1_83' title="bbox 2255 4666 3796 4759; baseline -0.001 -20"><span class='ocrx_word' id='word_1_428' title='bbox 2255 4676 2525 4742; x_wconf 86' lang='lat' dir='ltr'>autem</span> <span class='ocrx_word' id='word_1_429' title='bbox 2572 4667 2993 4759; x_wconf 78' lang='lat' dir='ltr'>quaerenti,</span> <span class='ocrx_word' id='word_1_430' title='bbox 3040 4670 3272 4735; x_wconf 56' lang='lat' dir='ltr'>Matala.</span> <span class='ocrx_word' id='word_1_431' title='bbox 3319 4670 3426 4737; x_wconf 89' lang='lat'>18.</span> <span class='ocrx_word' id='word_1_432' title='bbox 3482 4666 3796 4757; x_wconf 81' lang='lat' dir='ltr'>quoties</span> 
     </span>
     <span class='ocr_line' id='line_1_84' title="bbox 2253 4779 3798 4872; baseline -0.001 -19"><span class='ocrx_word' id='word_1_433' title='bbox 2253 4784 2575 4853; x_wconf 87' lang='lat' dir='ltr'>deberet</span> <span class='ocrx_word' id='word_1_434' title='bbox 2643 4782 3053 4853; x_wconf 85' lang='lat' dir='ltr'>dimittere</span> <span class='ocrx_word' id='word_1_435' title='bbox 3124 4779 3368 4853; x_wconf 84' lang='lat' dir='ltr'>fratri</span> <span class='ocrx_word' id='word_1_436' title='bbox 3434 4781 3798 4872; x_wconf 89' lang='lat' dir='ltr'>peccanti</span> 
     </span>
     <span class='ocr_line' id='line_1_85' title="bbox 2254 4899 3796 4991; baseline -0.004 -20"><span class='ocrx_word' id='word_1_437' title='bbox 2254 4902 2333 4971; x_wconf 86' lang='lat' dir='ltr'>in</span> <span class='ocrx_word' id='word_1_438' title='bbox 2388 4902 2678 4991; x_wconf 87' lang='lat' dir='ltr'>ipsum,</span> <span class='ocrx_word' id='word_1_439' title='bbox 2716 4924 2804 4967; x_wconf 72' lang='lat' dir='ltr'>(m</span> <span class='ocrx_word' id='word_1_440' title='bbox 2851 4905 3090 4988; x_wconf 72' lang='lat' dir='ltr'>septies</span> <span class='ocrx_word' id='word_1_441' title='bbox 3131 4905 3161 4966; x_wconf 68' lang='grc' dir='ltr'>ἲ)</span> <span class='ocrx_word' id='word_1_442' title='bbox 3211 4899 3652 4990; x_wconf 85' lang='lat' dir='ltr'>respondit,</span> <span class='ocrx_word' id='word_1_443' title='bbox 3704 4923 3796 4966; x_wconf 75' lang='lat' dir='ltr'>se-</span> 
     </span>
     <span class='ocr_line' id='line_1_86' title="bbox 2253 5014 3799 5105; baseline -0.002 -22"><span class='ocrx_word' id='word_1_444' title='bbox 2253 5022 2551 5105; x_wconf 69' lang='grc' dir='ltr'>ρῖιιαῃῖρε</span> <span class='ocrx_word' id='word_1_445' title='bbox 2599 5021 2879 5103; x_wconf 76' lang='lat' dir='ltr'>sepcies;</span> <span class='ocrx_word' id='word_1_446' title='bbox 2936 5016 3096 5085; x_wconf 83' lang='lat' dir='ltr'>imo</span> <span class='ocrx_word' id='word_1_447' title='bbox 3159 5014 3592 5086; x_wconf 69' lang='lat' dir='ltr'>Secundum</span> <span class='ocrx_word' id='word_1_448' title='bbox 3647 5016 3799 5085; x_wconf 81' lang='lat' dir='ltr'>Au-</span> 
     </span>
     <span class='ocr_line' id='line_1_87' title="bbox 2256 5130 3800 5221; baseline -0.003 -20"><span class='ocrx_word' id='word_1_449' title='bbox 2256 5133 2669 5221; x_wconf 74' lang='lat' dir='ltr'>gustinum</span> <span class='ocrx_word' id='word_1_450' title='bbox 2716 5132 2793 5202; x_wconf 87' lang='lat' dir='ltr'>in</span> <span class='ocrx_word' id='word_1_451' title='bbox 2852 5130 3148 5203; x_wconf 86' lang='lat' dir='ltr'>Homil.</span> <span class='ocrx_word' id='word_1_452' title='bbox 3193 5134 3463 5208; x_wconf 63' lang='lat' dir='ltr'>millz‘PS,</span> <span class='ocrx_word' id='word_1_453' title='bbox 3510 5132 3754 5196; x_wconf 77' lang='lat' dir='ltr'>millies</span> <span class='ocrx_word' id='word_1_454' title='bbox 3777 5156 3800 5209; x_wconf 78' lang='lat'>,-</span> 
     </span>
     <span class='ocr_line' id='line_1_88' title="bbox 2253 5246 3800 5338; baseline -0.002 -19"><span class='ocrx_word' id='word_1_455' title='bbox 2253 5254 2333 5322; x_wconf 85' lang='lat' dir='ltr'>et</span> <span class='ocrx_word' id='word_1_456' title='bbox 2422 5248 3023 5327; x_wconf 79' lang='lat' dir='ltr'>universaliter,</span> <span class='ocrx_word' id='word_1_457' title='bbox 3138 5246 3800 5338; x_wconf 85' lang='lat' dir='ltr'>quotiescumque</span> 
     </span>
     <span class='ocr_line' id='line_1_89' title="bbox 2257 5360 3802 5459; baseline -0.006 -20"><span class='ocrx_word' id='word_1_458' title='bbox 2257 5366 2712 5459; x_wconf 84' lang='lat' dir='ltr'>peccaverit</span> <span class='ocrx_word' id='word_1_459' title='bbox 2781 5369 2858 5436; x_wconf 89' lang='lat' dir='ltr'>et</span> <span class='ocrx_word' id='word_1_460' title='bbox 2925 5360 3517 5453; x_wconf 81' lang='lat' dir='ltr'>recognoverit,</span> <span class='ocrx_word' id='word_1_461' title='bbox 3616 5381 3802 5450; x_wconf 76' lang='lat' dir='ltr'>par-</span> 
     </span>
     <span class='ocr_line' id='line_1_90' title="bbox 2256 5476 3797 5569; baseline -0.005 -15"><span class='ocrx_word' id='word_1_462' title='bbox 2256 5484 2584 5554; x_wconf 87' lang='lat' dir='ltr'>cendum</span> <span class='ocrx_word' id='word_1_463' title='bbox 2621 5485 2742 5553; x_wconf 89' lang='lat' dir='ltr'>est</span> <span class='ocrx_word' id='word_1_464' title='bbox 2786 5482 2881 5552; x_wconf 85' lang='lat' dir='ltr'>ei.</span> <span class='ocrx_word' id='word_1_465' title='bbox 2926 5480 3053 5554; x_wconf 75' lang='lat' dir='ltr'>Sic</span> <span class='ocrx_word' id='word_1_466' title='bbox 3087 5498 3283 5569; x_wconf 83' lang='lat' dir='ltr'>ergo</span> <span class='ocrx_word' id='word_1_467' title='bbox 3318 5481 3530 5550; x_wconf 88' lang='lat' dir='ltr'>Deus</span> <span class='ocrx_word' id='word_1_468' title='bbox 3575 5476 3797 5550; x_wconf 90' lang='lat' dir='ltr'>insti-</span> 
     </span>
     <span class='ocr_line' id='line_1_91' title="bbox 2252 5595 3799 5689; baseline -0.004 -17"><span class='ocrx_word' id='word_1_469' title='bbox 2252 5599 2413 5672; x_wconf 89' lang='lat' dir='ltr'>tuit</span> <span class='ocrx_word' id='word_1_470' title='bbox 2462 5598 2784 5689; x_wconf 89' lang='lat' dir='ltr'>aliquod</span> <span class='ocrx_word' id='word_1_471' title='bbox 2835 5597 3048 5669; x_wconf 89' lang='lat' dir='ltr'>aliud</span> <span class='ocrx_word' id='word_1_472' title='bbox 3093 5595 3557 5677; x_wconf 90' lang='lat' dir='ltr'>remedium,</span> <span class='ocrx_word' id='word_1_473' title='bbox 3604 5614 3799 5683; x_wconf 89' lang='lat' dir='ltr'>quo-</span> 
     </span>
    </p>
   </div>
  </div>
 </body>
</html>
