4287 6313
580 425 699 491 364

570 606 726 670 gam
748 589 833 653 ad
856 609 1143 657 errorem
1165 592 1550 673 practicum,
1566 591 1632 655 in
1654 592 1875 656 'medio
1897 609 2126 654 neces-

574 711 748 771 sario
833 707 917 770 ad
1000 711 1282 772 salutem
1337 710 1689 787 plurimum
1770 709 2128 789 derogaret

582 824 811 887 divinae
864 827 1323 904 providentiae,
1357 824 1536 905 quod
1583 841 1715 887 non
1760 830 1854 887 est
1895 824 2126 886 admit·

578 942 872 1011 tendum,
905 940 1191 1020 ideoque
1214 959 1644 1022 quaecumque
1671 941 1848 1004 ratio
1891 944 2130 1005 suadet

575 1057 975 1135 llaptismum
1019 1073 1311 1138 congrue
1355 1058 1572 1118 datum
1609 1074 1755 1119 esse
1798 1058 1920 1119 sub
1972 1073 2127 1119 con-

572 1176 738 1247 sili0,
767 1178 1124 1253 antequam
1160 1173 1476 1236 essetsub
1506 1182 1859 1253 praecepte,
1887 1170 2129 1235 eadem

571 1282 809 1345 suadet
880 1295 1016 1343 non
1085 1280 1288 1344 fuisse
1341 1287 1718 1343 revocatam
1766 1282 2124 1343 Circumci-

573 1400 825 1461 sionem
871 1397 1091 1477 quoad
1162 1397 1533 1468 utilitatem,
1594 1403 1955 1476 antequam
2003 1397 2126 1458 Ba-

577 1514 855 1590 ptismus
939 1515 1268 1576 obtineret
1337 1514 1467 1574 vim
1532 1514 1846 1592 praecepti
1918 1512 2134 1575 decla-

581 1629 783 1689 rantis
815 1627 953 1704 ejus
985 1630 1475 1699 necessitatem,
1522 1629 1691 1690 sicut
1751 1634 1817 1689 et
1849 1628 2126 1689 transla-

585 1743 777 1804 tionis
840 1743 1010 1822 legis
1051 1743 1293 1805 veteris
1336 1744 1402 1803 in
1446 1758 1700 1804 novam.

356 1892 437 1943 60.
666 1860 905 1935 Quarta
935 1860 1098 1920 ratio
1133 1875 1249 1935 pro
1310 1859 1735 1921 conclusione
1770 1864 1892 1932 est,
1947 1858 2133 1939 quod

302 1957 501 2016 Quarta
586 1979 765 2038 Deus
810 1991 942 2038 non
1007 1975 1357 2054 dereliquit
1434 1976 1965 2038 communitatem
2017 1977 2133 2037 ho-

324 2015 472 2066 rati0.

254 2083 531 2204 1331081133ζῖ
586 2093 835 2154 minum
890 2092 955 2153 in
1028 2097 1196 2154 statu
1257 2092 1393 2164 viae,
1466 2092 1606 2152 sine
1679 2091 1973 2154 remedio
2045 2090 2130 2152 ad

260 2203 538 2322 coffifflgsji·
586 2211 866 2272 salutem
897 2210 1295 2281 necessario,
1350 2205 1433 2268 de
1480 2223 1608 2285 quo
1642 2211 1821 2269 esset
1849 2212 2124 2282 certum,

287 2329 514 2441 regissgio
586 2323 874 2386 sednon
916 2322 1041 2385 fuit
1096 2323 1417 2385 certitudo
1489 2323 1736 2385 Judaeis
1796 2327 2134 2401 proposita

297 2452 487 2502 efficaci
590 2443 673 2504 de
705 2444 856 2514 alio,
918 2458 1112 2520 quam
1192 2440 1275 2503 de
1344 2440 1874 2512 circumcisione,
1937 2458 2133 2520 quam

251 2520 533 2647 Βεῗρὲιξέῑο
590 2555 971 2617 habuerunt
1012 2560 1165 2617 ante
1214 2560 1278 2618 et
1325 2561 1473 2633 post
1503 2554 1762 2634 legem;
1815 2570 1974 2633 ergo
2033 2569 2134 2616 re-

332 2643 467 2693 S⁰²¹'
588 2672 852 2746 mansit,
911 2672 1126 2734 donec
1181 2670 1359 2733 aliud
1428 2669 1637 2732 fuerat
1698 2670 2129 2748 publicatum.

591 2787 1018 2865 Respondent
1062 2787 1242 2859 Solo,
1276 2791 1345 2848 et
1390 2785 1658 2865 quidam
1733 2785 1863 2859 alii,
1896 2785 2132 2847 salvari

587 2897 876 2975 potuisse
908 2894 1193 2959 infantes
1239 2912 1358 2973 per
1386 2893 1757 2956 remedium
1804 2895 1969 2974 legis
2020 2911 2131 2956 na-

592 3020 747 3076 turae
815 3028 933 3091 pro
1004 3013 1110 3074 illo
1172 3015 1490 3089 tempore.
1553 3010 1812 3082 Contra,
1864 3011 2133 3089 perinde

587 3130 921 3193 sublatum
976 3133 1078 3192 est
1119 3128 1245 3191 hoc
1303 3126 1694 3202 remedium,
1743 3141 1862 3203 per
1903 3142 2133 3189 neces-

588 3249 849 3309 sitatem
918 3214 1353 3325 praescriptam
1423 3243 1758 3320 Baptismi,
1833 3246 2002 3306 sicut
2071 3248 2137 3304 et

589 3362 1032 3435 circumcisio,
1079 3360 1320 3425 deinde
1355 3377 1486 3424 non
1534 3361 1778 3424 tollitur
1816 3363 2127 3424 inconve-

238 3510 449 3577 nequii-i
502 3516 560 3561 ut
592 3479 804 3548 niem,
838 3478 988 3555 quia
1034 3477 1392 3539 remedium
1442 3478 1610 3558 legis
1639 3482 1911 3551 natur-fe,
1945 3478 2133 3540 abro-

259 3575 542 3695 Ρῗέζξέιῑζω
590 3598 744 3672 gata
804 3592 1334 3666 circumcisione,
1408 3592 1612 3655 fuisse
1661 3592 1892 3655 efficax
1947 3610 2134 3674 aeque

278 3700 522 3814 sffoffiffim
592 3712 889 3788 ignotum
918 3706 1041 3770 fuit
1078 3706 1336 3781 Judaeis,
1385 3708 1554 3769 sicut
1584 3714 1649 3769 et
1679 3712 1816 3786 ipsa
1848 3710 2134 3789 abroga-

593 3823 678 3884 tio
711 3823 1266 3896 circumcisionis;
1300 3824 1670 3885 remedium
1714 3830 1935 3885 autem
1985 3840 2133 3886 esse

594 3938 679 4001 de
722 3954 795 4000 se
842 3936 1071 4000 efficax
1112 3938 1270 4001 nihil
1309 3938 1647 4011 conducit,
1691 3940 1815 4001 nisi
1874 3944 2134 4002 constet

595 4055 680 4118 de
727 4055 871 4135 ejus
902 4053 1211 4127 efficacia,
1260 4059 1334 4118 ut
1362 4055 1672 4133 applicari
1704 4056 1957 4133 possit;
2007 4071 2134 4116 me·

590 4172 716 4233 lius
761 4188 920 4249 ergo
955 4170 1225 4245 diceret,
1271 4172 1672 4249 Baptismum
1717 4167 1922 4233 fuisse
1995 4168 2132 4233 effi·

592 4303 820 4351 cacem
851 4288 916 4349 in
947 4285 1350 4350 resalvandis
1380 4289 1623 4366 pueriS,
1653 4290 1781 4350 imo
1815 4290 2035 4359 etiam,
2069 4291 2143 4348 ut

586 4404 729 4481 ipse
775 4404 936 4477 vult,
993 4400 1194 4465 fuisse
1238 4403 1715 4473 necessarium,
1764 4419 1961 4481 quam
2006 4404 2135 4464 sal-

588 4526 774 4584 varet
841 4521 958 4583 Dei
1029 4518 1502 4598 providentiam
1578 4538 1698 4600 per
1768 4520 2140 4583 remedium

590 4642 758 4720 legis
818 4644 1089 4708 naturae,
1152 4637 1333 4718 quod
1390 4654 1475 4699 ex
1543 4637 1695 4716 lege
1768 4653 1901 4699 non
1962 4638 2143 4702 licuit

593 4758 924 4837 applicare
976 4756 1271 4834 parvulo,
1332 4758 1455 4818 nisi
1510 4758 1576 4818 in
1628 4772 1785 4818 casu
1841 4759 2135 4819 necessi-

597 4875 745 4937 tatis
776 4880 925 4935 ante
956 4876 1264 4934 octavum
1308 4870 1523 4946 diem;
1581 4888 1740 4951 ergo
1792 4874 1961 4935 sicut
1989 4888 2143 4950 sup-

595 4993 777 5068 ponit
802 4994 1139 5067 spectasse
1184 4988 1269 5051 ad
1322 4989 1437 5050 Dei
1493 4987 2000 5067 providentiam,
2075 4995 2142 5051 et

593 5104 1108 5169 misericordiam
1170 5120 1302 5167 non
1366 5104 1803 5186 dereliquisse
1882 5124 2000 5185 pro
2062 5124 2141 5170 eo

597 5229 896 5302 tempore
940 5223 1368 5303 synagogam
1410 5223 1555 5285 sine
1599 5220 1924 5295 remedi0,
1959 5223 2140 5302 quod

268 3069 537 3182 Impugna-

370 3147 453 3184 ur.

595 5360 958 5439 applicaret
1001 5358 1312 5437 practice,
1362 5363 1429 5420 et
1477 5356 1560 5419 de
1610 5360 1801 5439 cujus
1853 5357 2145 5422 efficacia

597 5488 955 5561 constaret,
1015 5485 1317 5562 sequitur
1386 5482 1636 5544 nullum
1698 5483 1877 5546 aliud
1944 5483 2148 5546 fuisse

600 5610 838 5685 praeter
867 5600 1467 5666 circumcisionem.

1707 429 1853 495 Lm.
1902 431 2000 493 lv.
2049 429 2643 495 SENTENTIARUM

2319 592 2460 654 Haec
2507 597 2728 653 tamen
2757 593 3102 671 responsio
3141 596 3207 653 et
3248 589 3538 670 Hugonis
3585 585 3667 650 de
3705 587 3772 648 S:
3912 606 4000 660 62.

2237 693 2514 766 Victore,
2548 696 2615 753 et
2660 692 2917 756 Alensis
2968 695 3127 755 locis
3168 693 3399 765 citans,
3459 706 3604 768 quae
3657 689 3779 749 mi·
3832 669 3999 734 ‘¹³8⁰’
4047 676 4102 722 ‘²‘

3836 734 4066 786 Mensis·

2237 824 2363 868 nus
2422 806 2703 885 quadrat
2751 807 3090 869 sententiae
3141 806 3471 868 communi
3523 804 3606 867 de
3665 806 3773 867 tali

2237 915 2533 978 remedio
2622 914 2902 994 ejusque
2945 915 3242 987 materia,
3303 918 3455 994 quia
3512 915 3788 977 materia

2239 1032 2335 1114 (ut
2366 1031 2616 1112 dicunt)
2650 1032 2797 1095 talis
2827 1032 3103 1095 remedii
3146 1037 3287 1095 erat
3314 1031 3480 1095 fides
3510 1040 3778 1096 externa

2241 1157 2585 1230 parentum
2643 1150 2971 1228 applicata
3020 1149 3105 1211 ad
3177 1150 3445 1227 aliquod
3516 1151 3780 1230 signum

2241 1268 2595 1342 sensibile;
2630 1266 2751 1330 sed
2800 1265 3078 1346 perinde
3100 1267 3246 1330 haec
3288 1264 3454 1328 fides
3484 1267 3793 1346 applicari

2242 1391 2489 1463 posset,
2592 1389 2658 1447 et
2725 1384 3076 1462 protestari
3189 1399 3311 1461 per
3387 1382 3792 1447 oblationem

2243 1501 2493 1579 parvuli
2545 1502 2612 1561 in
2670 1498 3202 1570 circumcisione,
3248 1500 3416 1560 sicut
3466 1499 3534 1559 in
3622 1499 3787 1573 aliis,

2245 1620 2396 1695 quia
2441 1630 2576 1678 non
2608 1615 3087 1678 determinabat
3135 1619 3384 1677 certam
3423 1615 3786 1678 materiam.

2243 1733 2543 1811 Plerique
2588 1735 2809 1793 autem
2861 1747 2943 1792 ex
2989 1731 3212 1793 schola
3243 1731 3316 1790 D.
3363 1729 3620 1792 Thomae
3667 1729 3788 1791 do-

2245 1855 2397 1911 cent
2434 1847 3008 1910 circumcisionem
3057 1862 3190 1907 non
3238 1845 3546 1907 habuisse
3598 1845 3797 1906 aliam

2246 1961 2625 2032 efficaciam,
2675 1962 2798 2023 nisi
2828 1962 3080 2023 ratione
3100 1959 3253 2022 fidei
3294 1964 3680 2038 protestatae,
3730 1967 3795 2024 et

2243 2083 2318 2141 ut
2363 2075 2741 2140 includebat
2771 2076 3138 2140 remedium
3169 2077 3338 2156 legis
3368 2082 3664 2151 naturae3
3699 2092 3799 2137 er-

2243 2214 2329 2278 go
2375 2196 2544 2258 sicut
2596 2195 2716 2257 fuit
2767 2194 2934 2256 licita
2986 2212 3105 2271 pro
3175 2195 3284 2256 illo
3348 2200 3669 2272 tempore,
3721 2198 3799 2255 ut

2247 2330 2477 2376 omnes
2522 2313 2925 2387 concedunt,
2973 2315 3067 2376 sic
3111 2311 3301 2373 etiam
3363 2314 3501 2372 erat
3558 2308 3796 2382 valida,

2244 2435 2297 2495 si
2344 2430 2738 2493 remedium·
2775 2429 2941 2511 legis
2982 2435 3235 2490 naturae
3295 2426 3419 2489 fuit
3482 2427 3796 2499 validum,

2247 2563 2323 2608 ac
2386 2545 2661 2624 proinde
2704 2545 2911 2607 salvat
2943 2546 3098 2607 Soto
3126 2548 3192 2604 et
3230 2542 3359 2616 alii,
3408 2540 3589 2621 quod
3650 2543 3789 2605 evi-

2247 2668 2386 2724 tare
2457 2668 2804 2735 conantur,
2884 2660 3165 2722 dicendo
3229 2659 3356 2721 tale
3424 2656 3789 2720 remedium

2245 2780 2445 2842 fuisse
2503 2778 2816 2851 validum,
2861 2775 3040 2856 quod
3098 2792 3231 2838 non
3289 2776 3570 2838 cohaeret
3641 2790 3791 2838 cum

2245 2896 2641 2959 necessitate
2681 2895 2996 2972 Baptismi
3029 2910 3147 2972 pro
3179 2891 3286 2954 illo
3318 2899 3642 2971 tempore,
3674 2897 3786 2955 aut

2245 3014 2671 3093 abrogatione
2693 3009 3212 3074 circumcisionis
3236 3008 3454 3088 quoad
3474 3007 3785 3072 fructum.

2329 3126 2708 3209 Respondet
2787 3129 3108 3207 Vasquez,
3170 3141 3300 3188 non
3346 3141 3493 3188 esse
3563 3127 3787 3189 incon·
3931 3155 4018 3206 62.

2245 3249 2541 3322 veniens,
2600 3250 2673 3306 ut
2730 3248 2796 3308 in
2869 3261 3025 3307 casu
3080 3247 3469 3321 suppeteret
3516 3243 3783 3322 aliquod
3826 3217 4114 3345 Ῑξῆξξῑξζῗο

2245 3365 2615 3429 remedium
2698 3380 2814 3442 pro
2869 3362 3178 3440 parvuliS,
3264 3376 3385 3438 per
3452 3359 3782 3423 accidens.

2247 3485 2505 3553 contra,
2554 3480 2680 3542 hoc
2709 3485 2810 3541 est
2853 3485 3076 3542 contra
3108 3491 3529 3538 communem
3569 3477 3787 3538 Theo-

2245 3600 2566 3679 logorum‚
2615 3601 2682 3658 et
2748 3610 3020 3658 suavem
3075 3592 3578 3672 dispositionem
3624 3591 3785 3654 divi·

2246 3731 2343 3778 nae
2399 3712 2846 3787 Providentiae,
2892 3715 2964 3772 ut
3014 3709 3449 3770 communiter
3476 3707 3787 3783 Ecclesia,

2249 3829 2454 3909 qualis
2503 3828 2621 3891 fuit
2659 3833 2796 3888 tum
2844 3828 3221 3905 Synagoga,
3269 3829 3421 3886 ante
3498 3821 3788 3901 promul-

2247 3946 2583 4024 gationem
2626 3942 2958 4023 Evangelii
3016 3940 3475 4014 sufficientem,
3534 3944 3600 4002 in
3662 3956 3791 4019 qua

2244 4061 2367 4125 fuit
2408 4060 2572 4124 fides
2631 4065 2698 4121 et
2742 4059 2956 4120 cultus
3000 4056 3134 4121 veri
3178 4058 3319 4131 Dei,
3355 4058 3790 4137 ‘derelinque-

2247 4185 2430 4241 retur
2484 4180 2627 4241 sine
2658 4178 2790 4239 ullo
2822 4176 3147 4251 remedio,
3193 4179 3507 4254 respectu
3554 4191 3786 4252 parvu-

2249 4297 2484 4368 lorum,
2538 4310 2686 4356 cum
2720 4309 2942 4357 errore
2988 4292 3274 4371 practico
3310 4295 3377 4351 et
3404 4289 3783 4364 invincibili,
3846 4262 4121 4374 dessegiffinii

2252 4430 2451 4492 quem
2479 4412 2706 4474 habuit
2746 4411 2899 4473 citra
2933 4409 3190 4487 culpam
3223 4413 3288 4470 et
3315 4407 3793 4487 negligentiam
3835 4387 4125 4499 Eoegffissm

2253 4546 2462 4603 suam,
2511 4545 2654 4608 quae
2707 4526 3012 4606 imputari
3057 4525 3286 4605 possit,
3335 4526 3486 4604 quia
3534 4523 3792 4586 seclusa
3872 4512 4120 4562 ”⁹m0d50·

2254 4648 2517 4729 publica
2570 4647 2990 4708 revocatione
3060 4641 3607 4711 circumcisionis,
3663 4652 3797 4702 non

2257 4764 2606 4827 tenebatur
2634 4760 2812 4824 aliud
2842 4759 3209 4822 remedium
3242 4773 3558 4837 quaerere,
3618 4753 3800 4833 quod

2257 4896 2553 4960 eousque
2595 4878 2716 4941 fult
2745 4881 3091 4958 privatum,
3127 4882 3195 4938 et
3241 4875 3419 4937 nulla
3477 4874 3631 4953 lege
3675 4881 3798 4935 sta-

2258 5010 2488 5067 tutum.
2536 5002 2762 5064 Melius
2833 5015 2992 5079 ergo
3054 4997 3311 5069 dicitur,
3381 5012 3514 5058 non
3588 4993 3793 5058 fuisse

2255 5124 2454 5187 ullam
2477 5123 2796 5184 rationem
2828 5123 2958 5179 tam
2991 5117 3349 5177 immaturae
3375 5111 3792 5192 obligationis
3855 5104 4157 5158 Conclusio.

2256 5239 2564 5317 Baptismi
2608 5253 2726 5314 pro
2774 5240 2950 5306 tunc,
3001 5230 3212 5294 donec
3242 5229 3797 5309 promulgaretur,

2261 5374 2404 5439 qua}
2445 5359 2545 5417 est
2594 5354 2921 5415 sententia
2952 5351 3014 5411 S.
3048 5345 3389 5419 Bernardi‚
3422 5359 3621 5425 quam
3651 5361 3804 5422 sup-

2264 5483 2445 5560 ponit
2484 5477 2939 5542 Tridentinum
2976 5490 3220 5551 supra‚·
3248 5473 3372 5533 hoc
3431 5471 3608 5532 enim
3660 5470 3803 5548 ipso

2265 5598 2443 5679 quod
2494 5595 2862 5674 Baptismus
2910 5591 3138 5654 habuit
3193 5594 3398 5651 totam
3454 5589 3805 5650 necessita·

3935 4201 4050 4249 Non
