4287 6313
142 2292 359 2356 Duplex

142 2355 275 2403 mod
285 2371 342 2406 us

1596 364 1792 425 bls'r.
1826 364 1928 425 IV.
1959 363 2320 439 QUAESTIO
2355 368 2423 425 V.
3585 371 3704 432 429

449 526 725 600 pugnat,
774 525 921 601 quia
974 522 1251 604 derogat
1302 526 1719 586 sacramento
1780 525 1999 585 Poeni-

446 639 684 712 tentiae‚
736 640 887 717 qula
932 640 1024 701 sic
1077 657 1410 719 nunquam
1442 642 1806 703 remitteret
1837 658 1998 719 pec-

442 761 609 832 cata,
656 758 777 821 sed
820 765 1230 838 supponeret
1274 763 1544 822 remissa
1606 778 1720 838 per
1774 778 1998 823 veram

442 874 919 950 contritionem,
976 881 1040 937 et
1093 883 1579 957 consequenter
1633 895 1765 941 non
1818 884 1999 941 esset

438 989 733 1053 secunda
789 997 940 1070 post
983 990 1400 1074 naufragium
1456 995 1703 1056 tabula.
1765 994 1997 1058 Subdit

440 1112 837 1173 sententiam
883 1111 1159 1182 Alensis,
1208 1103 1355 1192 quae'
1410 1113 1560 1177 dicit
1622 1113 1705 1174 ad
1764 1114 1991 1175 Sacra·

439 1233 738 1290 mentum
791 1229 1192 1291 Poenitentiae
1236 1230 1404 1291 adeo
1470 1230 1714 1309 requiri
1773 1229 1997 1307 dispo-

439 1343 741 1406 sitionem
773 1362 1157 1424 congruam,
1205 1352 1277 1407 ut
1322 1362 1439 1422 per
1495 1347 1993 1407 Sacramentum

437 1461 727 1522 remittat
785 1467 1158 1539 peccatum,
1206 1478 1340 1522 non
1418 1466 1636 1522 tamen
1693 1461 1998 1539 alligasse

436 1582 740 1642 virtutem
812 1597 999 1643 suam
1081 1581 1548 1651 SacramentiS,
1627 1581 1783 1658 quin
1855 1581 1997 1641 sine

436 1697 594 1776 ipsis
662 1697 953 1758 remittat
1022 1702 1368 1773 peccatum
1444 1711 1566 1773 per
1639 1691 1999 1771 perfectam

439 1814 936 1892 dispositionem
981 1818 1162 1875 extra
1216 1813 1741 1882 Sacramentum,
1819 1808 2000 1888 quod

440 1937 541 1994 est
593 1930 862 2011 majoris
919 1929 1379 1992 misericordiae
1433 1928 1762 2006 duplicem
1829 1928 1999 1988 viam

444 2054 509 2110 et
559 2048 852 2109 medium
898 2045 1274 2109 remittendi
1324 2046 1576 2124 peccati
1633 2045 1996 2111 instituere,

447 2183 642 2244 quarn
688 2165 771 2227 ad
802 2182 1002 2226 unum
1038 2169 1292 2226 tantum
1324 2168 1597 2225 arctare.

526 2280 758 2344 Subdit
788 2286 1011 2342 autem
1041 2282 1282 2341 Doctor
1313 2278 1693 2356 exemplum
1739 2277 1821 2338 de
1872 2277 1997 2337 Ba-

111 2418 423 2469 remmendi
452 2403 686 2477 ptismo
733 2399 966 2471 adulti,
1018 2402 1085 2458 et
1130 2397 1520 2459 remissione
1564 2395 1815 2471 peccati
1868 2394 1990 2456 ori-

108 2487 386 2543 pec-catum
396 2522 410 2535 .

181 4446 344 4497 Casus

152 4523 310 4573 quem

108 4570 348 4621 declarat

110 4634 312 4684 Doctor
322 4672 336 4685 .

80 5370 333 5436 Loquitur

142 5435 323 5485 aduno

124 5504 193 5548 ha
202 5498 349 5547 bente

58 5559 339 5626 originale.

447 2518 687 2598 ginalis
733 2533 852 2594 per
897 2515 1225 2593 duplicem
1259 2515 1431 2575 illam
1475 2514 1684 2584 viam;
1733 2512 1836 2572 vel
1878 2527 1996 2588 per

443 2635 694 2698 bonum
731 2639 983 2701 motum
1020 2632 1394 2703 voluntatiS,
1450 2633 1759 2707 tanquam
1805 2627 1995 2688 meri-

449 2756 579 2812 tum
625 2749 709 2812 de
762 2765 1100 2828 congrum
1153 2748 1256 2809 vel
1305 2764 1424 2825 per
1470 2746 1715 2806 realem
1763 2760 1992 2806 susce-

438 2865 1116 2946 ptionem‘JBaptismi,
1164 2862 1584 2925 excludendo
1637 2861 1989 2934 fictionem,

434 2989 507 3044 ut
568 2981 722 3043 inde
787 2981 1026 3059 probet
1097 2980 1293 3041 etiam
1363 2983 1783 3056 peccatorem
1844 2981 1994 3053 post

436 3098 837 3178 Baptismum
871 3105 1153 3178 utroque
1199 3096 1395 3159 modo
1445 3092 1798 3176 justificari,
1855 3093 1990 3155 sive

436 3235 557 3297 per
613 3219 1095 3287 contritionem,
1152 3217 1288 3277 sive
1335 3231 1454 3294 per
1497 3213 1991 3274 Sacramentum

435 3334 832 3397 Poenitentiae
861 3334 1205 3409 supposita
1237 3330 1590 3403 attritione,
1640 3332 1819 3406 quod
1870 3327 1985 3389 de·

436 3455 623 3514 notat
649 3449 757 3512 illa
805 3448 1123 3519 clausula,
1157 3450 1249 3510 ita
1280 3449 1431 3508 etin
1464 3447 1822 3522 proposito,
1859 3450 1985 3505 etc.

433 3568 504 3630 id
533 3571 657 3640 est,
695 3565 777 3628 de
811 3564 1209 3626 Poenitentiae
1242 3565 1689 3624 sacramento,

513 3683 590 3744 Et
636 3683 917 3760 amplius
965 3679 1187 3743 subdit
1230 3678 1739 3741 declarationem
1788 3678 1987 3748 :Hoc,

433 3796 670 3874 inquit,
722 3797 1105 3860 declaratur
1154 3796 1266 3868 sie,
1326 3800 1447 3856 etc.
1504 3795 1659 3870 quia
1708 3795 1795 3853 ad
1840 3790 1990 3867 pri-

432 3930 610 3975 mam
692 3915 1153 3989 susceptionem
1235 3913 1490 3987 9ratz’ae,
1563 3908 1832 3988 (nempe
1904 3906 1986 3968 ab

430 4026 679 4102 adult0,
728 4026 993 4106 quando
1032 4023 1430 4106 justificatur
1470 4042 1507 4086 a
1548 4029 1825 4101 peccato
1858 4023 1981 4085 ori-

430 4144 631 4226 ginali
675 4150 858 4206 extra
901 4141 1421 4223 Sacramentum)
1465 4143 1829 4220 requiritur
1858 4140 1984 4201 ati-

432 4262 578 4338 qm‘s
607 4265 816 4322 motus
860 4262 1236 4322 meritorius
1280 4262 1359 4321 de
1403 4274 1712 4335 conqruO,
1748 4261 1874 4319 etc.

512 4376 715 4439 Casus
745 4391 903 4455 ergo
955 4381 1056 4437 est
1102 4376 1186 4437 de
1235 4375 1460 4438 adulto
1509 4390 1659 4436 cum
1711 4377 1982 4453 peccato

437 4494 725 4571 originali
756 4494 992 4568 solum,
1042 4494 1194 4572 quia
1227 4511 1357 4556 non
1388 4492 1542 4555 facit
1580 4492 1982 4554 mentionem

434 4611 636 4673 ullam
693 4613 932 4674 Doctor
994 4610 1077 4673 de
1129 4616 1403 4688 peccato
1451 4608 1779 4688 personali
1838 4608 1985 4688 eJus

434 4726 708 4798 mortali,
754 4728 922 4789 sicut
980 4725 1046 4786 in
1118 4726 1418 4803 praesenti
1491 4725 1846 4804 quaestione
1920 4727 1986 4785 et

435 4843 857 4908 conclusione
897 4842 1074 4916 facit,
1129 4849 1195 4903 et
1237 4844 1322 4904 ita
1374 4859 1507 4905 non
1540 4849 1639 4905 est
1667 4844 1791 4905 sibi
1823 4857 1978 4904 con-

433 4960 688 5035 trariuS,
749 4966 822 5022 ut
865 4961 1035 5021 male
1089 4961 1370 5025 asseruit
1415 4961 1706 5032 Gabriel;
1763 4964 1829 5021 et
1872 4977 1978 5021 so-

430 5078 567 5138 lum
596 5077 887 5157 loquitur
917 5077 1000 5139 de
1022 5075 1492 5157 justificatione
1524 5076 1731 5138 adulti
1764 5094 1801 5138 a
1830 5093 1982 5154 pec-

432 5199 578 5257 cato
622 5194 945 5275 originali,
1002 5210 1136 5256 non
1177 5200 1395 5255 autem
1428 5212 1465 5256 a
1498 5199 1769 5272 peccato
1805 5211 1982 5256 mor-

416 5313 540 5376 -tali
587 5310 912 5390 personali
949 5330 965 5372 ε
997 5312 1178 5373 Sicut
1206 5327 1359 5386 erqo
1414 5312 1699 5384 adultus,
1746 5288 1978 5388 inquit,

428 5430 717 5506 primam
748 5433 1028 5507 qratiam
1061 5428 1371 5490 delentem
1417 5428 1739 5504 orefyinate
1779 5432 1982 5504 potest

431 5546 669 5609 habere
728 5544 976 5622 duplici
1039 5547 1170 5618 via,
1247 5550 1374 5606 etc.
1451 5558 1601 5622 quae
1674 5548 1772 5606 est
1842 5546 1981 5621 ipsa

2119 529 2458 603 expressio
2493 530 2802 605 exempli,
2851 534 2915 590 et
2970 546 3182 605 casuS,
3240 548 3437 610 quam
3487 531 3668 594 dein-

2112 659 2268 719 ceps
2303 644 2459 704 nihil
2487 649 2804 705 mutatam
2835 647 3279 725 prosequitur.
3304 649 3442 708 Non
3474 648 3668 709 video

2109 773 2269 837 ergo
2330 776 2460 837 qua
2506 761 2756 823 ratione
2815 763 3107 823 trahatur
3169 763 3250 824 ad
3309 763 3509 824 alium
3568 763 3664 826 di-

2106 888 2369 933 versum
2400 876 2736 950 praesentis
2777 877 3185 953 quaestioniS,
3238 878 3302 937 in
3346 896 3474 957 qua
3524 879 3663 957 agi-

2111 992 2214 1047 tur
2245 987 2327 1048 de
2365 987 2516 1050 ficto
2567 997 2633 1052 et
2673 991 3105 1070 ⁴dispositione
3137 994 3201 1053 in
3234 1011 3313 1055 eo
3345 995 3659 1072 requisita

2108 1102 2194 1163 ad
2230 1104 2790 1183 justificationem.
2824 1108 2922 1169 Ad
2953 1108 3520 1171 confirmationem
3566 1112 3664 1171 fa-

2110 1220 2217 1291 cit,
2278 1222 2457 1298 quod
2503 1223 3038 1300 justificationem
3092 1225 3298 1288 adulti
3345 1227 3427 1288 ab
3472 1228 3665 1306 origi-

2108 1336 2239 1397 nali
2287 1346 2539 1399 asserat
2593 1340 2757 1410 fiem,
2817 1357 2950 1402 non
3008 1358 3131 1418 per
3189 1347 3662 1418 poenltentlanl,

2108 1452 2229 1513 sed
2275 1471 2393 1531 per
2440 1459 2688 1517 motum
2758 1457 3160 1517 meritorium
3207 1455 3664 1539 decongruO,

2109 1584 2353 1646 nempe
2384 1572 2487 1632 vel
2517 1589 2636 1648 per
2675 1572 2872 1634 sidem
2924 1574 3292 1646 formatam,
3338 1591 3458 1635 seu
3508 1592 3663 1652 ope·

2110 1690 2366 1747 rantem
2411 1704 2529 1765 per
2573 1690 2977 1763 charitatem,
3050 1699 3114 1752 et
3165 1690 3664 1770 justificantem,

2109 1808 2184 1864 ut
2211 1807 2560 1882 Apostolus
2605 1811 2670 1869 in
2715 1812 2894 1886 epist.
2931 1812 3016 1872 ad
3048 1810 3338 1880 Galatas,
3380 1829 3431 1870 e.
3466 1812 3525 1872 5.
3562 1812 3661 1872 vel

2112 1928 2316 1993 certe,
2350 1923 2401 1982 si
2433 1923 2634 1985 habet
2684 1925 2899 2003 aliqua
2948 1927 3224 1988 venialia
3281 1944 3428 1988 cum
3474 1926 3663 2006 origi-

2110 2034 2264 2106 nali,
2311 2051 2431 2112 per
2460 2044 2676 2098 actum
2708 2040 3108 2115 poenitentiae
3138 2038 3470 2117 perfectae,
3525 2057 3662 2120 quae

2109 2150 2250 2211 sine
2325 2157 2595 2228 peccato
2669 2157 2998 2232 personali
3064 2158 3291 2235 nequit
3380 2158 3657 2235 concipi,

2108 2279 2245 2326 non
2274 2270 2549 2345 requirit
2582 2274 2799 2332 tamen
2852 2270 3285 2334 determinate
3336 2276 3654 2349 poeniten·

2113 2381 2282 2451 tiam,
2339 2399 2488 2460 quae
2542 2385 2772 2461 nequit
2831 2401 2978 2446 esse
3032 2386 3112 2448 de
3165 2389 3506 2466 originali;
3560 2392 3656 2450 in·

2105 2493 2201 2558 fra
2237 2504 2454 2560 tamen
2488 2517 2697 2579 agens
2754 2501 2834 2561 de
2882 2503 3305 2582 dispositione
3348 2506 3658 2583 requisita

2107 2617 2190 2677 ad
2224 2617 2681 2678 remissionem
2712 2621 2964 2695 peccati
3008 2621 3299 2682 mortalis
3351 2631 3499 2700 post
3546 2624 3661 2683 Ba·

2111 2733 2414 2809 ptismum
2448 2735 2798 2806 commissi,
2834 2733 3170 2812 specificat
3200 2743 3408 2796 actum
3454 2737 3657 2799 debe·

2106 2865 2175 2910 re
2229 2866 2375 2911 esse
2428 2849 2695 2928 (nempe
2748 2868 2868 2928 per
2915 2867 2986 2912 se
3027 2850 3389 2930 loquendo,
3448 2858 3513 2923 et
3556 2871 3658 2914 se·

2108 2964 2436 3026 eludendo
2486 2982 2732 3039 casum,
2782 2984 2911 3045 quo
2963 2961 3315 3030 excusatur
3366 2987 3402 3028 a
3452 2970 3660 3046 poeni·

2116 3082 2318 3143 tentia
2414 3079 2667 3143 formali
2745 3087 2813 3143 et
2899 3099 3209 3163 expressa
3303 3086 3657 3162 supplente

2108 3196 2483 3271 dilectione,
2559 3215 2708 3276 quae
2766 3201 3054 3260 virtualis
3112 3209 3213 3262 est
3269 3205 3655 3278 poenitentia

2104 3318 2247 3392 ejus
2298 3313 2631 3375 defectum
2687 3317 2749 3376 in
2804 3332 2882 3377 eo
2937 3318 3047 3394 qui
3092 3334 3223 3377 non
3264 3318 3543 3381 advertit
3572 3320 3657 3382 ad

2103 3432 2475 3511 peccatum)
2530 3433 2924 3495 attritionem
2971 3431 3356 3509 perfectam,
3411 3433 3479 3494 id
3528 3440 3652 3511 est,

2105 3554 2566 3615 contritionem
2648 3554 2753 3614 vel
2811 3554 3150 3614 remissam
3212 3571 3359 3615 cum
3431 3556 3653 3617 Sacra·

2102 3673 2355 3729 ment0.

2183 3783 2374 3857 Quod
2420 3798 2578 3862 ergo
2635 3782 2716 3844 de
2772 3782 2974 3845 adulti
3024 3784 3491 3863 justificatione
3537 3802 3659 3862 per

2100 3908 2597 3968 Sacramentum
2641 3906 2722 3966 ab
2785 3906 3082 3985 originali
3144 3905 3349 3984 (quod
3407 3923 3529 3986 per
3582 3924 3654 3967 se

2098 4026 2309 4102 primo
2371 3994 2800 4086 est-materia
2859 4024 3192 4100 Baptismi,
3258 4022 3650 4086 secundaria

2099 4151 2316 4206 autem
2376 4147 2723 4220 peccatum
2780 4143 3157 4219 personale,
3216 4142 3269 4202 si
3324 4142 3498 4214 insit,
3564 4142 3645 4203 de

2099 4279 2230 4342 quo
2289 4261 2447 4322 nihil
2504 4259 2767 4339 praefato
2831 4260 2974 4321 loco
3036 4257 3297 4339 Doctor)
3343 4257 3650 4322 sufficere

2095 4380 2502 4441 voluntatem
2557 4378 2920 4456 recipiendi
2980 4381 3474 4440 Sacramentum
3548 4396 3649 4441 se-

2097 4497 2276 4557 clusa
2305 4493 2585 4563 fictione,
2631 4494 3046 4556 verissimum
3092 4501 3211 4566 est,
3266 4512 3391 4556 nec
3434 4496 3648 4557 solum

2094 4613 2418 4673 sententia
2467 4611 2851 4682 communis,
2883 4609 3002 4670 sed
3042 4613 3281 4671 veritas
3325 4609 3503 4672 fidei.
3558 4612 3650 4671 Ex

2096 4729 2335 4808 quibus
2379 4733 2560 4805 patet
2607 4728 2859 4789 nullum
2909 4743 3057 4788 esse
3114 4726 3333 4788 locum
3397 4727 3643 4789 calum-

2094 4850 2247 4920 niae,
2293 4846 2399 4908 vel
2470 4845 2654 4907 aliter
2708 4843 3187 4921 interpretandi
3241 4845 3642 4905 sententiam

2095 4962 2236 5040 ejus
2277 4978 2476 5042 quam
2523 4967 2733 5036 sonat,
2784 4964 2931 5039 quia
2982 4961 3355 5024 doctrinalis
3401 4979 3641 5040 propo—

2094 5080 2240 5141 sitio
2282 5078 2651 5140 secundum
2702 5080 3163 5153 proprietatem
3212 5077 3643 5157 intelligenda

2094 5202 2219 5259 est.
2253 5196 2453 5257 Casus
2484 5202 2703 5257 autem
2743 5195 3076 5272 praesentis
3118 5197 3501 5274 quaestionis
3549 5206 3647 5259 est

2095 5313 2393 5375 diversus
2423 5312 2504 5373 ab
2537 5328 2640 5383 e0,
2678 5328 2875 5390 quem
2909 5314 2972 5371 in
3007 5311 3149 5372 loco
3198 5312 3392 5374 citato
3425 5313 3640 5388 expri-

2093 5432 2209 5490 mit
2237 5430 2504 5501 Doctor,
2549 5444 2681 5489 non
2711 5428 2925 5490 solum
2957 5428 3195 5500 verbiS,
3229 5428 3349 5490 sed
3381 5434 3448 5490 et
3487 5446 3637 5489 sen·

2094 5547 2320 5609 tentia.
2359 5547 2601 5610 Omitto
2637 5544 2817 5625 quod
2848 5546 3000 5608 dicit
3030 5548 3091 5609 in
3135 5551 3349 5623 quoest.
3403 5547 3455 5606 1.
3510 5550 3636 5605 art.

3799 3810 3851 3861 7.
