4287 6313
1572 405 1770 467 Dts'r.
1808 406 1905 465 vt.
1942 404 2316 479 QUAESTto
2354 408 2398 468 1.
3499 403 3613 468 541

426 583 583 643 pum
616 572 729 628 aut
769 568 1234 647 Presbyterum
1281 582 1476 644 posse
1510 566 1795 628 Diacono
1831 581 1971 626 mu··

420 703 543 749 nus
587 683 959 762 baptizandi
1008 684 1416 746 committere
1471 688 1802 763 praesente
1862 684 1975 744 Sa-

418 800 711 874 cerdote,
759 802 869 879 qui
911 799 979 862 id
1031 806 1426 878 praesentare
1487 804 1753 878 posset;
1826 815 1976 861 suc-

419 919 592 981 cedit
644 924 866 981 tamen
938 921 1004 980 in
1067 919 1194 981 hoc
1264 918 1624 991 Sacerdoti,
1701 914 1973 994 quando

419 1036 630 1107 abest,
677 1041 743 1098 et
796 1035 1050 1098 ratione
1108 1035 1356 1115 gradus
1415 1041 1483 1098 et
1533 1035 1969 1098 necessitatis·

418 1154 510 1215 Ex
566 1169 697 1230 quo
756 1158 937 1232 patet
989 1153 1073 1216 ad
1133 1152 1716 1216 confirmationem.
1779 1148 1972 1227 Quod

423 1269 688 1333 additur
730 1270 815 1333 de
857 1271 1174 1349 Philippo,
1215 1268 1662 1349 respondetur
1690 1283 1774 1329 ex
1812 1282 1970 1329 con-

424 1390 724 1450 cessione
763 1388 1224 1465 Apostolorum
1273 1403 1427 1448 eum
1471 1385 1860 1463 baptizasse,
1910 1389 1976 1446 et

418 1504 487 1563 in
530 1502 827 1564 absentia
884 1502 1159 1564 aliorum
1216 1501 1681 1565 ministrorum.
1758 1499 1971 1573 Quan-

423 1624 559 1681 tum
589 1618 675 1681 ad
704 1619 1023 1681 Ananiam
1071 1618 1378 1680 habuisse
1422 1619 1780 1696 specialem
1821 1632 1972 1676 con-

422 1733 791 1798 cessionem
861 1734 1141 1809 Christi;
1216 1734 1299 1796 de
1359 1751 1437 1797 eo
1512 1750 1646 1796 non
1719 1733 1976 1794 constat

419 1847 624 1912 fuisse
696 1850 1082 1927 Diaconum,
1130 1849 1309 1927 quod
1381 1862 1631 1926 negare
1714 1846 1975 1910 videtur

423 1963 730 2027 Clemens
761 1968 1089 2028 Romanus
1119 1964 1233 2027 lib.
1266 1966 1327 2029 8.
1362 1964 1677 2026 constitut.
1701 1980 1844 2041 cap.
1868 1962 1971 2024 46.

200 2119 278 2170 20.
502 2084 876 2158 Peccatum,
909 2083 1090 2163 quod
1121 2083 1543 2146 committitur
1582 2082 1650 2143 in
1689 2095 1968 2159 usurpa-

71 2181 370 2309 tggssffiffiffss
426 2202 601 2262 lione
623 2201 791 2280 juris
835 2200 920 2263 ad
970 2201 1400 2278 Baptismum,
1460 2201 1721 2261 seclusa
1778 2200 1972 2278 igno-

118 2306 358 2421 mgffissntf·
421 2321 654 2394 rantia,
701 2324 802 2381 est
847 2320 1149 2389 mortale,
1209 2319 1361 2396 quia
1419 2320 1483 2381 in
1528 2335 1601 2380 re
1646 2317 1829 2396 gravi
1874 2319 1976 2378 est

421 2437 758 2515 usurpatio
805 2436 975 2517 juris
1032 2435 1248 2498 alieni.
1297 2436 1507 2515 Aliqui
1566 2438 1822 2514 negant
1864 2433 1971 2498 lai-

425 2568 575 2614 cum
628 2567 904 2629 peccare
953 2553 1310 2614 mortaliter
1354 2550 1618 2631 quando
1669 2552 1971 2631 privatim

422 2666 678 2731 confert
722 2669 1125 2746 Baptismum
1172 2669 1239 2730 in
1284 2669 1628 2746 praesentia
1680 2646 1970 2742 Diaconi,

423 2783 577 2860 quia
631 2798 762 2846 non
819 2790 1096 2861 usurpat
1133 2783 1247 2863 jus
1295 2785 1605 2857 alienum,
1660 2799 1810 2844 cum
1849 2782 1972 2842 hoc

421 2916 557 2963 non
613 2902 961 2964 conveniat
1024 2903 1336 2964 Diacon0.
1390 2900 1522 2963 Sed
1574 2901 1973 2963 contrarium

109 2970 398 3082 elc'gssffimei
427 3023 525 3077 est
552 3018 796 3092 verine,
831 3022 898 3079 et
935 3017 1329 3095 supponitur
1370 3016 1635 3091 falsum,
1685 3016 1836 3096 quia
1889 3030 1971 3077 ex

96 3098 397 3222 Ριὲζζζῖῗῃῗ
427 3129 614 3196 dictis
655 3136 841 3211 patet
883 3134 947 3196 in
997 3134 1295 3198 absentia
1326 3131 1699 3196 Sacerdotis
1730 3138 1796 3194 et
1821 3131 1973 3210 Epi-

126 3220 354 3269 θωπί·
424 3252 633 3330 scopi,
676 3251 803 3313 hoc
831 3251 946 3330 jus
976 3249 1234 3316 devolvi
1281 3249 1368 3312 ad
1411 3249 1789 3312 diaconum.
1821 3248 1977 3316 Ser-e

427 3365 679 3429 vandus
724 3372 827 3429 est
873 3384 1033 3447 ergo
1084 3366 1272 3440 ord0,
1325 3370 1399 3429 ut
1443 3367 1674 3430 mulier
1709 3367 1775 3428 in
1807 3378 1972 3441 prae-

426 3485 639 3546 sentia
668 3483 785 3547 viri
830 3501 964 3546 non
995 3483 1301 3562 baptizet,
1332 3498 1459 3545 nec
1486 3483 1693 3545 laicus
1720 3483 1787 3543 in
1818 3496 1976 3559 prze-

183 3621 327 3673 Ordo
430 3601 638 3662 sentia
671 3598 924 3675 Clerici,
954 3599 1039 3663 ad
1064 3616 1266 3680 quem
1299 3617 1382 3662 ex
1411 3598 1823 3663 ordinatione
1856 3610 1975 3660 sua

68 3687 410 3821 Ρρζζζῖζζῗξζ
433 3719 645 3798 magis
672 3722 933 3796 spectat
957 3734 1101 3780 rem
1121 3733 1376 3780 sacram
1396 3773 1399 3776 .
1419 3720 1720 3791 tractare,
1750 3729 1974 3793 neque

166 3826 218 3860 ¹⁰
248 3812 344 3861 ¹²⁰⁰
434 3835 715 3914 simplex
747 3833 1034 3898 Clericus
1062 3836 1129 3898 in
1167 3834 1510 3913 praesentia
1553 3830 1975 3906 Subdiaconi,

72 3873 387 3928 ministerio.

430 3963 652 4028 neque
688 3951 1018 4014 Diaconus
1064 3948 1130 4012 in
1182 3951 1523 4028 praesentia
1573 3947 1976 4029 Presbyteri,

422 4072 643 4136 neque
712 4058 1064 4140 Presbyter
1122 4060 1265 4123 sine
1337 4062 1601 4124 licentia
1646 4061 1977 4138 Episcopi,

415 4172 613 4237 modo
647 4174 792 4255 jam
829 4174 1024 4239 dict0.
1088 4176 1296 4253 Quale
1345 4182 1569 4240 autem
1624 4182 1976 4257 peccatum

416 4292 501 4353 sit
552 4291 837 4357 inversio
905 4291 1107 4372 hujus
1168 4292 1440 4370 ordinis,
1504 4309 1634 4372 quo
1688 4293 1979 4358 inferiori

425 4405 627 4470 debet
663 4406 905 4472 cedere
952 4409 1278 4488 superior,
1320 4413 1374 4471 si
1403 4408 1727 4473 referatur
1755 4410 1841 4474 ad
1863 4412 1977 4491 ,ius

418 4505 763 4603 positivum
820 4525 1382 4600 Ecclesiasticum,
1434 4527 1562 4590 tale
1610 4531 1733 4600 est,
1767 4527 1979 4606 qualis

418 4648 517 4705 est
542 4641 919 4722 prohibitio,
980 4647 1048 4706 et
1090 4644 1286 4723 quale
1339 4649 1437 4706 est
1471 4643 1586 4725 jus
1632 4644 1975 4722 praesentis

422 4758 602 4838 quod
627 4760 926 4824 violatur.
959 4761 1024 4824 Si
1052 4759 1374 4825 referatur
1400 4761 1480 4825 ad
1506 4763 1621 4844 jus
1652 4762 1975 4833 divinum,

422 4878 491 4938 et
515 4879 920 4955 praeceptum
962 4876 1341 4957 religionis:
1392 4877 1460 4940 id
1501 4879 1787 4957 primum
1824 4877 1978 4941 'con-

425 4995 556 5053 stat
596 5008 681 5055 ex
729 4991 918 5055 dictis
965 4994 1328 5072 quemlibet
1368 5011 1565 5073 posse
1608 4996 1980 5058 ministrare

430 5109 835 5190 Baptismum
874 5110 944 5172 in
995 5127 1153 5173 casu
1191 5115 1503 5184 extremae
1542 5112 1977 5188 necessitatiS,

87 5229 410 5344 „Sgg’ssfflffl
441 5242 585 5305 quse
622 5227 985 5292 necessitas
1032 5225 1120 5291 ita
1181 5227 1677 5309 interpretanda
1724 5233 1851 5307 est,
1909 5231 1983 5290 ut

76 5371 233 5428 pasus
252 5355 404 5407 debet
435 5356 569 5403 non
623 5343 838 5406 solum
900 5348 1200 5406 sumatur
1251 5345 1613 5423 respective
1667 5343 1752 5407 ad
1799 5359 1977 5419 eum,

75 5423 408 5532 mter-greta-
434 5459 539 5521 cui
569 5457 771 5522 debet
796 5460 1171 5534 ministrari,
1200 5460 1322 5523 sed
1367 5461 1567 5524 etiam
1609 5461 1978 5539 respective

430 5572 515 5635 ad
571 5571 731 5638 alios
780 5583 1157 5655 praesenteS,
1207 5576 1445 5657 quibus
1492 5580 1809 5658 competit
1856 5576 1975 5639 mi·

2087 565 2388 637 nistrare,
2436 583 2559 628 nec
2607 568 2986 648 praeJudicat
3038 567 3400 630 necessitas
3444 566 3638 626 mini-

2085 680 2333 744 strandi
2393 683 2706 761 Baptismi
2765 684 2906 745 aliis
2954 684 3323 762 praeceptis,
3396 682 3636 762 quibus

2086 798 2249 859 ordo
2280 799 2448 861 inter
2475 802 2650 877 ipsas
2685 815 3004 877 personas
3048 800 3376 863 statuitur.

2169 914 2372 976 Primo
2415 914 2482 974 in
2525 914 2601 974 iis
2647 931 2790 993 quae
2818 915 3084 977 suntad
3126 918 3358 988 Deum,
3392 914 3634 993 prima-

2090 1036 2192 1093 tus
2224 1035 2536 1110 competit
2564 1034 2714 1095 viris
2743 1051 2941 1113 supra
2970 1052 3199 1097 sexum
3225 1033 3637 1106 foemineum,

2087 1153 2341 1215 caeteris
2393 1152 2681 1230 paribus.
2730 1159 2796 1214 et
2851 1153 3023 1214 inter
3072 1158 3325 1231 patrem
3378 1157 3445 1214 et
3495 1169 3633 1214 ma·

2087 1278 2277 1346 trem,
2331 1272 2596 1352 quando
2647 1273 2753 1335 alii
2793 1288 2927 1335 non
2967 1272 3231 1348 adsunt,
3266 1276 3523 1352 spectat
3554 1271 3638 1334 ad

2085 1394 2340 1467 patrem
2396 1389 2727 1466 baptizare
2784 1406 2977 1452 suum
3035 1388 3353 1451 infantem
3423 1388 3635 1467 magis

2087 1520 2288 1582 quam
2343 1505 2428 1568 ad
2486 1511 2803 1579 matrerm
2863 1506 2916 1567 si
2972 1510 3195 1567 autem
3254 1503 3443 1567 adest
3513 1504 3635 1567 alia

2087 1637 2369 1699 persona
2401 1622 2598 1683 etiam
2625 1621 2885 1692 mulier,
2908 1622 3015 1684 illa
3049 1622 3250 1683 debet
3278 1623 3636 1699 baptizare,

2085 1739 2138 1800 si
2195 1741 2417 1815 potest
2460 1742 2528 1799 et
2569 1739 2847 1809 noverit,
2914 1738 3065 1816 quia
3124 1737 3187 1800 id
3247 1738 3638 1816 prohibitum

2088 1856 2188 1914 est
2218 1852 2602 1930 parentibus
2641 1851 2864 1915 facere
2894 1854 2960 1914 in
3007 1851 3459 1932 praejudicium
3505 1869 3640 1917 ma-

2091 1967 2395 2040 trimonii,
2438 1968 2615 2046 quod
2658 1983 2792 2031 non
2847 1970 3131 2031 occurrit
3189 1971 3454 2050 quando
3519 1970 3639 2033 soli

2086 2083 2351 2148 adsunt.
2427 2082 2598 2147 lnter
2653 2084 2855 2147 laicos
2912 2092 3132 2148 autem
3191 2091 3260 2149 et
3328 2086 3635 2153 ClericoS.

2085 2200 2388 2263 ordinem
2442 2200 2663 2262 statuit
2705 2198 2886 2274 ord0,
2932 2207 3007 2261 ut
3047 2201 3146 2263 his
3195 2203 3404 2281 magis
3464 2217 3638 2262 com-

2087 2320 2315 2394 petant
2378 2334 2481 2390 ea,
2542 2333 2685 2394 quae
2738 2317 3076 2397 religionis
3136 2323 3291 2379 sunt
3333 2321 3634 2387 tractare,

2085 2433 2150 2493 in
2207 2433 2507 2494 absentia
2579 2434 2879 2503 aliorum,
2946 2438 3012 2495 et
3073 2449 3203 2512 quo
3261 2433 3466 2512 major
3539 2438 3638 2494 est

2087 2547 2249 2610 ordo
2284 2553 2349 2609 et
2377 2546 2649 2626 graduS,
2683 2566 2761 2611 eo
2801 2550 3011 2629 magis
3057 2548 3374 2611 fundatur
3407 2549 3520 2629 jus
3570 2553 3638 2611 et

2089 2663 2405 2727 debitum.
2482 2666 2652 2727 Inter
2720 2666 2883 2727 alios
2938 2650 3312 2743 superiores
3367 2663 3635 2727 ordines

2076 2779 2218 2859 jam
2251 2779 2496 2843 dictum
2542 2787 2642 2842 est
2691 2780 3093 2844 servandum
3143 2796 3289 2843 esse
3331 2780 3634 2843 ordinem

2086 2914 2121 2957 a
2155 2896 2531 2959 canonibus
2562 2897 2915 2975 praefixum,
2950 2898 3062 2977 qui
3107 2915 3188 2960 ex
3227 2897 3433 2977 ipsius
3465 2895 3633 2959 ordi-

2086 3012 2190 3073 nis
2233 3017 2302 3075 et
2343 3012 2592 3092 gradus
2637 3016 2994 3077 eminentia
3041 3012 3394 3075 redundat.

2171 3130 2375 3206 Quale
2404 3137 2624 3194 autem
2651 3130 2735 3192 sit
2763 3129 2885 3194 hoc
2916 3133 3260 3209 peccatum
3286 3130 3313 3189 ἳ
3343 3145 3428 3191 an
3458 3144 3637 3190 mor-

2087 3246 2240 3319 tale,
2302 3263 2386 3308 an
2440 3246 2746 3308 veniale?
2791 3253 3108 3326 quantum
3168 3250 3270 3307 est
3319 3261 3402 3308 ex
3452 3250 3637 3323 parte

2076 3362 2248 3442 juris
2305 3361 2501 3424 divini
2560 3362 2851 3425 dicerem
2908 3361 3266 3441 aliquando
3325 3377 3475 3423 esse
3520 3375 3634 3423 ve·
3722 3387 3728 3393 ·

2088 3479 2287 3553 niale,
2333 3477 2686 3557 aliquando
2735 3480 3028 3554 mortale,
3079 3478 3428 3558 aliquando
3487 3477 3637 3538 nul-

2087 3597 2242 3656 lum.
2306 3595 2369 3656 Si
2423 3612 2505 3657 ex
2562 3599 2946 3674 contemptu
2989 3595 3099 3658 flat
3140 3595 3346 3658 debiti
3391 3593 3644 3657 ordinis

2088 3709 2419 3786 servandi,
2498 3710 2862 3789 iudicarem
2946 3712 3222 3774 mortale
3268 3730 3286 3785 ;
3375 3710 3643 3790 quando

2090 3827 2256 3886 alter
2315 3824 2493 3887 cedit
2536 3826 2672 3906 juri
2728 3842 2874 3897 suo,
2936 3826 3170 3888 nolens
3240 3825 3639 3896 ministrare,

2090 3951 2246 4005 tunc
2283 3945 2538 4005 nullum
2581 3948 2682 4006 est
2723 3948 3096 4022 peccatum,
3147 3943 3270 4006 nisi
3330 3958 3412 4003 ex
3458 3947 3643 4020 parte

2093 4057 2433 4132 cedentis;
2482 4058 2747 4137 quando
2782 4075 2863 4120 ex
2906 4056 3188 4137 quadam
3239 4056 3646 4136 negligentia

2094 4174 2436 4254 contingit,
2470 4172 2637 4235 forte
2669 4178 2846 4237 esset
2878 4174 3155 4245 veniale,
3192 4179 3305 4237 aut
3347 4190 3426 4235 ex
3478 4189 3640 4250 prae·

2091 4291 2492 4369 sumptione,
2555 4290 2735 4368 quod
2786 4292 2955 4352 alter
3010 4289 3222 4353 cedat.
3285 4291 3423 4351 llaec
3466 4288 3639 4350 dicta

2092 4408 2223 4468 sint
2266 4405 2348 4467 de
2393 4404 2806 4468 inferioribus
2852 4406 3191 4485 gradibus,
3246 4405 3397 4483 quia
3439 4404 3642 4467 Cano-

2092 4537 2215 4584 nes
2271 4523 2335 4582 in
2393 4523 2844 4600 superioribus
2901 4520 3200 4584 ordinem
3249 4525 3638 4600 posuerunt.

2094 4641 2261 4715 Dixi,
2297 4638 2562 4718 quando
2610 4641 2756 4718 quis
2806 4638 2981 4702 cedit
3032 4647 3279 4702 tantum
3311 4639 3447 4720 juri
3495 4656 3642 4712 su0,

2095 4761 2161 4817 et
2218 4773 2349 4818 non
2413 4755 2817 4835 intelligatur
2880 4756 3248 4819 succedere
3321 4757 3484 4818 alter
3555 4755 3640 4817 de

2092 4875 2354 4936 licentia
2401 4875 2568 4955 ejuS,
2617 4880 2727 4936 aut
2764 4889 2961 4953 posse
3011 4874 3361 4936 ministrari
3405 4873 3488 4935 de
3523 4889 3669 4935 ea-.

2096 4993 2253 5056 dem
2281 4993 2543 5056 licentia
2572 4993 3089 5065 Sacramentum,
3124 4992 3275 5070 quia
3305 4990 3643 5053 licentiam

2095 5110 2253 5172 dare
2289 5112 2600 5188 competit
2641 5109 2978 5189 Episcopis
3037 5114 3103 5171 et
3149 5107 3638 5181 SacerdotibuS,

2094 5244 2228 5290 non
2259 5227 2399 5290 aliis
2433 5246 2449 5301 ;
2480 5227 2590 5306 qui
2625 5233 2840 5289 tamen
2869 5227 3011 5288 sine
3043 5228 3285 5289 motivo
3318 5241 3638 5306 congru0‚

2092 5343 2160 5404 in
2218 5343 2489 5404 articulo
2581 5342 2995 5404 necessitatis
3052 5359 3186 5405 non
3245 5343 3638 5413 ministrant,

2094 5466 2377 5540 peccant
2429 5460 2737 5540 graviter,
2798 5462 2949 5538 quia
2998 5469 3397 5538 praeceptum
3439 5459 3506 5521 in
3562 5475 3640 5520 eo

2094 5595 2250 5642 casu
2299 5582 2477 5658 ipsos
2526 5579 2701 5640 solos
2745 5578 3017 5657 obligat,
3069 5578 3307 5657 quibus
3341 5575 3666 5639 cedenti·-

3791 3145 3905 3197 21.-.
