<?xml version="1.0" encoding="UTF-8"?>
<!DOCTYPE html PUBLIC "-//W3C//DTD XHTML 1.0 Transitional//EN"
    "http://www.w3.org/TR/xhtml1/DTD/xhtml1-transitional.dtd">
<html xmlns="http://www.w3.org/1999/xhtml" xml:lang="en" lang="en">
 <head>
  <title>
</title>
<meta http-equiv="Content-Type" content="text/html;charset=utf-8" />
  <meta name='ocr-system' content='tesseract 3.04.00' />
  <meta name='ocr-capabilities' content='ocr_page ocr_carea ocr_par ocr_line ocrx_word'/>
</head>
<body>
  <div class='ocr_page' id='page_1' title='image "./joannisdunsscot01waddgoog_0244.png"; bbox 0 0 4287 6313; ppageno 0'>
   <div class='ocr_carea' id='block_1_1' title="bbox 362 3985 443 4035">
    <p class='ocr_par' dir='ltr' id='par_1_1' title="bbox 362 3985 443 4035">
     <span class='ocr_line' id='line_1_1' title="bbox 362 3985 443 4035; baseline -0.025 0"><span class='ocrx_word' id='word_1_1' title='bbox 362 3985 443 4035; x_wconf 81' lang='lat'>13.</span> 
     </span>
    </p>
   </div>
   <div class='ocr_carea' id='block_1_2' title="bbox 244 4052 474 4162">
    <p class='ocr_par' dir='ltr' id='par_1_2' title="bbox 244 4052 474 4162">
     <span class='ocr_line' id='line_1_2' title="bbox 244 4052 468 4102; baseline -0.036 0"><span class='ocrx_word' id='word_1_2' title='bbox 244 4052 328 4102; x_wconf 83' lang='lat' dir='ltr'>Ad</span> <span class='ocrx_word' id='word_1_3' title='bbox 355 4062 415 4098; x_wconf 84' lang='lat' dir='ltr'>ar</span> <span class='ocrx_word' id='word_1_4' title='bbox 454 4082 468 4095; x_wconf 91' lang='lat'>.</span> 
     </span>
     <span class='ocr_line' id='line_1_3' title="bbox 335 4116 474 4162; baseline 0.007 -1"><span class='ocrx_word' id='word_1_5' title='bbox 335 4116 387 4161; x_wconf 81' lang='lat' dir='ltr'>et</span> <span class='ocrx_word' id='word_1_6' title='bbox 461 4147 474 4162; x_wconf 90' lang='lat'>.</span> 
     </span>
    </p>
   </div>
   <div class='ocr_carea' id='block_1_3' title="bbox 337 5007 499 5059">
    <p class='ocr_par' dir='ltr' id='par_1_3' title="bbox 337 5007 499 5059">
     <span class='ocr_line' id='line_1_4' title="bbox 337 5007 499 5059; baseline -0.019 0"><span class='ocrx_word' id='word_1_7' title='bbox 337 5009 421 5059; x_wconf 88' lang='lat' dir='ltr'>Ad</span> <span class='ocrx_word' id='word_1_8' title='bbox 453 5007 499 5058; x_wconf 93' lang='lat'>1.</span> 
     </span>
    </p>
   </div>
   <div class='ocr_carea' id='block_1_4' title="bbox 252 5070 573 5134">
    <p class='ocr_par' dir='ltr' id='par_1_4' title="bbox 252 5070 573 5134">
     <span class='ocr_line' id='line_1_5' title="bbox 252 5070 573 5134; baseline -0.016 -11"><span class='ocrx_word' id='word_1_9' title='bbox 252 5074 418 5134; x_wconf 84' lang='lat' dir='ltr'>Quare</span> <span class='ocrx_word' id='word_1_10' title='bbox 467 5070 573 5122; x_wconf 87' lang='lat' dir='ltr'>Cir-</span> 
     </span>
    </p>
   </div>
   <div class='ocr_carea' id='block_1_5' title="bbox 282 5132 549 5450">
    <p class='ocr_par' dir='ltr' id='par_1_5' title="bbox 282 5132 549 5450">
     <span class='ocr_line' id='line_1_6' title="bbox 297 5132 549 5184; baseline -0.008 0"><span class='ocrx_word' id='word_1_11' title='bbox 297 5132 507 5184; x_wconf 83' lang='lat' dir='ltr'>cumcisi</span> <span class='ocrx_word' id='word_1_12' title='bbox 518 5148 549 5182; x_wconf 92' lang='lat' dir='ltr'>o</span> 
     </span>
     <span class='ocr_line' id='line_1_7' title="bbox 361 5209 461 5244; baseline 0 0"><span class='ocrx_word' id='word_1_13' title='bbox 361 5209 461 5244; x_wconf 83' lang='lat' dir='ltr'>non</span> 
     </span>
     <span class='ocr_line' id='line_1_8' title="bbox 282 5259 540 5323; baseline -0.008 -14"><span class='ocrx_word' id='word_1_14' title='bbox 282 5259 540 5323; x_wconf 78' lang='lat' dir='ltr'>aperiebat</span> 
     </span>
     <span class='ocr_line' id='line_1_9' title="bbox 315 5337 524 5386; baseline 0 -14"><span class='ocrx_word' id='word_1_15' title='bbox 315 5337 524 5386; x_wconf 76' lang='lat' dir='ltr'>januam</span> 
     </span>
     <span class='ocr_line' id='line_1_10' title="bbox 322 5385 513 5450; baseline 0.026 -15"><span class='ocrx_word' id='word_1_16' title='bbox 322 5385 471 5450; x_wconf 74' lang='lat' dir='ltr'>regni</span> <span class='ocrx_word' id='word_1_17' title='bbox 494 5390 513 5440; x_wconf 71' lang='grc'><strong>1</strong></span> 
     </span>
    </p>
   </div>
   <div class='ocr_carea' id='block_1_6' title="bbox 501 4045 553 4098">
    <p class='ocr_par' dir='ltr' id='par_1_6' title="bbox 501 4045 553 4098">
     <span class='ocr_line' id='line_1_11' title="bbox 501 4045 553 4098; baseline 0.038 -2"><span class='ocrx_word' id='word_1_18' title='bbox 501 4045 553 4098; x_wconf 81' lang='lat'>1.</span> 
     </span>
    </p>
   </div>
   <div class='ocr_carea' id='block_1_7' title="bbox 533 432 653 532">
    <p class='ocr_par' dir='ltr' id='par_1_7' title="bbox 533 432 653 532">
     <span class='ocr_line' id='line_1_12' title="bbox 533 432 653 532; baseline -0.008 -34"><span class='ocrx_word' id='word_1_19' title='bbox 533 432 653 532; x_wconf 74' lang='lat'>228</span> 
     </span>
    </p>
   </div>
   <div class='ocr_carea' id='block_1_8' title="bbox 543 594 2107 1621">
    <p class='ocr_par' dir='ltr' id='par_1_8' title="bbox 543 594 2107 1621">
     <span class='ocr_line' id='line_1_13' title="bbox 544 594 2093 683; baseline -0.01 -13"><span class='ocrx_word' id='word_1_20' title='bbox 544 623 686 670; x_wconf 90' lang='lat' dir='ltr'>eam</span> <span class='ocrx_word' id='word_1_21' title='bbox 720 599 881 668; x_wconf 85' lang='lat' dir='ltr'>fides</span> <span class='ocrx_word' id='word_1_22' title='bbox 912 595 1241 678; x_wconf 75' lang='lat' dir='ltr'>Ecclesiae,</span> <span class='ocrx_word' id='word_1_23' title='bbox 1282 615 1430 683; x_wconf 61' lang='lat' dir='ltr'>qufe</span> <span class='ocrx_word' id='word_1_24' title='bbox 1463 604 1601 660; x_wconf 89' lang='lat' dir='ltr'>tum</span> <span class='ocrx_word' id='word_1_25' title='bbox 1631 603 1768 659; x_wconf 88' lang='lat' dir='ltr'>erat</span> <span class='ocrx_word' id='word_1_26' title='bbox 1800 594 2093 678; x_wconf 86' lang='lat' dir='ltr'>Synago-</span> 
     </span>
     <span class='ocr_line' id='line_1_14' title="bbox 543 710 2091 807; baseline -0.01 -21"><span class='ocrx_word' id='word_1_27' title='bbox 543 740 649 807; x_wconf 83' lang='lat' dir='ltr'>ga,</span> <span class='ocrx_word' id='word_1_28' title='bbox 679 718 1041 805; x_wconf 84' lang='lat' dir='ltr'>applicatur</span> <span class='ocrx_word' id='word_1_29' title='bbox 1074 725 1245 782; x_wconf 90' lang='lat' dir='ltr'>recte</span> <span class='ocrx_word' id='word_1_30' title='bbox 1278 711 1602 779; x_wconf 81' lang='lat' dir='ltr'>mediante</span> <span class='ocrx_word' id='word_1_31' title='bbox 1636 710 2091 784; x_wconf 78' lang='lat' dir='ltr'>Sacrament03</span> 
     </span>
     <span class='ocr_line' id='line_1_15' title="bbox 549 823 2102 923; baseline -0.009 -20"><span class='ocrx_word' id='word_1_32' title='bbox 549 850 614 904; x_wconf 86' lang='lat' dir='ltr'>et</span> <span class='ocrx_word' id='word_1_33' title='bbox 656 848 727 904; x_wconf 92' lang='lat' dir='ltr'>ut</span> <span class='ocrx_word' id='word_1_34' title='bbox 773 857 973 923; x_wconf 88' lang='lat' dir='ltr'>supra</span> <span class='ocrx_word' id='word_1_35' title='bbox 1013 832 1447 909; x_wconf 79' lang='lat' dir='ltr'>ostendimu8‚</span> <span class='ocrx_word' id='word_1_36' title='bbox 1486 829 1592 897; x_wconf 86' lang='lat' dir='ltr'>illa</span> <span class='ocrx_word' id='word_1_37' title='bbox 1627 839 1729 895; x_wconf 85' lang='lat' dir='ltr'>est</span> <span class='ocrx_word' id='word_1_38' title='bbox 1777 847 1925 914; x_wconf 80' lang='lat' dir='ltr'>quae</span> <span class='ocrx_word' id='word_1_39' title='bbox 1965 823 2102 892; x_wconf 84' lang='lat' dir='ltr'>exi-</span> 
     </span>
     <span class='ocr_line' id='line_1_16' title="bbox 545 942 2094 1040; baseline -0.009 -20"><span class='ocrx_word' id='word_1_40' title='bbox 545 954 722 1040; x_wconf 84' lang='lat' dir='ltr'>gitur</span> <span class='ocrx_word' id='word_1_41' title='bbox 787 966 849 1019; x_wconf 88' lang='lat' dir='ltr'>et</span> <span class='ocrx_word' id='word_1_42' title='bbox 923 949 1376 1017; x_wconf 84' lang='lat' dir='ltr'>includebatur·</span> <span class='ocrx_word' id='word_1_43' title='bbox 1436 946 1501 1013; x_wconf 93' lang='lat' dir='ltr'>in</span> <span class='ocrx_word' id='word_1_44' title='bbox 1559 942 2094 1021; x_wconf 85' lang='lat' dir='ltr'>Circumcisione‚</span> 
     </span>
     <span class='ocr_line' id='line_1_17' title="bbox 550 1055 2100 1151; baseline -0.01 -15"><span class='ocrx_word' id='word_1_45' title='bbox 550 1088 680 1136; x_wconf 92' lang='lat' dir='ltr'>non</span> <span class='ocrx_word' id='word_1_46' title='bbox 710 1088 861 1135; x_wconf 84' lang='lat' dir='ltr'>vero</span> <span class='ocrx_word' id='word_1_47' title='bbox 914 1065 1075 1132; x_wconf 70' lang='lat' dir='ltr'>sities</span> <span class='ocrx_word' id='word_1_48' title='bbox 1126 1074 1493 1151; x_wconf 89' lang='lat' dir='ltr'>parentum,</span> <span class='ocrx_word' id='word_1_49' title='bbox 1532 1059 1658 1126; x_wconf 83' lang='lat' dir='ltr'>nisi</span> <span class='ocrx_word' id='word_1_50' title='bbox 1712 1059 1817 1124; x_wconf 88' lang='lat' dir='ltr'>illa</span> <span class='ocrx_word' id='word_1_51' title='bbox 1858 1055 2100 1123; x_wconf 87' lang='lat' dir='ltr'>intelli-</span> 
     </span>
     <span class='ocr_line' id='line_1_18' title="bbox 552 1175 2099 1272; baseline -0.01 -21"><span class='ocrx_word' id='word_1_52' title='bbox 552 1197 745 1272; x_wconf 84' lang='lat' dir='ltr'>gatur</span> <span class='ocrx_word' id='word_1_53' title='bbox 811 1180 1203 1248; x_wconf 79' lang='lat' dir='ltr'>universalis</span> <span class='ocrx_word' id='word_1_54' title='bbox 1258 1179 1393 1264; x_wconf 88' lang='lat' dir='ltr'>jam</span> <span class='ocrx_word' id='word_1_55' title='bbox 1465 1175 1657 1253; x_wconf 88' lang='lat' dir='ltr'>dicta,</span> <span class='ocrx_word' id='word_1_56' title='bbox 1714 1195 1842 1239; x_wconf 90' lang='lat' dir='ltr'>non</span> <span class='ocrx_word' id='word_1_57' title='bbox 1881 1182 2099 1238; x_wconf 88' lang='lat' dir='ltr'>autem</span> 
     </span>
     <span class='ocr_line' id='line_1_19' title="bbox 556 1292 2103 1387; baseline -0.01 -20"><span class='ocrx_word' id='word_1_58' title='bbox 556 1297 964 1387; x_wconf 84' lang='lat' dir='ltr'>particularis</span> <span class='ocrx_word' id='word_1_59' title='bbox 1012 1307 1076 1361; x_wconf 88' lang='lat' dir='ltr'>et</span> <span class='ocrx_word' id='word_1_60' title='bbox 1143 1293 1504 1381; x_wconf 87' lang='lat' dir='ltr'>personalis</span> <span class='ocrx_word' id='word_1_61' title='bbox 1573 1292 1891 1376; x_wconf 89' lang='lat' dir='ltr'>ipsorum,</span> <span class='ocrx_word' id='word_1_62' title='bbox 1954 1306 2103 1373; x_wconf 81' lang='lat' dir='ltr'>quae</span> 
     </span>
     <span class='ocr_line' id='line_1_20' title="bbox 552 1403 2107 1503; baseline -0.008 -22"><span class='ocrx_word' id='word_1_63' title='bbox 552 1413 960 1503; x_wconf 84' lang='lat' dir='ltr'>particularis</span> <span class='ocrx_word' id='word_1_64' title='bbox 1073 1431 1200 1478; x_wconf 90' lang='lat' dir='ltr'>non</span> <span class='ocrx_word' id='word_1_65' title='bbox 1296 1406 1719 1485; x_wconf 82' lang='lat' dir='ltr'>conducebat,</span> <span class='ocrx_word' id='word_1_66' title='bbox 1819 1403 2107 1470; x_wconf 81' lang='lat' dir='ltr'>maxime</span> 
     </span>
     <span class='ocr_line' id='line_1_21' title="bbox 555 1520 1865 1621; baseline -0.013 -21"><span class='ocrx_word' id='word_1_67' title='bbox 555 1531 814 1621; x_wconf 87' lang='lat' dir='ltr'>quando</span> <span class='ocrx_word' id='word_1_68' title='bbox 855 1527 1279 1595; x_wconf 89' lang='lat' dir='ltr'>Circumcisio</span> <span class='ocrx_word' id='word_1_69' title='bbox 1313 1545 1426 1611; x_wconf 85' lang='lat' dir='ltr'>per</span> <span class='ocrx_word' id='word_1_70' title='bbox 1456 1522 1617 1589; x_wconf 88' lang='lat' dir='ltr'>alios</span> <span class='ocrx_word' id='word_1_71' title='bbox 1651 1520 1865 1586; x_wconf 85' lang='lat' dir='ltr'>fiebat.</span> 
     </span>
    </p>
   </div>
   <div class='ocr_carea' id='block_1_9' title="bbox 1130 1773 1537 1831">
    <p class='ocr_par' dir='ltr' id='par_1_9' title="bbox 1130 1773 1537 1831">
     <span class='ocr_line' id='line_1_22' title="bbox 1130 1773 1537 1831; baseline -0.01 0"><span class='ocrx_word' id='word_1_72' title='bbox 1130 1774 1447 1831; x_wconf 90' lang='lat' dir='ltr'>SCHOLIU</span> <span class='ocrx_word' id='word_1_73' title='bbox 1459 1773 1537 1827; x_wconf 85' lang='lat' dir='ltr'>M.</span> 
     </span>
    </p>
   </div>
   <div class='ocr_carea' id='block_1_10' title="bbox 560 1982 2125 2489">
    <p class='ocr_par' dir='ltr' id='par_1_10' title="bbox 560 1982 2125 2489">
     <span class='ocr_line' id='line_1_23' title="bbox 632 1982 2115 2097; baseline -0.014 -19"><span class='ocrx_word' id='word_1_74' title='bbox 632 2017 1025 2097; x_wconf 81' lang='lat' dir='ltr'>Recapitulat</span> <span class='ocrx_word' id='word_1_75' title='bbox 1065 2014 1400 2071; x_wconf 83' lang='lat' dir='ltr'>solutiones</span> <span class='ocrx_word' id='word_1_76' title='bbox 1431 1982 1623 2074; x_wconf 77' lang='lat' dir='ltr'>datas,</span> <span class='ocrx_word' id='word_1_77' title='bbox 1659 2020 1799 2078; x_wconf 78' lang='lat' dir='ltr'>quae</span> <span class='ocrx_word' id='word_1_78' title='bbox 1830 2006 2115 2074; x_wconf 84' lang='lat' dir='ltr'>assigna-</span> 
     </span>
     <span class='ocr_line' id='line_1_24' title="bbox 560 2101 2110 2194; baseline -0.014 -15"><span class='ocrx_word' id='word_1_79' title='bbox 560 2124 617 2179; x_wconf 88' lang='lat' dir='ltr'>ri</span> <span class='ocrx_word' id='word_1_80' title='bbox 652 2122 910 2194; x_wconf 79' lang='lat' dir='ltr'><strong>possunt</strong></span> <span class='ocrx_word' id='word_1_81' title='bbox 941 2116 1161 2172; x_wconf 88' lang='lat' dir='ltr'>multis</span> <span class='ocrx_word' id='word_1_82' title='bbox 1209 2107 1704 2174; x_wconf 87' lang='lat' dir='ltr'>auctoritatibus,</span> <span class='ocrx_word' id='word_1_83' title='bbox 1744 2120 1883 2176; x_wconf 85' lang='lat' dir='ltr'>quae</span> <span class='ocrx_word' id='word_1_84' title='bbox 1922 2101 2110 2174; x_wconf 85' lang='lat' dir='ltr'>objici</span> 
     </span>
     <span class='ocr_line' id='line_1_25' title="bbox 563 2203 2125 2295; baseline -0.015 -16"><span class='ocrx_word' id='word_1_85' title='bbox 563 2223 820 2295; x_wconf 65' lang='lat' dir='ltr'>po&lt;sunt</span> <span class='ocrx_word' id='word_1_86' title='bbox 853 2235 868 2288; x_wconf 89' lang='grc'><strong>;</strong></span> <span class='ocrx_word' id='word_1_87' title='bbox 904 2221 968 2274; x_wconf 89' lang='lat' dir='ltr'>et</span> <span class='ocrx_word' id='word_1_88' title='bbox 1016 2214 1353 2270; x_wconf 85' lang='lat' dir='ltr'>auctoritas</span> <span class='ocrx_word' id='word_1_89' title='bbox 1399 2211 1525 2265; x_wconf 89' lang='grc' dir='ltr'>ΡΡ.</span> <span class='ocrx_word' id='word_1_90' title='bbox 1579 2205 1842 2262; x_wconf 86' lang='lat' dir='ltr'>adducta</span> <span class='ocrx_word' id='word_1_91' title='bbox 1875 2218 1937 2259; x_wconf 91' lang='lat' dir='ltr'>n.</span> <span class='ocrx_word' id='word_1_92' title='bbox 1972 2203 2023 2257; x_wconf 89' lang='lat'>1.</span> <span class='ocrx_word' id='word_1_93' title='bbox 2062 2205 2125 2257; x_wconf 88' lang='lat' dir='ltr'>et</span> 
     </span>
     <span class='ocr_line' id='line_1_26' title="bbox 568 2303 2120 2387; baseline -0.015 -8"><span class='ocrx_word' id='word_1_94' title='bbox 568 2328 639 2379; x_wconf 92' lang='lat' dir='ltr'>D.</span> <span class='ocrx_word' id='word_1_95' title='bbox 677 2322 839 2387; x_wconf 69' lang='lat' dir='ltr'>Grey</span> <span class='ocrx_word' id='word_1_96' title='bbox 868 2319 921 2373; x_wconf 87' lang='lat'>4.</span> <span class='ocrx_word' id='word_1_97' title='bbox 972 2319 1120 2372; x_wconf 89' lang='lat' dir='ltr'>Mor.</span> <span class='ocrx_word' id='word_1_98' title='bbox 1157 2327 1291 2383; x_wconf 88' lang='lat' dir='ltr'>cap.</span> <span class='ocrx_word' id='word_1_99' title='bbox 1324 2314 1380 2366; x_wconf 85' lang='lat'>2.</span> <span class='ocrx_word' id='word_1_100' title='bbox 1413 2313 1474 2365; x_wconf 90' lang='lat' dir='ltr'>et</span> <span class='ocrx_word' id='word_1_101' title='bbox 1504 2305 1769 2363; x_wconf 82' lang='lat' dir='ltr'>habetur</span> <span class='ocrx_word' id='word_1_102' title='bbox 1799 2317 1935 2373; x_wconf 87' lang='lat' dir='ltr'>cap.</span> <span class='ocrx_word' id='word_1_103' title='bbox 1958 2303 2120 2374; x_wconf 80' lang='lat' dir='ltr'>quod</span> 
     </span>
     <span class='ocr_line' id='line_1_27' title="bbox 565 2410 2115 2489; baseline -0.012 -8"><span class='ocrx_word' id='word_1_104' title='bbox 565 2430 799 2489; x_wconf 76' lang='lat' dir='ltr'>aulem,</span> <span class='ocrx_word' id='word_1_105' title='bbox 843 2421 918 2477; x_wconf 90' lang='lat' dir='ltr'>de</span> <span class='ocrx_word' id='word_1_106' title='bbox 962 2422 1214 2476; x_wconf 83' lang='lat' dir='ltr'>Consec.</span> <span class='ocrx_word' id='word_1_107' title='bbox 1248 2414 1305 2472; x_wconf 93' lang='lat' dir='ltr'>d.</span> <span class='ocrx_word' id='word_1_108' title='bbox 1348 2415 1404 2469; x_wconf 78' lang='lat'>4.</span> <span class='ocrx_word' id='word_1_109' title='bbox 1444 2418 1506 2470; x_wconf 91' lang='lat' dir='ltr'>et</span> <span class='ocrx_word' id='word_1_110' title='bbox 1536 2415 1605 2467; x_wconf 91' lang='lat' dir='ltr'>D.</span> <span class='ocrx_word' id='word_1_111' title='bbox 1654 2410 1964 2465; x_wconf 79' lang='lat' dir='ltr'>Bernard.</span> <span class='ocrx_word' id='word_1_112' title='bbox 2018 2422 2115 2478; x_wconf 89' lang='lat' dir='ltr'>ep.</span> 
     </span>
    </p>
   </div>
   <div class='ocr_carea' id='block_1_11' title="bbox 564 2513 2119 2593">
    <p class='ocr_par' dir='ltr' id='par_1_11' title="bbox 564 2513 2119 2593">
     <span class='ocr_line' id='line_1_28' title="bbox 564 2513 2119 2593; baseline -0.011 -6"><span class='ocrx_word' id='word_1_113' title='bbox 564 2534 657 2587; x_wconf 84' lang='lat'>77.</span> <span class='ocrx_word' id='word_1_114' title='bbox 690 2544 832 2586; x_wconf 91' lang='lat' dir='ltr'>cum</span> <span class='ocrx_word' id='word_1_115' title='bbox 865 2528 924 2584; x_wconf 88' lang='lat' dir='ltr'>d.</span> <span class='ocrx_word' id='word_1_116' title='bbox 957 2543 1010 2583; x_wconf 93' lang='lat' dir='ltr'>c.</span> <span class='ocrx_word' id='word_1_117' title='bbox 1044 2528 1335 2593; x_wconf 58' lang='lat' dir='ltr'>Major-es,</span> <span class='ocrx_word' id='word_1_118' title='bbox 1369 2538 1439 2578; x_wconf 89' lang='lat' dir='ltr'>ac</span> <span class='ocrx_word' id='word_1_119' title='bbox 1470 2519 1711 2577; x_wconf 87' lang='lat' dir='ltr'>ratione</span> <span class='ocrx_word' id='word_1_120' title='bbox 1749 2513 2119 2583; x_wconf 82' lang='lat' dir='ltr'>Theologica</span> 
     </span>
    </p>
   </div>
   <div class='ocr_carea' id='block_1_12' title="bbox 572 2621 2124 2809">
    <p class='ocr_par' dir='ltr' id='par_1_12' title="bbox 572 2621 2124 2809">
     <span class='ocr_line' id='line_1_29' title="bbox 573 2621 2118 2693; baseline -0.012 0"><span class='ocrx_word' id='word_1_121' title='bbox 573 2637 760 2693; x_wconf 88' lang='lat' dir='ltr'>allata</span> <span class='ocrx_word' id='word_1_122' title='bbox 814 2649 876 2691; x_wconf 90' lang='lat' dir='ltr'>n.</span> <span class='ocrx_word' id='word_1_123' title='bbox 907 2636 962 2689; x_wconf 84' lang='lat'>2.</span> <span class='ocrx_word' id='word_1_124' title='bbox 1024 2630 1292 2687; x_wconf 84' lang='lat' dir='ltr'>fundant</span> <span class='ocrx_word' id='word_1_125' title='bbox 1357 2626 1512 2683; x_wconf 89' lang='lat' dir='ltr'>bene</span> <span class='ocrx_word' id='word_1_126' title='bbox 1571 2625 1682 2681; x_wconf 88' lang='lat' dir='ltr'>has</span> <span class='ocrx_word' id='word_1_127' title='bbox 1758 2621 2118 2687; x_wconf 88' lang='lat' dir='ltr'>solutiones,</span> 
     </span>
     <span class='ocr_line' id='line_1_30' title="bbox 572 2719 2124 2809; baseline -0.012 -17"><span class='ocrx_word' id='word_1_128' title='bbox 572 2737 720 2809; x_wconf 89' lang='lat' dir='ltr'>quia</span> <span class='ocrx_word' id='word_1_129' title='bbox 789 2735 1000 2790; x_wconf 86' lang='lat' dir='ltr'>Patres</span> <span class='ocrx_word' id='word_1_130' title='bbox 1069 2728 1377 2793; x_wconf 87' lang='lat' dir='ltr'>Patribus,</span> <span class='ocrx_word' id='word_1_131' title='bbox 1443 2727 1604 2781; x_wconf 89' lang='lat' dir='ltr'>sicut</span> <span class='ocrx_word' id='word_1_132' title='bbox 1650 2724 1799 2793; x_wconf 81' lang='lat' dir='ltr'>jura</span> <span class='ocrx_word' id='word_1_133' title='bbox 1845 2719 2124 2791; x_wconf 79' lang='lat' dir='ltr'>juribuS‚</span> 
     </span>
    </p>
   </div>
   <div class='ocr_carea' id='block_1_13' title="bbox 569 2825 2129 3593">
    <p class='ocr_par' dir='ltr' id='par_1_13' title="bbox 569 2825 2129 3593">
     <span class='ocr_line' id='line_1_31' title="bbox 569 2825 2123 2902; baseline -0.011 -3"><span class='ocrx_word' id='word_1_134' title='bbox 569 2838 981 2898; x_wconf 88' lang='lat' dir='ltr'>concordandi</span> <span class='ocrx_word' id='word_1_135' title='bbox 1013 2841 1176 2893; x_wconf 87' lang='lat' dir='ltr'>sunt.</span> <span class='ocrx_word' id='word_1_136' title='bbox 1216 2835 1338 2890; x_wconf 80' lang='lat' dir='ltr'>Alii</span> <span class='ocrx_word' id='word_1_137' title='bbox 1374 2828 1977 2902; x_wconf 86' lang='lat' dir='ltr'>respondentomnia</span> <span class='ocrx_word' id='word_1_138' title='bbox 2010 2825 2123 2882; x_wconf 83' lang='lat' dir='ltr'>illa</span> 
     </span>
     <span class='ocr_line' id='line_1_32' title="bbox 570 2924 2120 3007; baseline -0.012 -11"><span class='ocrx_word' id='word_1_139' title='bbox 570 2939 703 2995; x_wconf 88' lang='lat' dir='ltr'>loca</span> <span class='ocrx_word' id='word_1_140' title='bbox 762 2950 951 3007; x_wconf 85' lang='lat' dir='ltr'>agere</span> <span class='ocrx_word' id='word_1_141' title='bbox 1001 2932 1076 2990; x_wconf 93' lang='lat' dir='ltr'>de</span> <span class='ocrx_word' id='word_1_142' title='bbox 1135 2929 1545 2988; x_wconf 80' lang='lat' dir='ltr'>sacramentis</span> <span class='ocrx_word' id='word_1_143' title='bbox 1605 2927 1766 2997; x_wconf 84' lang='lat' dir='ltr'>legis</span> <span class='ocrx_word' id='word_1_144' title='bbox 1814 2924 2120 2989; x_wconf 81' lang='lat' dir='ltr'>Mosaicae,</span> 
     </span>
     <span class='ocr_line' id='line_1_33' title="bbox 571 3018 2124 3094; baseline -0.012 -2"><span class='ocrx_word' id='word_1_145' title='bbox 571 3033 1122 3093; x_wconf 78' lang='lat' dir='ltr'>circumcisionem</span> <span class='ocrx_word' id='word_1_146' title='bbox 1153 3043 1306 3085; x_wconf 85' lang='lat' dir='ltr'>vero</span> <span class='ocrx_word' id='word_1_147' title='bbox 1354 3042 1485 3082; x_wconf 85' lang='lat' dir='ltr'>esse</span> <span class='ocrx_word' id='word_1_148' title='bbox 1516 3026 1675 3094; x_wconf 84' lang='lat' dir='ltr'>legis</span> <span class='ocrx_word' id='word_1_149' title='bbox 1706 3026 1984 3091; x_wconf 81' lang='lat' dir='ltr'>naturae3</span> <span class='ocrx_word' id='word_1_150' title='bbox 2022 3018 2124 3075; x_wconf 86' lang='lat' dir='ltr'>vel</span> 
     </span>
     <span class='ocr_line' id='line_1_34' title="bbox 570 3116 2122 3190; baseline -0.012 0"><span class='ocrx_word' id='word_1_151' title='bbox 570 3131 709 3190; x_wconf 91' lang='lat' dir='ltr'>ideo</span> <span class='ocrx_word' id='word_1_152' title='bbox 768 3129 988 3187; x_wconf 88' lang='lat' dir='ltr'>dicunt</span> <span class='ocrx_word' id='word_1_153' title='bbox 1059 3125 1613 3184; x_wconf 80' lang='lat' dir='ltr'>circumcisionem</span> <span class='ocrx_word' id='word_1_154' title='bbox 1682 3135 1802 3177; x_wconf 92' lang='lat' dir='ltr'>non</span> <span class='ocrx_word' id='word_1_155' title='bbox 1878 3116 2122 3174; x_wconf 78' lang='lat' dir='ltr'>dedisse</span> 
     </span>
     <span class='ocr_line' id='line_1_35' title="bbox 570 3212 2123 3299; baseline -0.012 -11"><span class='ocrx_word' id='word_1_156' title='bbox 570 3232 858 3299; x_wconf 81' lang='lat' dir='ltr'>gratiam,</span> <span class='ocrx_word' id='word_1_157' title='bbox 906 3229 1055 3298; x_wconf 84' lang='lat' dir='ltr'>quia</span> <span class='ocrx_word' id='word_1_158' title='bbox 1124 3224 1201 3281; x_wconf 86' lang='lat' dir='ltr'>de</span> <span class='ocrx_word' id='word_1_159' title='bbox 1252 3238 1364 3294; x_wconf 90' lang='lat' dir='ltr'>per</span> <span class='ocrx_word' id='word_1_160' title='bbox 1416 3236 1482 3276; x_wconf 90' lang='lat' dir='ltr'>se</span> <span class='ocrx_word' id='word_1_161' title='bbox 1532 3221 1814 3276; x_wconf 87' lang='lat' dir='ltr'>instituta</span> <span class='ocrx_word' id='word_1_162' title='bbox 1865 3217 1989 3272; x_wconf 79' lang='lat' dir='ltr'>fuit</span> <span class='ocrx_word' id='word_1_163' title='bbox 2046 3212 2123 3270; x_wconf 87' lang='lat' dir='ltr'>ad</span> 
     </span>
     <span class='ocr_line' id='line_1_36' title="bbox 570 3316 2125 3399; baseline -0.012 -14"><span class='ocrx_word' id='word_1_164' title='bbox 570 3327 948 3399; x_wconf 84' lang='lat' dir='ltr'>signandum</span> <span class='ocrx_word' id='word_1_165' title='bbox 979 3323 1323 3396; x_wconf 87' lang='lat' dir='ltr'>populum;</span> <span class='ocrx_word' id='word_1_166' title='bbox 1375 3319 1651 3376; x_wconf 86' lang='lat' dir='ltr'>causatio</span> <span class='ocrx_word' id='word_1_167' title='bbox 1701 3317 1924 3387; x_wconf 79' lang='lat' dir='ltr'>gratiae</span> <span class='ocrx_word' id='word_1_168' title='bbox 1985 3316 2125 3369; x_wconf 88' lang='lat' dir='ltr'>ante</span> 
     </span>
     <span class='ocr_line' id='line_1_37' title="bbox 572 3414 2128 3493; baseline -0.01 -11"><span class='ocrx_word' id='word_1_169' title='bbox 572 3441 710 3482; x_wconf 86' lang='lat' dir='ltr'>eam</span> <span class='ocrx_word' id='word_1_170' title='bbox 767 3428 919 3489; x_wconf 89' lang='lat' dir='ltr'>erat,</span> <span class='ocrx_word' id='word_1_171' title='bbox 975 3437 1088 3493; x_wconf 91' lang='lat' dir='ltr'>per</span> <span class='ocrx_word' id='word_1_172' title='bbox 1143 3417 1494 3477; x_wconf 89' lang='lat' dir='ltr'>remedium</span> <span class='ocrx_word' id='word_1_173' title='bbox 1548 3414 1708 3485; x_wconf 87' lang='lat' dir='ltr'>legis</span> <span class='ocrx_word' id='word_1_174' title='bbox 1759 3417 2019 3482; x_wconf 84' lang='lat' dir='ltr'>naturae,</span> <span class='ocrx_word' id='word_1_175' title='bbox 2068 3414 2128 3467; x_wconf 89' lang='lat' dir='ltr'>et</span> 
     </span>
     <span class='ocr_line' id='line_1_38' title="bbox 574 3508 2129 3593; baseline -0.01 -15"><span class='ocrx_word' id='word_1_176' title='bbox 574 3523 663 3578; x_wconf 88' lang='lat' dir='ltr'>sic</span> <span class='ocrx_word' id='word_1_177' title='bbox 720 3517 921 3593; x_wconf 86' lang='lat' dir='ltr'>quoad</span> <span class='ocrx_word' id='word_1_178' title='bbox 978 3519 1090 3574; x_wconf 88' lang='lat' dir='ltr'>hoc</span> <span class='ocrx_word' id='word_1_179' title='bbox 1150 3516 1383 3572; x_wconf 87' lang='lat' dir='ltr'>dicitur</span> <span class='ocrx_word' id='word_1_180' title='bbox 1440 3512 1601 3568; x_wconf 88' lang='lat' dir='ltr'>nihil</span> <span class='ocrx_word' id='word_1_181' title='bbox 1678 3511 1917 3577; x_wconf 79' lang='lat' dir='ltr'>fecisse,</span> <span class='ocrx_word' id='word_1_182' title='bbox 1978 3508 2129 3579; x_wconf 85' lang='lat' dir='ltr'>quia</span> 
     </span>
    </p>
   </div>
   <div class='ocr_carea' id='block_1_14' title="bbox 576 3595 2141 3690">
    <p class='ocr_par' dir='ltr' id='par_1_14' title="bbox 576 3595 2141 3690">
     <span class='ocr_line' id='line_1_39' title="bbox 576 3595 2141 3690; baseline -0.009 -15"><span class='ocrx_word' id='word_1_183' title='bbox 576 3632 753 3690; x_wconf 84' lang='lat' dir='ltr'>aeque</span> <span class='ocrx_word' id='word_1_184' title='bbox 782 3618 938 3674; x_wconf 87' lang='lat' dir='ltr'>bene</span> <span class='ocrx_word' id='word_1_185' title='bbox 988 3618 1357 3672; x_wconf 82' lang='lat' dir='ltr'>causaretur</span> <span class='ocrx_word' id='word_1_186' title='bbox 1406 3612 1630 3682; x_wconf 85' lang='lat' dir='ltr'>gratia,</span> <span class='ocrx_word' id='word_1_187' title='bbox 1689 3610 1801 3665; x_wconf 89' lang='lat' dir='ltr'>etsi</span> <span class='ocrx_word' id='word_1_188' title='bbox 1836 3595 2141 3663; x_wconf 74' lang='lat' dir='ltr'>instituta</span> 
     </span>
    </p>
   </div>
   <div class='ocr_carea' id='block_1_15' title="bbox 581 3709 1823 3786">
    <p class='ocr_par' dir='ltr' id='par_1_15' title="bbox 581 3709 1823 3786">
     <span class='ocr_line' id='line_1_40' title="bbox 581 3709 1823 3786; baseline -0.008 -14"><span class='ocrx_word' id='word_1_189' title='bbox 581 3729 701 3773; x_wconf 88' lang='lat' dir='ltr'>non</span> <span class='ocrx_word' id='word_1_190' title='bbox 733 3720 913 3782; x_wconf 89' lang='lat' dir='ltr'>esset,</span> <span class='ocrx_word' id='word_1_191' title='bbox 950 3728 1062 3786; x_wconf 88' lang='lat' dir='ltr'>per</span> <span class='ocrx_word' id='word_1_192' title='bbox 1092 3709 1435 3769; x_wconf 88' lang='lat' dir='ltr'>remedium</span> <span class='ocrx_word' id='word_1_193' title='bbox 1468 3710 1823 3780; x_wconf 84' lang='lat' dir='ltr'>antiquum.</span> 
     </span>
    </p>
   </div>
   <div class='ocr_carea' id='block_1_16' title="bbox 578 3946 2138 4743">
    <p class='ocr_par' dir='ltr' id='par_1_16' title="bbox 578 3946 2138 4743">
     <span class='ocr_line' id='line_1_41' title="bbox 671 3946 2136 4041; baseline -0.008 -17"><span class='ocrx_word' id='word_1_194' title='bbox 671 3955 790 4024; x_wconf 84' lang='lat' dir='ltr'>Ex</span> <span class='ocrx_word' id='word_1_195' title='bbox 850 3948 1032 4023; x_wconf 89' lang='lat' dir='ltr'>istis</span> <span class='ocrx_word' id='word_1_196' title='bbox 1082 3951 1306 4041; x_wconf 88' lang='lat' dir='ltr'>patet</span> <span class='ocrx_word' id='word_1_197' title='bbox 1345 3946 1579 4035; x_wconf 89' lang='lat' dir='ltr'>(l)ad</span> <span class='ocrx_word' id='word_1_198' title='bbox 1656 3963 1931 4016; x_wconf 89' lang='lat' dir='ltr'>omnes</span> <span class='ocrx_word' id='word_1_199' title='bbox 2001 3962 2136 4013; x_wconf 89' lang='lat' dir='ltr'>au-</span> 
     </span>
     <span class='ocr_line' id='line_1_42' title="bbox 580 4058 2133 4157; baseline -0.01 -14"><span class='ocrx_word' id='word_1_200' title='bbox 580 4069 1040 4149; x_wconf 81' lang='lat' dir='ltr'>ctoritateS,</span> <span class='ocrx_word' id='word_1_201' title='bbox 1076 4064 1484 4157; x_wconf 83' lang='lat' dir='ltr'>arguendo</span> <span class='ocrx_word' id='word_1_202' title='bbox 1520 4063 1613 4134; x_wconf 87' lang='lat' dir='ltr'>ad</span> <span class='ocrx_word' id='word_1_203' title='bbox 1659 4058 2133 4153; x_wconf 84' lang='lat' dir='ltr'>principale.</span> 
     </span>
     <span class='ocr_line' id='line_1_43' title="bbox 578 4179 2137 4272; baseline -0.008 -16"><span class='ocrx_word' id='word_1_204' title='bbox 578 4185 725 4258; x_wconf 88' lang='lat' dir='ltr'>Vel</span> <span class='ocrx_word' id='word_1_205' title='bbox 753 4184 967 4257; x_wconf 90' lang='lat' dir='ltr'>enim</span> <span class='ocrx_word' id='word_1_206' title='bbox 1024 4183 1467 4272; x_wconf 86' lang='lat' dir='ltr'>loquuntur</span> <span class='ocrx_word' id='word_1_207' title='bbox 1520 4179 1610 4250; x_wconf 92' lang='lat' dir='ltr'>de</span> <span class='ocrx_word' id='word_1_208' title='bbox 1670 4181 2137 4251; x_wconf 89' lang='lat' dir='ltr'>Sacramen-</span> 
     </span>
     <span class='ocr_line' id='line_1_44' title="bbox 585 4291 2132 4387; baseline -0.009 -11"><span class='ocrx_word' id='word_1_209' title='bbox 585 4302 692 4376; x_wconf 89' lang='lat' dir='ltr'>tis</span> <span class='ocrx_word' id='word_1_210' title='bbox 744 4298 1049 4374; x_wconf 88' lang='lat' dir='ltr'>veteris</span> <span class='ocrx_word' id='word_1_211' title='bbox 1100 4297 1306 4387; x_wconf 83' lang='lat' dir='ltr'>legis</span> <span class='ocrx_word' id='word_1_212' title='bbox 1372 4292 1822 4387; x_wconf 77' lang='lat' dir='ltr'>improprie</span> <span class='ocrx_word' id='word_1_213' title='bbox 1868 4291 2132 4372; x_wconf 87' lang='lat' dir='ltr'>dictis,</span> 
     </span>
     <span class='ocr_line' id='line_1_45' title="bbox 588 4407 2136 4493; baseline -0.008 0"><span class='ocrx_word' id='word_1_214' title='bbox 588 4418 901 4493; x_wconf 86' lang='lat' dir='ltr'>scilicet</span> <span class='ocrx_word' id='word_1_215' title='bbox 1003 4416 1095 4488; x_wconf 90' lang='lat' dir='ltr'>de</span> <span class='ocrx_word' id='word_1_216' title='bbox 1192 4409 1750 4491; x_wconf 81' lang='lat' dir='ltr'>caeremoniis;</span> <span class='ocrx_word' id='word_1_217' title='bbox 1848 4409 1972 4480; x_wconf 86' lang='lat' dir='ltr'>vel</span> <span class='ocrx_word' id='word_1_218' title='bbox 2067 4407 2136 4481; x_wconf 92' lang='lat' dir='ltr'>si</span> 
     </span>
     <span class='ocr_line' id='line_1_46' title="bbox 590 4527 2136 4626; baseline -0.008 -19"><span class='ocrx_word' id='word_1_219' title='bbox 590 4536 1032 4626; x_wconf 81' lang='lat' dir='ltr'>loquantur</span> <span class='ocrx_word' id='word_1_220' title='bbox 1097 4532 1188 4603; x_wconf 91' lang='lat' dir='ltr'>de</span> <span class='ocrx_word' id='word_1_221' title='bbox 1244 4527 1913 4606; x_wconf 77' lang='lat' dir='ltr'>circumcisione,</span> <span class='ocrx_word' id='word_1_222' title='bbox 1963 4545 2136 4616; x_wconf 87' lang='lat' dir='ltr'>quae</span> 
     </span>
     <span class='ocr_line' id='line_1_47' title="bbox 592 4644 2138 4743; baseline -0.005 -20"><span class='ocrx_word' id='word_1_223' title='bbox 592 4651 744 4724; x_wconf 83' lang='lat' dir='ltr'>fuit</span> <span class='ocrx_word' id='word_1_224' title='bbox 791 4648 1121 4743; x_wconf 87' lang='lat' dir='ltr'>proprie</span> <span class='ocrx_word' id='word_1_225' title='bbox 1154 4647 1798 4724; x_wconf 83' lang='lat' dir='ltr'>Sacramentum,</span> <span class='ocrx_word' id='word_1_226' title='bbox 1837 4644 2138 4733; x_wconf 82' lang='lat' dir='ltr'>negant</span> 
     </span>
    </p>
   </div>
   <div class='ocr_carea' id='block_1_17' title="bbox 592 4758 2137 4966">
    <p class='ocr_par' dir='ltr' id='par_1_17' title="bbox 592 4758 2137 4966">
     <span class='ocr_line' id='line_1_48' title="bbox 592 4758 2137 4858; baseline -0.008 -18"><span class='ocrx_word' id='word_1_227' title='bbox 592 4788 771 4840; x_wconf 89' lang='lat' dir='ltr'>eam</span> <span class='ocrx_word' id='word_1_228' title='bbox 833 4765 1190 4858; x_wconf 81' lang='lat' dir='ltr'>gratiam</span> <span class='ocrx_word' id='word_1_229' title='bbox 1251 4761 1627 4835; x_wconf 88' lang='lat' dir='ltr'>conferre</span> <span class='ocrx_word' id='word_1_230' title='bbox 1705 4758 2137 4831; x_wconf 85' lang='lat' dir='ltr'>secundum</span> 
     </span>
     <span class='ocr_line' id='line_1_49' title="bbox 595 4866 2036 4966; baseline -0.009 -18"><span class='ocrx_word' id='word_1_231' title='bbox 595 4874 947 4966; x_wconf 89' lang='lat' dir='ltr'>aliquem</span> <span class='ocrx_word' id='word_1_232' title='bbox 993 4870 1491 4944; x_wconf 87' lang='lat' dir='ltr'>intellectum</span> <span class='ocrx_word' id='word_1_233' title='bbox 1540 4866 2036 4959; x_wconf 84' lang='lat' dir='ltr'>praedictum.</span> 
     </span>
    </p>
   </div>
   <div class='ocr_carea' id='block_1_18' title="bbox 590 4983 2142 5664">
    <p class='ocr_par' dir='ltr' id='par_1_18' title="bbox 590 4983 2142 5664">
     <span class='ocr_line' id='line_1_50' title="bbox 683 4983 2133 5076; baseline -0.005 -13"><span class='ocrx_word' id='word_1_234' title='bbox 683 4990 797 5062; x_wconf 90' lang='lat' dir='ltr'>Ad</span> <span class='ocrx_word' id='word_1_235' title='bbox 853 4986 1193 5061; x_wconf 88' lang='lat' dir='ltr'>tertium</span> <span class='ocrx_word' id='word_1_236' title='bbox 1234 4986 1324 5057; x_wconf 91' lang='lat' dir='ltr'>de</span> <span class='ocrx_word' id='word_1_237' title='bbox 1375 4983 1801 5076; x_wconf 87' lang='lat' dir='ltr'>apertione</span> <span class='ocrx_word' id='word_1_238' title='bbox 1838 4984 2133 5074; x_wconf 85' lang='lat' dir='ltr'>januae,</span> 
     </span>
     <span class='ocr_line' id='line_1_51' title="bbox 595 5098 2142 5192; baseline -0.004 -16"><span class='ocrx_word' id='word_1_239' title='bbox 595 5102 796 5184; x_wconf 91' lang='lat' dir='ltr'>dico,</span> <span class='ocrx_word' id='word_1_240' title='bbox 871 5102 1077 5192; x_wconf 87' lang='lat' dir='ltr'>quod</span> <span class='ocrx_word' id='word_1_241' title='bbox 1143 5121 1303 5172; x_wconf 90' lang='lat' dir='ltr'>non</span> <span class='ocrx_word' id='word_1_242' title='bbox 1364 5100 1513 5172; x_wconf 85' lang='lat' dir='ltr'>fuit</span> <span class='ocrx_word' id='word_1_243' title='bbox 1574 5100 1931 5172; x_wconf 85' lang='lat' dir='ltr'>defectus</span> <span class='ocrx_word' id='word_1_244' title='bbox 1976 5098 2142 5172; x_wconf 89' lang='lat' dir='ltr'>Cir-</span> 
     </span>
     <span class='ocr_line' id='line_1_52' title="bbox 596 5213 2139 5310; baseline -0.004 -16"><span class='ocrx_word' id='word_1_245' title='bbox 596 5217 1144 5298; x_wconf 90' lang='lat' dir='ltr'>cumcisionis,</span> <span class='ocrx_word' id='word_1_246' title='bbox 1249 5216 1454 5310; x_wconf 90' lang='lat' dir='ltr'>quod</span> <span class='ocrx_word' id='word_1_247' title='bbox 1547 5237 1707 5289; x_wconf 90' lang='lat' dir='ltr'>non</span> <span class='ocrx_word' id='word_1_248' title='bbox 1819 5213 2139 5306; x_wconf 88' lang='lat' dir='ltr'>aperuit</span> 
     </span>
     <span class='ocr_line' id='line_1_53' title="bbox 590 5332 2139 5427; baseline -0.002 -20"><span class='ocrx_word' id='word_1_249' title='bbox 590 5336 955 5427; x_wconf 85' lang='lat' dir='ltr'>januam,</span> <span class='ocrx_word' id='word_1_250' title='bbox 994 5336 1124 5408; x_wconf 89' lang='lat' dir='ltr'>sed</span> <span class='ocrx_word' id='word_1_251' title='bbox 1187 5334 1374 5426; x_wconf 85' lang='lat' dir='ltr'>quia</span> <span class='ocrx_word' id='word_1_252' title='bbox 1409 5332 1774 5406; x_wconf 83' lang='lat' dir='ltr'>cucurrit</span> <span class='ocrx_word' id='word_1_253' title='bbox 1834 5334 2139 5425; x_wconf 90' lang='lat' dir='ltr'>tempo-</span> 
     </span>
     <span class='ocr_line' id='line_1_54' title="bbox 606 5446 2134 5543; baseline -0.003 -19"><span class='ocrx_word' id='word_1_254' title='bbox 606 5473 714 5534; x_wconf 88' lang='lat' dir='ltr'>re,</span> <span class='ocrx_word' id='word_1_255' title='bbox 754 5470 907 5543; x_wconf 90' lang='lat' dir='ltr'>quo</span> <span class='ocrx_word' id='word_1_256' title='bbox 963 5448 1318 5543; x_wconf 89' lang='lat' dir='ltr'>pretium</span> <span class='ocrx_word' id='word_1_257' title='bbox 1356 5469 1514 5520; x_wconf 90' lang='lat' dir='ltr'>non</span> <span class='ocrx_word' id='word_1_258' title='bbox 1550 5447 1700 5519; x_wconf 87' lang='lat' dir='ltr'>fuit</span> <span class='ocrx_word' id='word_1_259' title='bbox 1744 5446 2134 5530; x_wconf 89' lang='lat' dir='ltr'>solutum,</span> 
     </span>
     <span class='ocr_line' id='line_1_55' title="bbox 592 5563 2139 5664; baseline -0.001 -25"><span class='ocrx_word' id='word_1_260' title='bbox 592 5586 782 5646; x_wconf 87' lang='lat' dir='ltr'>nam</span> <span class='ocrx_word' id='word_1_261' title='bbox 817 5569 999 5664; x_wconf 89' lang='lat' dir='ltr'>post</span> <span class='ocrx_word' id='word_1_262' title='bbox 1044 5565 1402 5637; x_wconf 88' lang='lat' dir='ltr'>solutum</span> <span class='ocrx_word' id='word_1_263' title='bbox 1446 5564 1824 5657; x_wconf 87' lang='lat' dir='ltr'>pretium,</span> <span class='ocrx_word' id='word_1_264' title='bbox 1874 5563 2139 5656; x_wconf 87' lang='lat' dir='ltr'>potuit</span> 
     </span>
    </p>
   </div>
   <div class='ocr_carea' id='block_1_19' title="bbox 1672 420 2580 520">
    <p class='ocr_par' dir='ltr' id='par_1_19' title="bbox 1672 420 2580 520">
     <span class='ocr_line' id='line_1_56' title="bbox 1672 420 2580 520; baseline -0.002 -27"><span class='ocrx_word' id='word_1_265' title='bbox 1672 431 1817 520; x_wconf 64' lang='lat' dir='ltr'>tm.</span> <span class='ocrx_word' id='word_1_266' title='bbox 1850 429 1953 490; x_wconf 79' lang='grc' dir='ltr'>ιν.</span> <span class='ocrx_word' id='word_1_267' title='bbox 1984 420 2580 491; x_wconf 73' lang='lat' dir='ltr'>SENTEN&#39;mRUM</span> 
     </span>
    </p>
   </div>
   <div class='ocr_carea' id='block_1_20' title="bbox 2197 577 3747 679">
    <p class='ocr_par' dir='ltr' id='par_1_20' title="bbox 2197 577 3747 679">
     <span class='ocr_line' id='line_1_57' title="bbox 2197 577 3747 679; baseline -0.004 -21"><span class='ocrx_word' id='word_1_268' title='bbox 2197 586 2443 660; x_wconf 90' lang='lat' dir='ltr'>alicui</span> <span class='ocrx_word' id='word_1_269' title='bbox 2499 585 2809 679; x_wconf 91' lang='lat' dir='ltr'>aperiri</span> <span class='ocrx_word' id='word_1_270' title='bbox 2841 584 3120 677; x_wconf 77' lang='lat' dir='ltr'>Janua,</span> <span class='ocrx_word' id='word_1_271' title='bbox 3176 580 3311 676; x_wconf 89' lang='lat' dir='ltr'>qui</span> <span class='ocrx_word' id='word_1_272' title='bbox 3351 601 3514 655; x_wconf 90' lang='lat' dir='ltr'>non</span> <span class='ocrx_word' id='word_1_273' title='bbox 3557 577 3747 653; x_wconf 82' lang='lat' dir='ltr'>fuis-</span> 
     </span>
    </p>
   </div>
   <div class='ocr_carea' id='block_1_21' title="bbox 2203 699 3750 911">
    <p class='ocr_par' dir='ltr' id='par_1_21' title="bbox 2203 699 3750 911">
     <span class='ocr_line' id='line_1_58' title="bbox 2203 699 3741 796; baseline -0.005 -20"><span class='ocrx_word' id='word_1_274' title='bbox 2203 710 2326 778; x_wconf 90' lang='lat' dir='ltr'>set</span> <span class='ocrx_word' id='word_1_275' title='bbox 2359 703 2845 796; x_wconf 85' lang='lat' dir='ltr'>baptizatus,</span> <span class='ocrx_word' id='word_1_276' title='bbox 2894 704 3024 775; x_wconf 90' lang='lat' dir='ltr'>sed</span> <span class='ocrx_word' id='word_1_277' title='bbox 3079 700 3346 774; x_wconf 90' lang='lat' dir='ltr'>solum</span> <span class='ocrx_word' id='word_1_278' title='bbox 3399 699 3741 772; x_wconf 88' lang='lat' dir='ltr'>circum-</span> 
     </span>
     <span class='ocr_line' id='line_1_59' title="bbox 2203 816 3750 911; baseline -0.006 -17"><span class='ocrx_word' id='word_1_279' title='bbox 2203 819 2445 901; x_wconf 91' lang='lat' dir='ltr'>cisus,</span> <span class='ocrx_word' id='word_1_280' title='bbox 2500 818 2694 894; x_wconf 91' lang='lat' dir='ltr'>etin</span> <span class='ocrx_word' id='word_1_281' title='bbox 2747 819 3064 911; x_wconf 77' lang='lat' dir='ltr'>gratia3</span> <span class='ocrx_word' id='word_1_282' title='bbox 3101 816 3517 909; x_wconf 90' lang='lat' dir='ltr'>baptizato</span> <span class='ocrx_word' id='word_1_283' title='bbox 3550 833 3750 887; x_wconf 88' lang='lat' dir='ltr'>vero</span> 
     </span>
    </p>
   </div>
   <div class='ocr_carea' id='block_1_22' title="bbox 2198 935 3749 1029">
    <p class='ocr_par' dir='ltr' id='par_1_22' title="bbox 2198 935 3749 1029">
     <span class='ocr_line' id='line_1_60' title="bbox 2198 935 3749 1029; baseline -0.005 -20"><span class='ocrx_word' id='word_1_284' title='bbox 2198 936 2577 1009; x_wconf 85' lang='lat' dir='ltr'>defuncto</span> <span class='ocrx_word' id='word_1_285' title='bbox 2625 941 2812 1010; x_wconf 88' lang='lat' dir='ltr'>ante</span> <span class='ocrx_word' id='word_1_286' title='bbox 2863 935 3355 1029; x_wconf 83' lang='lat' dir='ltr'>passionem,</span> <span class='ocrx_word' id='word_1_287' title='bbox 3412 951 3575 1005; x_wconf 89' lang='lat' dir='ltr'>non</span> <span class='ocrx_word' id='word_1_288' title='bbox 3617 949 3749 1022; x_wconf 88' lang='lat' dir='ltr'>pa-</span> 
     </span>
    </p>
   </div>
   <div class='ocr_carea' id='block_1_23' title="bbox 2204 1055 4029 3698">
    <p class='ocr_par' dir='ltr' id='par_1_23' title="bbox 2205 1055 3228 1148">
     <span class='ocr_line' id='line_1_61' title="bbox 2205 1055 3228 1148; baseline -0.005 -19"><span class='ocrx_word' id='word_1_289' title='bbox 2205 1055 2497 1129; x_wconf 90' lang='lat' dir='ltr'>tuisset</span> <span class='ocrx_word' id='word_1_290' title='bbox 2529 1056 2784 1146; x_wconf 87' lang='lat' dir='ltr'>janua</span> <span class='ocrx_word' id='word_1_291' title='bbox 2826 1076 2974 1148; x_wconf 90' lang='lat' dir='ltr'>pro</span> <span class='ocrx_word' id='word_1_292' title='bbox 3012 1059 3228 1129; x_wconf 90' lang='lat' dir='ltr'>tunc.</span> 
     </span>
    </p>

    <p class='ocr_par' dir='ltr' id='par_1_24' title="bbox 2204 1162 4029 1846">
     <span class='ocr_line' id='line_1_62' title="bbox 2293 1162 4029 1261; baseline -0.003 -18"><span class='ocrx_word' id='word_1_293' title='bbox 2293 1172 2408 1243; x_wconf 86' lang='lat' dir='ltr'>Ad</span> <span class='ocrx_word' id='word_1_294' title='bbox 2450 1171 2827 1243; x_wconf 86' lang='lat' dir='ltr'>ultimum</span> <span class='ocrx_word' id='word_1_295' title='bbox 2863 1170 3248 1261; x_wconf 88' lang='lat' dir='ltr'>(m)dico,</span> <span class='ocrx_word' id='word_1_296' title='bbox 3305 1169 3512 1261; x_wconf 91' lang='lat' dir='ltr'>quod</span> <span class='ocrx_word' id='word_1_297' title='bbox 3551 1168 3751 1259; x_wconf 90' lang='lat' dir='ltr'>Bap-</span> <span class='ocrx_word' id='word_1_298' title='bbox 3842 1162 3921 1213; x_wconf 71' lang='lat' dir='ltr'>Ad</span> <span class='ocrx_word' id='word_1_299' title='bbox 3974 1164 4029 1218; x_wconf 83' lang='lat'>⁴·</span> 
     </span>
     <span class='ocr_line' id='line_1_63' title="bbox 2204 1283 3755 1380; baseline -0.003 -20"><span class='ocrx_word' id='word_1_300' title='bbox 2204 1287 2497 1361; x_wconf 90' lang='lat' dir='ltr'>tismus</span> <span class='ocrx_word' id='word_1_301' title='bbox 2532 1293 2926 1380; x_wconf 89' lang='lat' dir='ltr'>quantum</span> <span class='ocrx_word' id='word_1_302' title='bbox 2968 1288 3064 1360; x_wconf 89' lang='lat' dir='ltr'>ad</span> <span class='ocrx_word' id='word_1_303' title='bbox 3094 1292 3372 1360; x_wconf 90' lang='lat' dir='ltr'>actum</span> <span class='ocrx_word' id='word_1_304' title='bbox 3404 1283 3755 1359; x_wconf 85' lang='lat' dir='ltr'>exterio·</span> 
     </span>
     <span class='ocr_line' id='line_1_64' title="bbox 2209 1402 3758 1496; baseline -0.002 -21"><span class='ocrx_word' id='word_1_305' title='bbox 2209 1424 2403 1486; x_wconf 90' lang='lat' dir='ltr'>rem,</span> <span class='ocrx_word' id='word_1_306' title='bbox 2459 1425 2619 1477; x_wconf 91' lang='lat' dir='ltr'>non</span> <span class='ocrx_word' id='word_1_307' title='bbox 2660 1405 3069 1496; x_wconf 84' lang='lat' dir='ltr'>significat</span> <span class='ocrx_word' id='word_1_308' title='bbox 3118 1403 3276 1476; x_wconf 90' lang='lat' dir='ltr'>nisi</span> <span class='ocrx_word' id='word_1_309' title='bbox 3328 1402 3758 1495; x_wconf 88' lang='lat' dir='ltr'>quamdam</span> 
     </span>
     <span class='ocr_line' id='line_1_65' title="bbox 2206 1520 3758 1609; baseline -0.004 -16"><span class='ocrx_word' id='word_1_310' title='bbox 2206 1520 2688 1595; x_wconf 83' lang='lat' dir='ltr'>deletionem</span> <span class='ocrx_word' id='word_1_311' title='bbox 2760 1520 3292 1594; x_wconf 80' lang='lat' dir='ltr'>immunditiae</span> <span class='ocrx_word' id='word_1_312' title='bbox 3373 1536 3758 1609; x_wconf 88' lang='lat' dir='ltr'>corpora·</span> 
     </span>
     <span class='ocr_line' id='line_1_66' title="bbox 2210 1632 3762 1726; baseline -0.004 -17"><span class='ocrx_word' id='word_1_313' title='bbox 2210 1638 2310 1709; x_wconf 88' lang='lat' dir='ltr'>lis</span> <span class='ocrx_word' id='word_1_314' title='bbox 2347 1662 2361 1716; x_wconf 86' lang='lat'>;</span> <span class='ocrx_word' id='word_1_315' title='bbox 2399 1644 2478 1712; x_wconf 87' lang='lat' dir='ltr'>et</span> <span class='ocrx_word' id='word_1_316' title='bbox 2517 1643 2789 1712; x_wconf 90' lang='lat' dir='ltr'>tamen</span> <span class='ocrx_word' id='word_1_317' title='bbox 2839 1637 3110 1709; x_wconf 87' lang='lat' dir='ltr'>nullus</span> <span class='ocrx_word' id='word_1_318' title='bbox 3163 1640 3408 1726; x_wconf 84' lang='lat' dir='ltr'>negat</span> <span class='ocrx_word' id='word_1_319' title='bbox 3458 1632 3762 1725; x_wconf 87' lang='lat' dir='ltr'>aliquid</span> 
     </span>
     <span class='ocr_line' id='line_1_67' title="bbox 2209 1751 3508 1846; baseline -0.005 -20"><span class='ocrx_word' id='word_1_320' title='bbox 2209 1775 2386 1826; x_wconf 89' lang='lat' dir='ltr'>esse</span> <span class='ocrx_word' id='word_1_321' title='bbox 2421 1753 2597 1846; x_wconf 89' lang='lat' dir='ltr'>ejus</span> <span class='ocrx_word' id='word_1_322' title='bbox 2631 1753 3007 1828; x_wconf 90' lang='lat' dir='ltr'>effectum</span> <span class='ocrx_word' id='word_1_323' title='bbox 3041 1751 3508 1846; x_wconf 88' lang='lat' dir='ltr'>positivum.</span> 
     </span>
    </p>

    <p class='ocr_par' dir='ltr' id='par_1_25' title="bbox 2213 1863 3836 3698">
     <span class='ocr_line' id='line_1_68' title="bbox 2297 1863 3762 1962; baseline -0.008 -18"><span class='ocrx_word' id='word_1_324' title='bbox 2297 1870 2499 1944; x_wconf 91' lang='lat' dir='ltr'>Dico</span> <span class='ocrx_word' id='word_1_325' title='bbox 2580 1889 2778 1962; x_wconf 84' lang='lat' dir='ltr'>ergo</span> <span class='ocrx_word' id='word_1_326' title='bbox 2865 1871 2959 1941; x_wconf 85' lang='lat' dir='ltr'>ad</span> <span class='ocrx_word' id='word_1_327' title='bbox 3045 1868 3471 1962; x_wconf 82' lang='lat' dir='ltr'>maj0rem,</span> <span class='ocrx_word' id='word_1_328' title='bbox 3555 1863 3762 1956; x_wconf 87' lang='lat' dir='ltr'>quod</span> 
     </span>
     <span class='ocr_line' id='line_1_69' title="bbox 2215 1979 3763 2076; baseline -0.006 -16"><span class='ocrx_word' id='word_1_329' title='bbox 2215 1990 2833 2060; x_wconf 82' lang='lat' dir='ltr'>Sacramentum</span> <span class='ocrx_word' id='word_1_330' title='bbox 2920 1986 3180 2076; x_wconf 84' lang='lat' dir='ltr'>magis</span> <span class='ocrx_word' id='word_1_331' title='bbox 3263 1981 3594 2076; x_wconf 87' lang='lat' dir='ltr'>proprie</span> <span class='ocrx_word' id='word_1_332' title='bbox 3664 1979 3763 2051; x_wconf 89' lang='lat' dir='ltr'>si·</span> 
     </span>
     <span class='ocr_line' id='line_1_70' title="bbox 2213 2106 3759 2203; baseline -0.004 -21"><span class='ocrx_word' id='word_1_333' title='bbox 2213 2112 2546 2203; x_wconf 82' lang='lat' dir='ltr'>gnificat</span> <span class='ocrx_word' id='word_1_334' title='bbox 2589 2112 2818 2184; x_wconf 83' lang='lat' dir='ltr'>illum</span> <span class='ocrx_word' id='word_1_335' title='bbox 2886 2112 3260 2184; x_wconf 86' lang='lat' dir='ltr'>effectum</span> <span class='ocrx_word' id='word_1_336' title='bbox 3330 2109 3411 2181; x_wconf 91' lang='lat' dir='ltr'>in</span> <span class='ocrx_word' id='word_1_337' title='bbox 3461 2106 3759 2187; x_wconf 90' lang='lat' dir='ltr'>anima,</span> 
     </span>
     <span class='ocr_line' id='line_1_71' title="bbox 2215 2223 3763 2319; baseline -0.003 -21"><span class='ocrx_word' id='word_1_338' title='bbox 2215 2227 2308 2299; x_wconf 88' lang='lat' dir='ltr'>ad</span> <span class='ocrx_word' id='word_1_339' title='bbox 2371 2248 2607 2319; x_wconf 90' lang='lat' dir='ltr'>quem</span> <span class='ocrx_word' id='word_1_340' title='bbox 2668 2227 3093 2301; x_wconf 82' lang='lat' dir='ltr'>confertur</span> <span class='ocrx_word' id='word_1_341' title='bbox 3152 2226 3426 2318; x_wconf 82' lang='lat' dir='ltr'>gratia</span> <span class='ocrx_word' id='word_1_342' title='bbox 3492 2223 3574 2296; x_wconf 92' lang='lat' dir='ltr'>in</span> <span class='ocrx_word' id='word_1_343' title='bbox 3624 2226 3763 2297; x_wconf 89' lang='lat' dir='ltr'>Sa·</span> 
     </span>
     <span class='ocr_line' id='line_1_72' title="bbox 2217 2341 3764 2436; baseline -0.004 -19"><span class='ocrx_word' id='word_1_344' title='bbox 2217 2350 2669 2430; x_wconf 85' lang='lat' dir='ltr'>erament0‚</span> <span class='ocrx_word' id='word_1_345' title='bbox 2763 2364 3004 2436; x_wconf 88' lang='lat' dir='ltr'>quam</span> <span class='ocrx_word' id='word_1_346' title='bbox 3126 2343 3387 2434; x_wconf 82' lang='lat' dir='ltr'>signet</span> <span class='ocrx_word' id='word_1_347' title='bbox 3503 2341 3764 2433; x_wconf 87' lang='lat' dir='ltr'>ipsam</span> 
     </span>
     <span class='ocr_line' id='line_1_73' title="bbox 2219 2457 3767 2552; baseline -0.004 -21"><span class='ocrx_word' id='word_1_348' title='bbox 2219 2461 2603 2552; x_wconf 85' lang='lat' dir='ltr'>gratiam.</span> <span class='ocrx_word' id='word_1_349' title='bbox 2701 2461 2914 2532; x_wconf 92' lang='lat' dir='ltr'>Unde</span> <span class='ocrx_word' id='word_1_350' title='bbox 2996 2459 3270 2550; x_wconf 80' lang='lat' dir='ltr'>gratia</span> <span class='ocrx_word' id='word_1_351' title='bbox 3365 2457 3767 2530; x_wconf 86' lang='lat' dir='ltr'>existente</span> 
     </span>
     <span class='ocr_line' id='line_1_74' title="bbox 2220 2576 3769 2658; baseline -0.004 -11"><span class='ocrx_word' id='word_1_352' title='bbox 2220 2596 2378 2648; x_wconf 89' lang='lat' dir='ltr'>una</span> <span class='ocrx_word' id='word_1_353' title='bbox 2437 2577 2516 2647; x_wconf 91' lang='lat' dir='ltr'>in</span> <span class='ocrx_word' id='word_1_354' title='bbox 2576 2577 2870 2658; x_wconf 90' lang='lat' dir='ltr'>anima,</span> <span class='ocrx_word' id='word_1_355' title='bbox 2921 2578 3453 2650; x_wconf 89' lang='lat' dir='ltr'>Sacramenta</span> <span class='ocrx_word' id='word_1_356' title='bbox 3498 2576 3769 2646; x_wconf 85' lang='lat' dir='ltr'>tamen</span> 
     </span>
     <span class='ocr_line' id='line_1_75' title="bbox 2217 2686 3772 2784; baseline -0.005 -19"><span class='ocrx_word' id='word_1_357' title='bbox 2217 2693 2540 2766; x_wconf 89' lang='lat' dir='ltr'>diversa</span> <span class='ocrx_word' id='word_1_358' title='bbox 2645 2693 3264 2784; x_wconf 81' lang='lat' dir='ltr'>distinguuntur</span> <span class='ocrx_word' id='word_1_359' title='bbox 3349 2709 3590 2781; x_wconf 89' lang='lat' dir='ltr'>penes</span> <span class='ocrx_word' id='word_1_360' title='bbox 3657 2686 3772 2759; x_wconf 92' lang='lat' dir='ltr'>di-</span> 
     </span>
     <span class='ocr_line' id='line_1_76' title="bbox 2219 2806 3836 2902; baseline -0.002 -22"><span class='ocrx_word' id='word_1_361' title='bbox 2219 2831 2460 2884; x_wconf 87' lang='lat' dir='ltr'>versa</span> <span class='ocrx_word' id='word_1_362' title='bbox 2494 2809 2949 2902; x_wconf 86' lang='lat' dir='ltr'>significata</span> <span class='ocrx_word' id='word_1_363' title='bbox 2985 2806 3346 2900; x_wconf 86' lang='lat' dir='ltr'>propria,</span> <span class='ocrx_word' id='word_1_364' title='bbox 3371 2820 3544 2897; x_wconf 85' lang='lat' dir='ltr'>quae</span> <span class='ocrx_word' id='word_1_365' title='bbox 3583 2807 3773 2876; x_wconf 88' lang='lat' dir='ltr'>sunt</span> <span class='ocrx_word' id='word_1_366' title='bbox 3833 2888 3836 2893; x_wconf 21' lang='lat' dir='ltr'><strong><em>f</em></strong></span> 
     </span>
     <span class='ocr_line' id='line_1_77' title="bbox 2217 2919 3762 3016; baseline -0.006 -18"><span class='ocrx_word' id='word_1_367' title='bbox 2217 2926 2518 2998; x_wconf 85' lang='lat' dir='ltr'>diversi</span> <span class='ocrx_word' id='word_1_368' title='bbox 2595 2925 2928 2998; x_wconf 90' lang='lat' dir='ltr'>effectus</span> <span class='ocrx_word' id='word_1_369' title='bbox 3008 2923 3365 3016; x_wconf 91' lang='lat' dir='ltr'>ejusdem</span> <span class='ocrx_word' id='word_1_370' title='bbox 3441 2919 3762 3012; x_wconf 81' lang='lat' dir='ltr'>gratiae,</span> 
     </span>
     <span class='ocr_line' id='line_1_78' title="bbox 2220 3041 3769 3135; baseline -0.005 -21"><span class='ocrx_word' id='word_1_371' title='bbox 2220 3044 2433 3118; x_wconf 90' lang='lat' dir='ltr'>sicut</span> <span class='ocrx_word' id='word_1_372' title='bbox 2471 3043 2787 3116; x_wconf 91' lang='lat' dir='ltr'>dicetur</span> <span class='ocrx_word' id='word_1_373' title='bbox 2821 3047 3048 3135; x_wconf 69' lang='lat' dir='ltr'>post2</span> <span class='ocrx_word' id='word_1_374' title='bbox 3093 3041 3428 3114; x_wconf 84' lang='lat' dir='ltr'>effectus</span> <span class='ocrx_word' id='word_1_375' title='bbox 3494 3044 3769 3113; x_wconf 89' lang='lat' dir='ltr'>tamen</span> 
     </span>
     <span class='ocr_line' id='line_1_79' title="bbox 2225 3153 3759 3249; baseline -0.003 -20"><span class='ocrx_word' id='word_1_376' title='bbox 2225 3159 2516 3249; x_wconf 82' lang='lat' dir='ltr'>gratiae</span> <span class='ocrx_word' id='word_1_377' title='bbox 2616 3163 2788 3232; x_wconf 88' lang='lat' dir='ltr'>tam</span> <span class='ocrx_word' id='word_1_378' title='bbox 2913 3159 2995 3230; x_wconf 91' lang='lat' dir='ltr'>in</span> <span class='ocrx_word' id='word_1_379' title='bbox 3118 3153 3759 3231; x_wconf 88' lang='lat' dir='ltr'>Circumcisione</span> 
     </span>
     <span class='ocr_line' id='line_1_80' title="bbox 2226 3271 3770 3367; baseline -0.003 -20"><span class='ocrx_word' id='word_1_380' title='bbox 2226 3296 2466 3366; x_wconf 87' lang='lat' dir='ltr'>quam</span> <span class='ocrx_word' id='word_1_381' title='bbox 2537 3276 2618 3348; x_wconf 91' lang='lat' dir='ltr'>in</span> <span class='ocrx_word' id='word_1_382' title='bbox 2694 3275 3115 3367; x_wconf 87' lang='lat' dir='ltr'>Baptismo</span> <span class='ocrx_word' id='word_1_383' title='bbox 3182 3271 3591 3366; x_wconf 84' lang='lat' dir='ltr'>proprius,</span> <span class='ocrx_word' id='word_1_384' title='bbox 3644 3273 3770 3342; x_wconf 87' lang='lat' dir='ltr'>est</span> 
     </span>
     <span class='ocr_line' id='line_1_81' title="bbox 2225 3386 3769 3482; baseline -0.005 -19"><span class='ocrx_word' id='word_1_385' title='bbox 2225 3392 2532 3464; x_wconf 90' lang='lat' dir='ltr'>ablutio</span> <span class='ocrx_word' id='word_1_386' title='bbox 2630 3394 2919 3464; x_wconf 83' lang='lat' dir='ltr'>animae</span> <span class='ocrx_word' id='word_1_387' title='bbox 3006 3411 3052 3460; x_wconf 87' lang='lat' dir='ltr'>a</span> <span class='ocrx_word' id='word_1_388' title='bbox 3150 3392 3510 3482; x_wconf 89' lang='lat' dir='ltr'>peccat0,</span> <span class='ocrx_word' id='word_1_389' title='bbox 3576 3386 3769 3457; x_wconf 89' lang='lat' dir='ltr'>licet</span> 
     </span>
     <span class='ocr_line' id='line_1_82' title="bbox 2226 3505 3770 3594; baseline -0.005 -13"><span class='ocrx_word' id='word_1_390' title='bbox 2226 3508 2824 3582; x_wconf 88' lang='lat' dir='ltr'>concomitetur</span> <span class='ocrx_word' id='word_1_391' title='bbox 2872 3507 3106 3589; x_wconf 82' lang='lat' dir='ltr'>alius,</span> <span class='ocrx_word' id='word_1_392' title='bbox 3146 3505 3458 3577; x_wconf 90' lang='lat' dir='ltr'>scilicet</span> <span class='ocrx_word' id='word_1_393' title='bbox 3491 3522 3770 3594; x_wconf 87' lang='lat' dir='ltr'>accep·</span> 
     </span>
     <span class='ocr_line' id='line_1_83' title="bbox 2228 3624 3292 3698; baseline -0.008 0"><span class='ocrx_word' id='word_1_394' title='bbox 2228 3625 2433 3698; x_wconf 88' lang='lat' dir='ltr'>tatio</span> <span class='ocrx_word' id='word_1_395' title='bbox 2466 3625 2561 3696; x_wconf 91' lang='lat' dir='ltr'>ad</span> <span class='ocrx_word' id='word_1_396' title='bbox 2591 3624 2844 3698; x_wconf 85' lang='lat' dir='ltr'>vitam</span> <span class='ocrx_word' id='word_1_397' title='bbox 2875 3628 3292 3698; x_wconf 87' lang='lat' dir='ltr'>aeternam.</span> 
     </span>
    </p>
   </div>
   <div class='ocr_carea' id='block_1_24' title="bbox 2658 3913 3319 3981">
    <p class='ocr_par' dir='ltr' id='par_1_26' title="bbox 2658 3913 3319 3981">
     <span class='ocr_line' id='line_1_84' title="bbox 2658 3913 3319 3981; baseline -0.003 0"><span class='ocrx_word' id='word_1_398' title='bbox 2658 3913 3319 3981; x_wconf 85' lang='lat' dir='ltr'>COMMENTARIUS.</span> 
     </span>
    </p>
   </div>
   <div class='ocr_carea' id='block_1_25' title="bbox 2322 4158 4013 4315">
    <p class='ocr_par' dir='ltr' id='par_1_27' title="bbox 2322 4158 4013 4315">
     <span class='ocr_line' id='line_1_85' title="bbox 2322 4158 3996 4253; baseline -0.005 -26"><span class='ocrx_word' id='word_1_399' title='bbox 2322 4161 2394 4249; x_wconf 88' lang='lat' dir='ltr'>(l)</span> <span class='ocrx_word' id='word_1_400' title='bbox 2426 4162 2533 4227; x_wconf 72' lang='lat' dir='ltr'>Em</span> <span class='ocrx_word' id='word_1_401' title='bbox 2554 4161 2700 4225; x_wconf 83' lang='lat' dir='ltr'>iscis</span> <span class='ocrx_word' id='word_1_402' title='bbox 2734 4169 2914 4247; x_wconf 78' lang='lat' dir='ltr'>patet</span> <span class='ocrx_word' id='word_1_403' title='bbox 2943 4158 3033 4224; x_wconf 84' lang='lat' dir='ltr'>ad</span> <span class='ocrx_word' id='word_1_404' title='bbox 3054 4179 3275 4224; x_wconf 81' lang='lat' dir='ltr'>omncs</span> <span class='ocrx_word' id='word_1_405' title='bbox 3318 4158 3765 4234; x_wconf 79' lang='lat' dir='ltr'>auctoritates,</span> <span class='ocrx_word' id='word_1_406' title='bbox 3845 4213 3849 4217; x_wconf 93' lang='lat'>.</span> <span class='ocrx_word' id='word_1_407' title='bbox 3913 4202 3996 4253; x_wconf 81' lang='lat'>52.</span> 
     </span>
     <span class='ocr_line' id='line_1_86' title="bbox 3924 4265 4013 4315; baseline -0.022 1"><span class='ocrx_word' id='word_1_408' title='bbox 3924 4265 4013 4315; x_wconf 83' lang='lat' dir='ltr'>Ad</span> 
     </span>
    </p>
   </div>
   <div class='ocr_carea' id='block_1_26' title="bbox 2232 4272 4132 5520">
    <p class='ocr_par' dir='ltr' id='par_1_28' title="bbox 2232 4272 4132 5520">
     <span class='ocr_line' id='line_1_87' title="bbox 2234 4272 4115 4388; baseline -0.003 -47"><span class='ocrx_word' id='word_1_409' title='bbox 2234 4275 2574 4363; x_wconf 72' lang='lat' dir='ltr'>aryuendo</span> <span class='ocrx_word' id='word_1_410' title='bbox 2631 4275 2719 4340; x_wconf 82' lang='lat' dir='ltr'>ad</span> <span class='ocrx_word' id='word_1_411' title='bbox 2773 4274 3175 4361; x_wconf 77' lang='lat' dir='ltr'>principale,</span> <span class='ocrx_word' id='word_1_412' title='bbox 3233 4285 3355 4340; x_wconf 82' lang='lat' dir='ltr'>eto.</span> <span class='ocrx_word' id='word_1_413' title='bbox 3406 4272 3774 4359; x_wconf 85' lang='lat' dir='ltr'>Respondet</span> <span class='ocrx_word' id='word_1_414' title='bbox 3801 4330 4115 4388; x_wconf 70' lang='lat' dir='ltr'>argumenta</span> 
     </span>
     <span class='ocr_line' id='line_1_88' title="bbox 2232 4388 4132 4479; baseline -0.002 -21"><span class='ocrx_word' id='word_1_415' title='bbox 2232 4391 2311 4458; x_wconf 91' lang='lat' dir='ltr'>ad</span> <span class='ocrx_word' id='word_1_416' title='bbox 2350 4405 2735 4478; x_wconf 86' lang='lat' dir='ltr'>argumenta</span> <span class='ocrx_word' id='word_1_417' title='bbox 2768 4393 2975 4479; x_wconf 88' lang='lat' dir='ltr'>posita</span> <span class='ocrx_word' id='word_1_418' title='bbox 3042 4389 3120 4457; x_wconf 86' lang='lat' dir='ltr'>ad</span> <span class='ocrx_word' id='word_1_419' title='bbox 3177 4389 3437 4456; x_wconf 88' lang='lat' dir='ltr'>initium</span> <span class='ocrx_word' id='word_1_420' title='bbox 3498 4388 3770 4477; x_wconf 86' lang='lat' dir='ltr'>quaesti·</span> <span class='ocrx_word' id='word_1_421' title='bbox 3800 4388 4132 4456; x_wconf 62' lang='lat' dir='ltr'>principali..</span> 
     </span>
     <span class='ocr_line' id='line_1_89' title="bbox 2235 4504 3773 4593; baseline -0.001 -21"><span class='ocrx_word' id='word_1_422' title='bbox 2235 4507 2404 4573; x_wconf 91' lang='lat' dir='ltr'>onis.</span> <span class='ocrx_word' id='word_1_423' title='bbox 2449 4507 2684 4574; x_wconf 85' lang='lat' dir='ltr'>Littera</span> <span class='ocrx_word' id='word_1_424' title='bbox 2723 4519 2824 4575; x_wconf 88' lang='lat' dir='ltr'>est</span> <span class='ocrx_word' id='word_1_425' title='bbox 2862 4508 3092 4593; x_wconf 81' lang='lat' dir='ltr'>plana3</span> <span class='ocrx_word' id='word_1_426' title='bbox 3130 4504 3208 4570; x_wconf 87' lang='lat' dir='ltr'>ad</span> <span class='ocrx_word' id='word_1_427' title='bbox 3243 4505 3549 4592; x_wconf 85' lang='lat' dir='ltr'>primum,</span> <span class='ocrx_word' id='word_1_428' title='bbox 3598 4516 3773 4592; x_wconf 85' lang='lat' dir='ltr'>patet</span> 
     </span>
     <span class='ocr_line' id='line_1_90' title="bbox 2235 4622 3779 4707; baseline -0.003 -16"><span class='ocrx_word' id='word_1_429' title='bbox 2235 4646 2317 4692; x_wconf 83' lang='lat' dir='ltr'>ex</span> <span class='ocrx_word' id='word_1_430' title='bbox 2363 4622 2578 4690; x_wconf 75' lang='lat' dir='ltr'>dictis.</span> <span class='ocrx_word' id='word_1_431' title='bbox 2651 4622 2745 4689; x_wconf 86' lang='lat' dir='ltr'>Ad</span> <span class='ocrx_word' id='word_1_432' title='bbox 2829 4623 3213 4701; x_wconf 84' lang='lat' dir='ltr'>secundum,</span> <span class='ocrx_word' id='word_1_433' title='bbox 3271 4622 3612 4707; x_wconf 88' lang='lat' dir='ltr'>responsio</span> <span class='ocrx_word' id='word_1_434' title='bbox 3678 4633 3779 4687; x_wconf 82' lang='lat' dir='ltr'>est</span> 
     </span>
     <span class='ocr_line' id='line_1_91' title="bbox 2236 4736 3777 4822; baseline -0.005 -14"><span class='ocrx_word' id='word_1_435' title='bbox 2236 4742 2431 4808; x_wconf 85' lang='lat' dir='ltr'>clara.</span> <span class='ocrx_word' id='word_1_436' title='bbox 2495 4743 2678 4806; x_wconf 88' lang='lat' dir='ltr'>Patet</span> <span class='ocrx_word' id='word_1_437' title='bbox 2715 4738 2794 4805; x_wconf 91' lang='lat' dir='ltr'>de</span> <span class='ocrx_word' id='word_1_438' title='bbox 2861 4741 2925 4805; x_wconf 91' lang='lat' dir='ltr'>S.</span> <span class='ocrx_word' id='word_1_439' title='bbox 2986 4741 3232 4805; x_wconf 80' lang='lat' dir='ltr'>Ioanne</span> <span class='ocrx_word' id='word_1_440' title='bbox 3298 4737 3610 4822; x_wconf 87' lang='lat' dir='ltr'>Baptista,</span> <span class='ocrx_word' id='word_1_441' title='bbox 3667 4736 3777 4822; x_wconf 87' lang='lat' dir='ltr'>qui</span> 
     </span>
     <span class='ocr_line' id='line_1_92' title="bbox 2236 4852 3781 4944; baseline -0.005 -20"><span class='ocrx_word' id='word_1_442' title='bbox 2236 4857 2377 4925; x_wconf 90' lang='lat' dir='ltr'>sive</span> <span class='ocrx_word' id='word_1_443' title='bbox 2415 4856 2773 4944; x_wconf 87' lang='lat' dir='ltr'>baptizatus</span> <span class='ocrx_word' id='word_1_444' title='bbox 2813 4853 3029 4938; x_wconf 81' lang='lat' dir='ltr'>fuerit,</span> <span class='ocrx_word' id='word_1_445' title='bbox 3069 4853 3211 4922; x_wconf 88' lang='lat' dir='ltr'>sive</span> <span class='ocrx_word' id='word_1_446' title='bbox 3253 4875 3406 4935; x_wconf 90' lang='lat' dir='ltr'>non,</span> <span class='ocrx_word' id='word_1_447' title='bbox 3452 4852 3781 4940; x_wconf 86' lang='lat' dir='ltr'>Baptismo</span> 
     </span>
     <span class='ocr_line' id='line_1_93' title="bbox 2237 4969 3781 5052; baseline -0.005 -13"><span class='ocrx_word' id='word_1_448' title='bbox 2237 4973 2501 5052; x_wconf 87' lang='lat' dir='ltr'>Christi,</span> <span class='ocrx_word' id='word_1_449' title='bbox 2557 4973 2782 5038; x_wconf 88' lang='lat' dir='ltr'>saltem</span> <span class='ocrx_word' id='word_1_450' title='bbox 2829 4970 3026 5036; x_wconf 86' lang='lat' dir='ltr'>vitam</span> <span class='ocrx_word' id='word_1_451' title='bbox 3077 4969 3560 5036; x_wconf 89' lang='lat' dir='ltr'>consummavit</span> <span class='ocrx_word' id='word_1_452' title='bbox 3610 4988 3781 5033; x_wconf 87' lang='lat' dir='ltr'>mar-</span> 
     </span>
     <span class='ocr_line' id='line_1_94' title="bbox 2237 5086 3784 5182; baseline -0.005 -26"><span class='ocrx_word' id='word_1_453' title='bbox 2237 5091 2431 5176; x_wconf 84' lang='lat' dir='ltr'>tyri0,</span> <span class='ocrx_word' id='word_1_454' title='bbox 2517 5100 2753 5177; x_wconf 73' lang='lat' dir='ltr'>prester</span> <span class='ocrx_word' id='word_1_455' title='bbox 2834 5086 2995 5153; x_wconf 87' lang='lat' dir='ltr'>alias</span> <span class='ocrx_word' id='word_1_456' title='bbox 3102 5086 3595 5182; x_wconf 69' lang='lat' dir='ltr'>praerogatiyas,</span> <span class='ocrx_word' id='word_1_457' title='bbox 3709 5103 3784 5149; x_wconf 89' lang='lat' dir='ltr'>ac</span> 
     </span>
     <span class='ocr_line' id='line_1_95' title="bbox 2239 5198 3780 5292; baseline -0.004 -21"><span class='ocrx_word' id='word_1_458' title='bbox 2239 5205 2509 5292; x_wconf 87' lang='lat' dir='ltr'>proinde</span> <span class='ocrx_word' id='word_1_459' title='bbox 2547 5203 2824 5272; x_wconf 85' lang='lat' dir='ltr'>decessit</span> <span class='ocrx_word' id='word_1_460' title='bbox 2864 5203 3005 5268; x_wconf 87' lang='lat' dir='ltr'>sine</span> <span class='ocrx_word' id='word_1_461' title='bbox 3045 5200 3176 5267; x_wconf 90' lang='lat' dir='ltr'>ullo</span> <span class='ocrx_word' id='word_1_462' title='bbox 3206 5214 3493 5287; x_wconf 75' lang='lat' dir='ltr'>peccam,</span> <span class='ocrx_word' id='word_1_463' title='bbox 3527 5211 3638 5266; x_wconf 88' lang='lat' dir='ltr'>aut</span> <span class='ocrx_word' id='word_1_464' title='bbox 3669 5198 3780 5266; x_wconf 91' lang='lat' dir='ltr'>de-</span> 
     </span>
     <span class='ocr_line' id='line_1_96' title="bbox 2239 5317 3771 5410; baseline -0.003 -21"><span class='ocrx_word' id='word_1_465' title='bbox 2239 5324 2370 5389; x_wconf 87' lang='lat' dir='ltr'>bito</span> <span class='ocrx_word' id='word_1_466' title='bbox 2403 5343 2638 5410; x_wconf 80' lang='lat' dir='ltr'>poenae,</span> <span class='ocrx_word' id='word_1_467' title='bbox 2668 5332 2738 5389; x_wconf 88' lang='lat' dir='ltr'>ut</span> <span class='ocrx_word' id='word_1_468' title='bbox 2777 5319 3088 5409; x_wconf 85' lang='lat' dir='ltr'>supponit</span> <span class='ocrx_word' id='word_1_469' title='bbox 3126 5317 3536 5405; x_wconf 87' lang='lat' dir='ltr'>Augustinus</span> <span class='ocrx_word' id='word_1_470' title='bbox 3578 5328 3771 5385; x_wconf 77' lang='lat' dir='ltr'>tract.</span> 
     </span>
     <span class='ocr_line' id='line_1_97' title="bbox 2237 5434 3768 5520; baseline -0.003 -13"><span class='ocrx_word' id='word_1_471' title='bbox 2237 5445 2345 5507; x_wconf 81' lang='lat'>84.</span> <span class='ocrx_word' id='word_1_472' title='bbox 2388 5442 2464 5506; x_wconf 84' lang='lat' dir='ltr'>in</span> <span class='ocrx_word' id='word_1_473' title='bbox 2499 5439 2820 5505; x_wconf 74' lang='lat' dir='ltr'>loannem</span> <span class='ocrx_word' id='word_1_474' title='bbox 2860 5448 2943 5516; x_wconf 79' lang='lat' dir='ltr'>cc,</span> <span class='ocrx_word' id='word_1_475' title='bbox 2993 5440 3098 5502; x_wconf 85' lang='lat'>13.</span> <span class='ocrx_word' id='word_1_476' title='bbox 3143 5434 3225 5501; x_wconf 84' lang='lat' dir='ltr'>de</span> <span class='ocrx_word' id='word_1_477' title='bbox 3262 5435 3444 5500; x_wconf 75' lang='lat' dir='ltr'>civit.</span> <span class='ocrx_word' id='word_1_478' title='bbox 3501 5456 3648 5520; x_wconf 84' lang='lat' dir='ltr'>cap.</span> <span class='ocrx_word' id='word_1_479' title='bbox 3704 5439 3768 5502; x_wconf 84' lang='lat'>7.</span> 
     </span>
    </p>
   </div>
   <div class='ocr_carea' id='block_1_27' title="bbox 2235 5520 4111 5645">
    <p class='ocr_par' dir='ltr' id='par_1_29' title="bbox 2235 5520 4111 5645">
     <span class='ocr_line' id='line_1_98' title="bbox 2235 5520 4111 5645; baseline 0 -19"><span class='ocrx_word' id='word_1_480' title='bbox 2235 5561 2531 5628; x_wconf 86' lang='lat' dir='ltr'>Clemens</span> <span class='ocrx_word' id='word_1_481' title='bbox 2572 5561 2684 5626; x_wconf 84' lang='lat' dir='ltr'>lib.</span> <span class='ocrx_word' id='word_1_482' title='bbox 2722 5563 2784 5625; x_wconf 77' lang='lat'>5.</span> <span class='ocrx_word' id='word_1_483' title='bbox 2822 5559 3160 5625; x_wconf 64' lang='lat' dir='ltr'>constitut.</span> <span class='ocrx_word' id='word_1_484' title='bbox 3205 5578 3349 5645; x_wconf 83' lang='lat' dir='ltr'>cap.</span> <span class='ocrx_word' id='word_1_485' title='bbox 3407 5560 3470 5623; x_wconf 84' lang='lat'>7.</span> <span class='ocrx_word' id='word_1_486' title='bbox 3505 5555 3771 5645; x_wconf 80' lang='lat' dir='ltr'>Cypria·</span> <span class='ocrx_word' id='word_1_487' title='bbox 3827 5520 4111 5639; x_wconf 49' lang='lat' dir='ltr'>hssffutffug</span> 
     </span>
    </p>
   </div>
  </div>
 </body>
</html>
