4287 6313
1683 330 1861 397 uls'l‘
1892 335 1936 395 1.
1986 327 2347 408 QUAEsTlo
2409 328 2484 393 V.

519 502 630 561 tur
661 493 834 581 quod
866 495 1041 562 illud
1068 517 1192 583 quo
1222 495 1571 562 meritorie
1592 498 1755 583 ayit,
1784 497 1869 560 sit
1917 496 2061 580 for-

514 632 623 677 ma
673 615 851 699 ejus,·
904 613 1025 681 hoc
1072 625 1291 682 autem
1343 635 1468 702 quo
1523 613 1864 678 meritorie
1894 613 2055 698 aqit,

515 748 649 792 non
664 737 873 813 potest
911 750 1045 794 csse
1069 751 1247 815 pura
1277 741 1546 809 natura,
1586 730 1747 815 quia
1791 737 1944 792 tanc
1982 747 2069 791 ea>

515 841 676 906 solis
712 845 1132 910 natural-ibus
1183 857 1400 932 posset
1447 844 1793 909 merito-ric
1835 861 2053 928 aqcre,

519 958 692 1043 quod
727 959 991 1025 videtur
1026 983 1218 1027 error
1249 962 1558 1048 Pelaqii,·
1600 960 1813 1047 iyilur
1853 958 2072 1044 requi-

518 1074 696 1140 ritur
733 1075 998 1162 aliquid
1037 1078 1577 1163 supernaturale,
1625 1086 1756 1142 etc.
1822 1073 2069 1149 Quibus

517 1190 738 1258 verbis
781 1193 1093 1280 supponit
1149 1215 1465 1273 errorem,
1531 1213 1723 1280 quem
1767 1188 2071 1275 Pelagius

518 1308 737 1375 docuit
793 1309 873 1376 de
910 1310 1165 1377 viribus
1222 1310 1435 1377 liberii
1494 1308 1769 1387 arbitrii,
1817 1319 1879 1373 et
1924 1317 2069 1373 actu

517 1424 687 1490 bono
715 1446 832 1493 seu
865 1426 1309 1507 meritori0,ad
1339 1447 1530 1514 quem
1563 1424 1725 1490 nihil
1762 1423 1912 1489 facit
1937 1443 2071 1488 mo-

517 1539 642 1608 dus
684 1541 1080 1629 producendi
1121 1543 1425 1629 gratiam,
1471 1542 1612 1608 sive
1673 1561 1786 1627 per
1843 1539 2074 1607 creati-

526 1678 742 1735 onem,
789 1658 928 1725 sive
969 1679 1083 1745 per
1112 1658 1521 1726 eductionem
1556 1678 1638 1723 ex
1676 1656 1994 1743 subJecto.

620 1772 799 1850 Quod
857 1787 1072 1841 autem
1132 1773 1395 1861 quidam
1439 1774 1638 1838 verba
1688 1773 2068 1858 Scriptum,

534 1890 601 1956 in
640 1889 878 1978 quibus
906 1890 1114 1977 gratia
1155 1889 1391 1956 dicitur
1432 1888 1686 1954 infundi
1732 1899 1794 1954 et
1834 1885 2067 1971 creari,

532 2006 816 2073 referant
872 2005 947 2072 ad
1006 2007 1399 2074 creationem
1472 2006 1618 2093 ejus
1658 2004 2069 2090 simpliciter,

534 2142 663 2187 non
746 2122 831 2189 ita
892 2122 1171 2210 intelligi
1244 2122 1506 2201 debent,
1589 2120 1777 2208 quasi
1843 2118 2074 2185 similis

532 2239 737 2305 forma
774 2239 1124 2307 verborum
1177 2260 1306 2304 non
1337 2237 1846 2325 comprehendat
1877 2235 2072 2303 etiam

528 2368 709 2421 actus
786 2354 1346 2442 supernaturaleS,
1400 2354 1509 2441 qui
1579 2352 1946 2420 educuntur
1993 2372 2074 2416 ex

525 2472 812 2560 potentia
873 2471 1174 2560 subjecti,
1249 2470 1361 2537 sed
1435 2470 1645 2556 magis
1711 2454 2072 2536 secundum

520 2587 889 2675 subjectam
925 2587 1285 2666 materiam,
1321 2598 1391 2653 ut
1423 2586 1485 2652 id
1519 2586 1584 2651 in
1617 2585 1837 2671 rigore
1875 2586 2073 2653 intel-

523 2702 639 2789 ligi
672 2701 904 2771 debeat
936 2705 1015 2770 de
1044 2702 1253 2790 gratia
1287 2701 1625 2768 habituali.
1665 2705 1753 2767 De
1783 2701 1929 2767 aliis
1962 2723 2074 2767 ve-

524 2839 596 2883 ro
637 2830 959 2905 quatenus
994 2817 1261 2904 speciali
1302 2817 1411 2884 Dei
1452 2815 1621 2883 dono
1674 2815 1838 2882 fiunt
1871 2828 1935 2883 et
1968 2838 2073 2883 re-

524 2935 849 3001 ducuntur
888 2935 965 3001 ad
1015 2934 1316 3022 gratiam,
1353 2932 1459 2999 vel
1492 2944 1664 3012 actu,
1703 2932 1808 2999 vel
1850 2944 2074 3019 poten-

526 3054 639 3133 tia,
691 3053 796 3120 vel
838 3053 1203 3120 secundum
1243 3052 1697 3133 directionem,
1762 3049 1956 3117 finem
2011 3063 2077 3118 et

532 3171 909 3258 imperium,
966 3170 1333 3237 denotando
1383 3170 1835 3258 impotentiam
1885 3169 2075 3236 liberi

529 3288 807 3367 arbitrii,
860 3299 931 3354 ut
974 3286 1339 3354 denudatur
1370 3287 1609 3373 gratia,
1662 3284 1766 3352 vel
1816 3284 2078 3351 auxiliis

530 3404 1101 3492 aequivalentibus,
1193 3403 1434 3491 quibus
1518 3402 1858 3488 suppletur
1936 3403 2079 3488 ejus

530 3520 859 3589 activitas.
914 3520 1123 3608 Magis
1176 3519 1350 3586 enim
1399 3519 1707 3585 convenit
1754 3518 2080 3604 interpre-

528 3637 648 3704 tari
682 3642 985 3704 Doctores
1015 3657 1097 3702 ex
1127 3636 1265 3702 suis
1296 3633 1639 3722 principiis
1670 3633 1853 3712 alibi,
1882 3653 2080 3721 quam

532 3764 756 3821 notare
785 3752 864 3820 de
902 3751 1185 3821 absurda
1224 3749 1652 3837 intelligentia
1694 3750 2078 3835 Scripturas,

531 3889 728 3957 quam
776 3868 903 3956 ipsi
939 3889 1066 3934 non
1116 3867 1560 3945 admitterent,
1599 3865 1782 3952 quasi
1836 3865 2079 3950 infusi-

535 3990 702 4066 οηὶε,
749 3999 861 4054 aut
892 3987 1253 4053 creationis
1303 3980 1691 4051 vocabulum
1743 3982 2086 4049 universa-

539 4105 687 4171 liter
732 4103 812 4170 de
861 4102 1188 4171 creatione
1242 4102 1309 4167 in
1361 4101 1580 4188 rigore
1616 4099 1789 4166 dicta
1850 4096 2085 4164 intelli-

542 4233 806 4310 gantur.

288 4375 388 4427 53,
636 4342 962 4415 Quantum
1029 4347 1244 4403 autem
1318 4333 1394 4401 ad
1443 4332 1951 4400 controversiam
2020 4330 2087 4396 in

184 4439 497 4568 {³3⁰3ae
551 4477 647 4535 se,
693 4467 921 4521 neutra
958 4452 1179 4539 opinio
1220 4472 1300 4517 ex
1351 4450 1680 4536 Scriptura
1739 4461 1851 4515 aut
1939 4446 2089 4512 rati·

149 4564 521 4617 affirmativa.
553 4594 678 4640 one
725 4568 1027 4638 convinci
1083 4579 1316 4655 potest,
1372 4588 1516 4632 meo
1549 4565 1828 4652 judicio,
1890 4568 2093 4630 Caete-

554 4708 696 4755 rum
746 4684 1113 4752 communis
1168 4682 1717 4750 Scholasticorum
1769 4679 2094 4746 sententia

554 4807 617 4870 in
659 4824 729 4869 re
756 4802 1032 4868 obscura
1070 4809 1134 4866 et
1183 4799 1491 4885 ambigua
1523 4795 1928 4883 praeferenda
1969 4807 2091 4874 est,

554 4919 662 4986 ubi
705 4917 869 4984 nihil
902 4916 969 4983 in
1010 4915 1382 5003 oppositum
1425 4925 1639 5000 urget.
1679 4915 1754 4978 Et
1786 4911 2097 4979 suadetur

559 5035 767 5123 primo
804 5053 819 5096 ι
853 5031 1059 5119 gratia
1103 5043 1202 5097 est
1249 5030 1455 5096 forma
1493 5028 1741 5095 ordinis
1784 5049 2098 5115 superna-

557 5149 785 5218 turalis
844 5146 1250 5233 simpliciter,
1308 5148 1385 5212 ad
1435 5165 1628 5232 quam
1664 5143 1824 5209 nihil
1871 5144 1932 5209 in
1990 5165 2098 5210 na-

554 5281 697 5333 tura
755 5263 1046 5351 disponit
1104 5283 1218 5348 per
1266 5283 1334 5327 se
1395 5283 1468 5327 ex
1536 5274 1768 5327 natura
1818 5261 1934 5342 rei,
1987 5282 2101 5328 ne-

559 5383 701 5471 quit
765 5382 961 5448 etiam
1041 5378 1272 5465 attingi
1333 5378 1578 5445 virtute
1644 5399 1861 5444 causae
1927 5399 2102 5445 crea-

568 5510 650 5564 tae
699 5495 984 5585 propria,
1048 5504 1243 5581 atque
1313 5513 1349 5559 a
1396 5497 1522 5559 Deo
1573 5493 1711 5559 solo
1759 5492 1855 5571 fit,
1905 5504 1973 5559 ut
2025 5516 2106 5560 ex

698 5611 850 5666 Tom.
881 5608 1026 5661 xvl.

244 947 408 995 Error

217 1008 410 1075 Pelagii
421 1045 437 1060 .

228 1794 437 1849 Insundi

257 1923 427 1975 oeeari

215 1989 437 2054 gratiam
456 2017 472 2041 ‚

198 2048 451 2117 quomodo

193 2114 477 2175 intellegen-

257 2178 404 2225 dum.

3613 330 3723 425 177

2179 494 2478 560 Patribus
2535 493 2697 560 infra
2763 491 3296 571 confirmabitur3
3360 513 3519 579 ergo
3594 514 3709 580 per

2177 609 2499 676 actionem
2554 608 2881 696 propriam
2952 609 3063 676 Dei
3135 608 3555 696 producitur;
3601 607 3711 674 illa

2179 737 2395 790 autem
2475 735 2575 791 est
2641 724 2905 804 creatiO,
2980 734 3153 812 patet
3229 723 3720 810 consequentia,

2182 840 2334 927 quia
2389 840 2462 907 fit
2529 862 2564 906 a
2641 845 2795 922 De0,
2866 854 2937 908 ut
3000 854 3266 908 auctore
3329 838 3714 927 simpliciter

2182 957 2705 1041 supernaturali;
2787 979 2945 1046 ergo
3015 957 3157 1024 sine
3215 977 3537 1024 concursu
3602 954 3726 1022 ali-

2183 1074 2371 1161 cujus
2408 1088 2759 1142 creaturae.

2272 1191 2458 1257 Dices
2500 1213 2645 1258 esse
2674 1191 2994 1273 accidens,
3043 1212 3117 1258 ae
3165 1190 3432 1278 proinde
3474 1191 3726 1277 potuis·
3764 1202 4067 1267 Responsio.

2184 1326 2254 1372 se
2284 1306 2470 1372 educi
2513 1308 2592 1374 de
2652 1308 2935 1394 potentia
2975 1308 3276 1396 subjecti,
3331 1328 3542 1394 neque
3570 1327 3731 1373 con-

2185 1430 2354 1484 stare
2401 1419 2488 1485 ita
2538 1439 2665 1485 non
2709 1419 2871 1500 fieri,
2928 1421 3058 1485 imo
3108 1419 3317 1506 magis
3365 1440 3731 1507 congruum

2185 1554 2357 1613 esse,
2412 1544 2482 1600 ut
2548 1534 2859 1601 educatur
2924 1533 3003 1601 de
3064 1534 3355 1624 potentia
3422 1534 3724 1623 subjecti,

2191 1650 2341 1737 quia
2382 1651 2477 1716 sic
2517 1651 2729 1737 magis
2760 1660 3059 1718 servatur
3091 1650 3320 1717 modus
3349 1661 3730 1717 connatura-

2185 1772 2265 1839 lis
2323 1773 2719 1859 producendi
2780 1774 3012 1860 ipsam,
3076 1787 3139 1840 et
3188 1774 3418 1840 modus
3465 1773 3728 1840 ordina-

2191 1889 2324 1955 rius
2381 1889 2644 1975 agendi,
2691 1911 2884 1977 quem
2955 1894 3125 1957 Deus
3166 1900 3412 1957 servat.
3467 1893 3724 1970 Contra,
3784 1906 4049 1970 Impugna-

2186 2006 2335 2072 licet
2388 2006 2474 2071 ita
2518 2005 2654 2071 fieri
2710 2006 2916 2092 possit
2947 2007 3262 2086 absolute,
3309 2018 3524 2074 tamen
3574 2026 3729 2072 con·
3868 1975 3970 2019 ‘ur'

2187 2123 2458 2189 trarium
2501 2123 2698 2210 hujus
2728 2122 2964 2189 docent
2994 2127 3299 2190 Doctores
3329 2147 3344 2203 ;
3393 2144 3603 2211 neque
3635 2143 3732 2189 ra-

2186 2238 2281 2304 tio
2371 2237 2478 2304 illa
2554 2238 2910 2305 accidentis
2987 2239 3051 2304 id
3136 2239 3491 2319 convincit,
3582 2237 3734 2325 quia

2193 2354 2443 2440 species
2483 2353 2883 2440 Angelorum
2939 2356 3201 2421 fuerunt
3232 2355 3392 2442 ipsis
3424 2374 3733 2421 concrea-

2187 2482 2296 2549 tae,
2325 2469 2580 2558 justitia
2619 2470 2961 2558 originalis
3002 2471 3122 2538 fuit
3152 2484 3487 2538 concreata
3524 2472 3738 2559 primo
3764 2484 4068 2540 Accidentia

2189 2586 2462 2665 homini,
2508 2597 2572 2652 et
2612 2586 2905 2675 utrisque
2935 2599 3066 2653 tam
3098 2587 3347 2653 homini
3378 2607 3572 2675 quam
3604 2591 3737 2653 An·
3825 2555 4015 2602 creata.

2187 2700 2356 2788 ge10,
2403 2701 2525 2767 suit
2565 2715 2906 2769 concreata
2966 2703 3200 2790 gratia,
3253 2703 3412 2789 quin
3462 2714 3524 2769 et
3569 2703 3738 2769 bona

2185 2817 2508 2898 voluntaS,
2548 2830 2617 2885 ut
2659 2818 3070 2904 interpretari
3105 2817 3257 2886 licet
3289 2839 3368 2884 ex
3420 2819 3737 2905 Augusti-

2187 2953 2294 3014 no,
2328 2934 2531 3000 variis
2566 2934 2629 2998 in
2674 2935 2856 3013 locis,
2893 2937 3003 3022 qui
3039 2935 3218 3016 dicit,
3266 2939 3469 3002 Deum
3519 2956 3740 3002 creas-

2187 3060 2418 3115 setam
2452 3050 2733 3136 primum
2767 3052 3101 3118 hominem
3179 3071 3375 3139 quam
3412 3049 3738 3139 Angelum

2189 3167 2252 3232 in
2305 3167 2471 3233 bona
2539 3168 2897 3247 voluntate,
2976 3179 3040 3234 et
3107 3180 3319 3236 rectos
3382 3168 3743 3236 secundum

2189 3282 2585 3350 intellectum
2665 3296 2728 3351 et
2787 3285 3234 3365 voluntatem;
3296 3306 3452 3372 ergo
3521 3305 3740 3372 neque

2190 3399 2351 3464 ratio
2381 3398 2758 3480 accidentiS,
2806 3421 3013 3488 neque
3054 3403 3251 3469 etiam
3293 3401 3526 3468 modus
3577 3401 3749 3467 ordi-

2192 3515 2414 3581 narius
2457 3514 2854 3602 producendi
2904 3516 3066 3584 alias
3124 3518 3366 3585 formas
3419 3517 3751 3584 convincit

2193 3634 2495 3719 gratiam,
2532 3647 2594 3701 et
2624 3655 3105 3723 quamcumque
3141 3637 3417 3702 sormam
3450 3635 3746 3703 acciden-

2193 3750 2386 3815 talem
2465 3749 2648 3817 educi
2716 3752 2795 3818 de
2842 3752 3129 3838 potentia
3185 3752 3502 3842 subjecti;
3575 3752 3747 3819 idem

2196 3866 2323 3932 dici
2366 3879 2577 3954 potest
2615 3868 2693 3935 de
2725 3868 2975 3935 lumine
3003 3868 3256 3955 gloriae,
3312 3883 3375 3935 et
3415 3868 3495 3937 de
3548 3867 3749 3934 lumi-

2200 4004 2281 4050 ne
2314 3984 2720 4071 prophetico,

2287 4100 2721 4169 Confirmatur
2761 4114 2976 4170 autem
3027 4103 3151 4169 hoc
3201 4103 3278 4169 de
3318 4103 3551 4191 gratiae
3594 4123 3747 4189 pro·
3901 4106 3963 4158 64

3795 4144 4074 4221 Confirina-

2199 4215 2504 4283 ductione
2564 4238 2645 4283 ex
2712 4218 2976 4304 speciali
3055 4220 3330 4298 ratione,
3383 4230 3460 4285 ‘et
3508 4238 3747 4285 secun·
3903 4232 3977 4281 tio

2200 4331 2354 4399 dum
2404 4332 2618 4418 legem
2660 4334 3081 4414 ordinariam,
3136 4336 3288 4422 quia
3335 4333 3748 4401 conservatio
3795 4310 4088 4420 congemen-

2202 4448 2432 4535 gratiae
2465 4450 2757 4537 subjecta
2788 4462 2886 4516 est
2916 4450 3121 4517 libero
3151 4451 3444 4532 arbitri0,
3473 4451 3750 4538 ejusque
3840 4427 4038 4531 <32⁸3ae

2207 4565 2435 4631 merito
2473 4577 2584 4631 aut
2613 4565 2964 4644 demerito;
3020 4587 3178 4652 ergo
3221 4566 3415 4632 etiam
3449 4567 3596 4653 ejus
3653 4566 3750 4633 in·
3788 4541 4104 4655 consgxgvatio

2205 4680 2416 4765 ceptio
2454 4679 2644 4746 debet
2675 4702 2821 4746 esse
2853 4702 2967 4768 per
3007 4682 3425 4762 creationem,
3462 4681 3610 4770 quia
3672 4683 3750 4749 de
3854 4667 4053 4719 desitio.

2205 4797 2352 4882 lege
2395 4796 2723 4862 ordinaria
2771 4797 3049 4884 inceptio
3088 4809 3151 4864 et
3205 4798 3438 4865 desitio
3479 4799 3571 4866 rei
3604 4820 3756 4886 pro—

2208 4914 2686 5001 portionantur.

2296 5030 2477 5104 Quod
2525 5051 2680 5097 vero
2720 5029 2952 5096 desitio
2984 5032 3125 5118 ejus
3164 5032 3248 5098 sit
3282 5053 3397 5119 per
3436 5032 3763 5100 annihila·
3812 5025 4095 5137 Denssgito-

2210 5146 2479 5224 tionem,
2517 5158 2615 5212 est
2655 5147 2949 5212 omnium
3007 5161 3324 5235 quotquot
3353 5149 3582 5215 dicunt
3623 5172 3768 5236 pec·
3830 5151 4075 5216 perditur.

2214 5274 2453 5341 catum,
2510 5274 2574 5328 et
2621 5263 2898 5349 gratiam
2958 5264 3288 5332 moraliter
3358 5278 3641 5348 tantum,
3704 5279 3766 5332 et

2218 5399 2347 5443 non
2378 5398 2459 5444 ex
2494 5388 2722 5444 natura
2753 5378 2844 5444 rei
2876 5380 3136 5466 opponi,
3187 5402 3336 5467 quoe
3366 5392 3466 5447 est
3496 5391 3765 5447 senten-

2219 5494 2306 5561 tia
2366 5505 2610 5562 nostrae
2678 5494 2920 5562 scholae
2979 5505 3042 5561 et
3099 5496 3388 5585 plurium
3455 5496 3765 5574 aliorum,

3579 5608 3639 5662 12
