<?xml version="1.0" encoding="UTF-8"?>
<!DOCTYPE html PUBLIC "-//W3C//DTD XHTML 1.0 Transitional//EN"
    "http://www.w3.org/TR/xhtml1/DTD/xhtml1-transitional.dtd">
<html xmlns="http://www.w3.org/1999/xhtml" xml:lang="en" lang="en">
 <head>
  <title>
</title>
<meta http-equiv="Content-Type" content="text/html;charset=utf-8" />
  <meta name='ocr-system' content='tesseract 3.04.00' />
  <meta name='ocr-capabilities' content='ocr_page ocr_carea ocr_par ocr_line ocrx_word'/>
</head>
<body>
  <div class='ocr_page' id='page_1' title='image "./joannisdunsscot01waddgoog_0208.png"; bbox 0 0 4287 6313; ppageno 0'>
   <div class='ocr_carea' id='block_1_1' title="bbox 564 329 690 427">
    <p class='ocr_par' dir='ltr' id='par_1_1' title="bbox 564 329 690 427">
     <span class='ocr_line' id='line_1_1' title="bbox 564 329 690 427; baseline 0.008 -34"><span class='ocrx_word' id='word_1_1' title='bbox 564 329 603 427; x_wconf 61' lang='lat'>„¹</span> <span class='ocrx_word' id='word_1_2' title='bbox 613 331 690 394; x_wconf 83' lang='lat'>92</span> 
     </span>
    </p>
   </div>
   <div class='ocr_carea' id='block_1_2' title="bbox 572 496 2135 1049">
    <p class='ocr_par' dir='ltr' id='par_1_2' title="bbox 572 496 2135 1049">
     <span class='ocr_line' id='line_1_2' title="bbox 575 496 2128 589; baseline 0.003 -28"><span class='ocrx_word' id='word_1_3' title='bbox 575 505 674 563; x_wconf 90' lang='lat' dir='ltr'>tes</span> <span class='ocrx_word' id='word_1_4' title='bbox 705 496 998 566; x_wconf 89' lang='lat' dir='ltr'>eamdem</span> <span class='ocrx_word' id='word_1_5' title='bbox 1039 499 1119 567; x_wconf 88' lang='lat' dir='ltr'>ab</span> <span class='ocrx_word' id='word_1_6' title='bbox 1159 521 1348 589; x_wconf 85' lang='lat' dir='ltr'>aqua,</span> <span class='ocrx_word' id='word_1_7' title='bbox 1419 510 1482 569; x_wconf 92' lang='lat' dir='ltr'>et</span> <span class='ocrx_word' id='word_1_8' title='bbox 1541 502 1903 569; x_wconf 76' lang='lat' dir='ltr'>tribuentes</span> <span class='ocrx_word' id='word_1_9' title='bbox 1986 521 2128 569; x_wconf 90' lang='lat' dir='ltr'>eam</span> 
     </span>
     <span class='ocr_line' id='line_1_3' title="bbox 572 612 2127 705; baseline 0.004 -27"><span class='ocrx_word' id='word_1_10' title='bbox 572 612 691 678; x_wconf 91' lang='lat' dir='ltr'>soli</span> <span class='ocrx_word' id='word_1_11' title='bbox 745 612 1042 700; x_wconf 86' lang='lat' dir='ltr'>Spiritui,</span> <span class='ocrx_word' id='word_1_12' title='bbox 1079 616 1251 704; x_wconf 92' lang='lat' dir='ltr'>quod</span> <span class='ocrx_word' id='word_1_13' title='bbox 1283 617 1554 704; x_wconf 86' lang='lat' dir='ltr'>physice</span> <span class='ocrx_word' id='word_1_14' title='bbox 1584 617 1860 705; x_wconf 80' lang='lat' dir='ltr'>intelligi</span> <span class='ocrx_word' id='word_1_15' title='bbox 1893 617 2083 684; x_wconf 89' lang='lat' dir='ltr'>debet</span> <span class='ocrx_word' id='word_1_16' title='bbox 2112 640 2127 697; x_wconf 91' lang='grc'><strong>;</strong></span> 
     </span>
     <span class='ocr_line' id='line_1_4' title="bbox 573 729 2135 822; baseline 0.003 -28"><span class='ocrx_word' id='word_1_17' title='bbox 573 729 668 795; x_wconf 91' lang='lat' dir='ltr'>sic</span> <span class='ocrx_word' id='word_1_18' title='bbox 706 731 900 798; x_wconf 89' lang='lat' dir='ltr'>etiam</span> <span class='ocrx_word' id='word_1_19' title='bbox 933 732 1293 821; x_wconf 89' lang='lat' dir='ltr'>loquuntur</span> <span class='ocrx_word' id='word_1_20' title='bbox 1325 734 1405 801; x_wconf 89' lang='lat' dir='ltr'>de</span> <span class='ocrx_word' id='word_1_21' title='bbox 1442 736 1751 822; x_wconf 80' lang='lat' dir='ltr'>operibus</span> <span class='ocrx_word' id='word_1_22' title='bbox 1783 735 2135 802; x_wconf 86' lang='lat' dir='ltr'>miraculo-</span> 
     </span>
     <span class='ocr_line' id='line_1_5' title="bbox 576 846 2134 940; baseline 0.002 -27"><span class='ocrx_word' id='word_1_23' title='bbox 576 846 695 929; x_wconf 77' lang='lat' dir='ltr'>siS,</span> <span class='ocrx_word' id='word_1_24' title='bbox 750 858 818 913; x_wconf 91' lang='lat' dir='ltr'>ut</span> <span class='ocrx_word' id='word_1_25' title='bbox 862 849 1220 934; x_wconf 89' lang='lat' dir='ltr'>procedunt</span> <span class='ocrx_word' id='word_1_26' title='bbox 1280 871 1315 916; x_wconf 87' lang='lat' dir='ltr'>a</span> <span class='ocrx_word' id='word_1_27' title='bbox 1376 852 1654 934; x_wconf 79' lang='lat' dir='ltr'>SanctiS,</span> <span class='ocrx_word' id='word_1_28' title='bbox 1700 853 1939 940; x_wconf 89' lang='lat' dir='ltr'>quibus</span> <span class='ocrx_word' id='word_1_29' title='bbox 1999 865 2134 923; x_wconf 83' lang='lat' dir='ltr'>tan·</span> 
     </span>
     <span class='ocr_line' id='line_1_6' title="bbox 577 965 2133 1049; baseline 0.004 -20"><span class='ocrx_word' id='word_1_30' title='bbox 577 974 719 1030; x_wconf 88' lang='lat' dir='ltr'>tum</span> <span class='ocrx_word' id='word_1_31' title='bbox 778 965 1162 1033; x_wconf 89' lang='lat' dir='ltr'>adscribunt</span> <span class='ocrx_word' id='word_1_32' title='bbox 1218 967 1438 1049; x_wconf 90' lang='lat' dir='ltr'>fidem,</span> <span class='ocrx_word' id='word_1_33' title='bbox 1502 970 1856 1037; x_wconf 86' lang='lat' dir='ltr'>orationem</span> <span class='ocrx_word' id='word_1_34' title='bbox 1903 983 1966 1036; x_wconf 92' lang='lat' dir='ltr'>et</span> <span class='ocrx_word' id='word_1_35' title='bbox 2014 970 2133 1036; x_wconf 90' lang='lat' dir='ltr'>im-</span> 
     </span>
    </p>
   </div>
   <div class='ocr_carea' id='block_1_3' title="bbox 581 1081 2136 1284">
    <p class='ocr_par' dir='ltr' id='par_1_3' title="bbox 581 1081 2136 1284">
     <span class='ocr_line' id='line_1_7' title="bbox 581 1081 2136 1175; baseline 0.005 -28"><span class='ocrx_word' id='word_1_36' title='bbox 581 1081 1036 1167; x_wconf 88' lang='lat' dir='ltr'>petrationem,</span> <span class='ocrx_word' id='word_1_37' title='bbox 1128 1096 1193 1151; x_wconf 88' lang='lat' dir='ltr'>et</span> <span class='ocrx_word' id='word_1_38' title='bbox 1280 1086 1400 1152; x_wconf 92' lang='lat' dir='ltr'>soli</span> <span class='ocrx_word' id='word_1_39' title='bbox 1479 1090 1606 1155; x_wconf 89' lang='lat' dir='ltr'>Deo</span> <span class='ocrx_word' id='word_1_40' title='bbox 1690 1089 2136 1175; x_wconf 75' lang='lat' dir='ltr'>operationem</span> 
     </span>
     <span class='ocr_line' id='line_1_8' title="bbox 582 1198 1282 1284; baseline 0.009 -22"><span class='ocrx_word' id='word_1_41' title='bbox 582 1198 922 1284; x_wconf 84' lang='lat' dir='ltr'>physicam</span> <span class='ocrx_word' id='word_1_42' title='bbox 964 1200 1282 1269; x_wconf 82' lang='lat' dir='ltr'>miraculi.</span> 
     </span>
    </p>
   </div>
   <div class='ocr_carea' id='block_1_4' title="bbox 240 1311 2138 1522">
    <p class='ocr_par' dir='ltr' id='par_1_4' title="bbox 240 1311 2138 1522">
     <span class='ocr_line' id='line_1_9' title="bbox 240 1311 2134 1440; baseline 0.005 -61"><span class='ocrx_word' id='word_1_43' title='bbox 240 1393 289 1440; x_wconf 73' lang='lat' dir='ltr'>R</span> <span class='ocrx_word' id='word_1_44' title='bbox 354 1329 438 1380; x_wconf 51' lang='lat'>85».</span> <span class='ocrx_word' id='word_1_45' title='bbox 474 1389 484 1401; x_wconf 44' lang='grc'><em>,</em></span> <span class='ocrx_word' id='word_1_46' title='bbox 675 1311 860 1380; x_wconf 87' lang='lat' dir='ltr'>Dices</span> <span class='ocrx_word' id='word_1_47' title='bbox 898 1315 1023 1382; x_wconf 90' lang='lat' dir='ltr'>hoc</span> <span class='ocrx_word' id='word_1_48' title='bbox 1077 1333 1538 1405; x_wconf 78' lang='lat' dir='ltr'>argumentum</span> <span class='ocrx_word' id='word_1_49' title='bbox 1574 1320 1800 1388; x_wconf 88' lang='lat' dir='ltr'>tollere</span> <span class='ocrx_word' id='word_1_50' title='bbox 1831 1343 1867 1389; x_wconf 91' lang='lat' dir='ltr'>a</span> <span class='ocrx_word' id='word_1_51' title='bbox 1905 1322 2134 1389; x_wconf 90' lang='lat' dir='ltr'>Sacra-</span> 
     </span>
     <span class='ocr_line' id='line_1_10' title="bbox 267 1404 2138 1522; baseline 0.006 -30"><span class='ocrx_word' id='word_1_52' title='bbox 267 1404 543 1521; x_wconf 44' lang='lat' dir='ltr'>1533ssssss</span> <span class='ocrx_word' id='word_1_53' title='bbox 588 1429 826 1496; x_wconf 85' lang='lat' dir='ltr'>mentis</span> <span class='ocrx_word' id='word_1_54' title='bbox 868 1433 1060 1499; x_wconf 91' lang='lat' dir='ltr'>etiam</span> <span class='ocrx_word' id='word_1_55' title='bbox 1094 1432 1448 1503; x_wconf 81' lang='lat' dir='ltr'>efficaciam</span> <span class='ocrx_word' id='word_1_56' title='bbox 1484 1438 1819 1522; x_wconf 87' lang='lat' dir='ltr'>moralem,</span> <span class='ocrx_word' id='word_1_57' title='bbox 1857 1449 1921 1504; x_wconf 91' lang='lat' dir='ltr'>et</span> <span class='ocrx_word' id='word_1_58' title='bbox 1961 1438 2138 1504; x_wconf 80' lang='lat' dir='ltr'>fave-</span> 
     </span>
    </p>
   </div>
   <div class='ocr_carea' id='block_1_5' title="bbox 288 1521 2137 1641">
    <p class='ocr_par' dir='ltr' id='par_1_5' title="bbox 288 1521 2137 1641">
     <span class='ocr_line' id='line_1_11' title="bbox 288 1521 2137 1641; baseline 0.004 -29"><span class='ocrx_word' id='word_1_59' title='bbox 288 1521 527 1631; x_wconf 51' lang='lat' dir='ltr'><strong>Eftfflffi</strong></span> <span class='ocrx_word' id='word_1_60' title='bbox 588 1565 659 1609; x_wconf 92' lang='lat' dir='ltr'>re</span> <span class='ocrx_word' id='word_1_61' title='bbox 688 1546 1041 1617; x_wconf 81' lang='lat' dir='ltr'>haereticiS.</span> <span class='ocrx_word' id='word_1_62' title='bbox 1090 1554 1348 1631; x_wconf 87' lang='lat' dir='ltr'>Contra,</span> <span class='ocrx_word' id='word_1_63' title='bbox 1396 1553 1548 1641; x_wconf 88' lang='lat' dir='ltr'>quia</span> <span class='ocrx_word' id='word_1_64' title='bbox 1582 1554 1746 1620; x_wconf 90' lang='lat' dir='ltr'>hanc</span> <span class='ocrx_word' id='word_1_65' title='bbox 1778 1553 1986 1640; x_wconf 90' lang='lat' dir='ltr'>ipsam</span> <span class='ocrx_word' id='word_1_66' title='bbox 2029 1553 2137 1620; x_wconf 89' lang='lat' dir='ltr'>de-</span> 
     </span>
    </p>
   </div>
   <div class='ocr_carea' id='block_1_6' title="bbox 268 1646 2160 3975">
    <p class='ocr_par' dir='ltr' id='par_1_6' title="bbox 268 1646 2152 3484">
     <span class='ocr_line' id='line_1_12' title="bbox 268 1646 2140 1756; baseline 0.007 -33"><span class='ocrx_word' id='word_1_67' title='bbox 268 1646 567 1755; x_wconf 46' lang='lat' dir='ltr'>Sacziaeiapxen·</span> <span class='ocrx_word' id='word_1_68' title='bbox 591 1672 815 1728; x_wconf 89' lang='lat' dir='ltr'>notant</span> <span class='ocrx_word' id='word_1_69' title='bbox 864 1665 1083 1731; x_wconf 87' lang='lat' dir='ltr'>Sancti</span> <span class='ocrx_word' id='word_1_70' title='bbox 1135 1665 1293 1734; x_wconf 88' lang='lat' dir='ltr'>locis</span> <span class='ocrx_word' id='word_1_71' title='bbox 1345 1669 1658 1756; x_wconf 78' lang='lat' dir='ltr'>praefatiS,</span> <span class='ocrx_word' id='word_1_72' title='bbox 1695 1691 1840 1737; x_wconf 92' lang='lat' dir='ltr'>cum</span> <span class='ocrx_word' id='word_1_73' title='bbox 1913 1669 2140 1737; x_wconf 86' lang='lat' dir='ltr'>dicunt</span> 
     </span>
     <span class='ocr_line' id='line_1_13' title="bbox 586 1779 2138 1851; baseline 0.005 -7"><span class='ocrx_word' id='word_1_74' title='bbox 586 1782 789 1845; x_wconf 89' lang='lat' dir='ltr'>Deum</span> <span class='ocrx_word' id='word_1_75' title='bbox 849 1779 1213 1849; x_wconf 88' lang='lat' dir='ltr'>ministrato</span> <span class='ocrx_word' id='word_1_76' title='bbox 1264 1784 1422 1850; x_wconf 89' lang='lat' dir='ltr'>foris</span> <span class='ocrx_word' id='word_1_77' title='bbox 1481 1788 1897 1851; x_wconf 88' lang='lat' dir='ltr'>Sacramento</span> <span class='ocrx_word' id='word_1_78' title='bbox 1967 1784 2138 1851; x_wconf 87' lang='lat' dir='ltr'>inte-</span> 
     </span>
     <span class='ocr_line' id='line_1_14' title="bbox 583 1894 2137 1987; baseline 0.005 -28"><span class='ocrx_word' id='word_1_79' title='bbox 583 1894 722 1961; x_wconf 89' lang='lat' dir='ltr'>rius</span> <span class='ocrx_word' id='word_1_80' title='bbox 782 1897 1061 1983; x_wconf 89' lang='lat' dir='ltr'>operari,</span> <span class='ocrx_word' id='word_1_81' title='bbox 1130 1910 1194 1964; x_wconf 92' lang='lat' dir='ltr'>et</span> <span class='ocrx_word' id='word_1_82' title='bbox 1260 1900 1609 1987; x_wconf 89' lang='lat' dir='ltr'>designant</span> <span class='ocrx_word' id='word_1_83' title='bbox 1661 1903 2137 1970; x_wconf 88' lang='lat' dir='ltr'>connexionem</span> 
     </span>
     <span class='ocr_line' id='line_1_15' title="bbox 583 2011 2133 2106; baseline 0.007 -29"><span class='ocrx_word' id='word_1_84' title='bbox 583 2011 783 2092; x_wconf 92' lang='lat' dir='ltr'>illam,</span> <span class='ocrx_word' id='word_1_85' title='bbox 822 2035 971 2099; x_wconf 81' lang='lat' dir='ltr'>quae</span> <span class='ocrx_word' id='word_1_86' title='bbox 1002 2029 1103 2082; x_wconf 92' lang='lat' dir='ltr'>est</span> <span class='ocrx_word' id='word_1_87' title='bbox 1171 2037 1253 2083; x_wconf 85' lang='lat' dir='ltr'>ex</span> <span class='ocrx_word' id='word_1_88' title='bbox 1312 2030 1498 2105; x_wconf 89' lang='lat' dir='ltr'>pacto</span> <span class='ocrx_word' id='word_1_89' title='bbox 1549 2030 1613 2085; x_wconf 90' lang='lat' dir='ltr'>et</span> <span class='ocrx_word' id='word_1_90' title='bbox 1672 2020 2133 2106; x_wconf 89' lang='lat' dir='ltr'>promissione,</span> 
     </span>
     <span class='ocr_line' id='line_1_16' title="bbox 585 2126 2140 2224; baseline 0.008 -31"><span class='ocrx_word' id='word_1_91' title='bbox 585 2126 754 2195; x_wconf 90' lang='lat' dir='ltr'>inter</span> <span class='ocrx_word' id='word_1_92' title='bbox 815 2150 1076 2216; x_wconf 88' lang='lat' dir='ltr'>aquam,</span> <span class='ocrx_word' id='word_1_93' title='bbox 1160 2134 1343 2200; x_wconf 90' lang='lat' dir='ltr'>verbi</span> <span class='ocrx_word' id='word_1_94' title='bbox 1401 2136 1635 2222; x_wconf 86' lang='lat' dir='ltr'>gratia,</span> <span class='ocrx_word' id='word_1_95' title='bbox 1707 2150 1771 2204; x_wconf 94' lang='lat' dir='ltr'>et</span> <span class='ocrx_word' id='word_1_96' title='bbox 1824 2138 2140 2224; x_wconf 90' lang='lat' dir='ltr'>Spiritum</span> 
     </span>
     <span class='ocr_line' id='line_1_17' title="bbox 583 2247 2135 2347; baseline 0.009 -36"><span class='ocrx_word' id='word_1_97' title='bbox 583 2247 648 2347; x_wconf 84' lang='lat' dir='ltr'>in</span> <span class='ocrx_word' id='word_1_98' title='bbox 723 2247 951 2314; x_wconf 91' lang='lat' dir='ltr'>ordine</span> <span class='ocrx_word' id='word_1_99' title='bbox 1010 2249 1089 2315; x_wconf 89' lang='lat' dir='ltr'>ad</span> <span class='ocrx_word' id='word_1_100' title='bbox 1166 2251 1708 2320; x_wconf 90' lang='lat' dir='ltr'>sanctificandum</span> <span class='ocrx_word' id='word_1_101' title='bbox 1778 2257 2135 2337; x_wconf 90' lang='lat' dir='ltr'>hominem,</span> 
     </span>
     <span class='ocr_line' id='line_1_18' title="bbox 584 2366 2142 2462; baseline 0.008 -35"><span class='ocrx_word' id='word_1_102' title='bbox 584 2383 867 2450; x_wconf 88' lang='lat' dir='ltr'>quorum</span> <span class='ocrx_word' id='word_1_103' title='bbox 904 2366 1104 2431; x_wconf 90' lang='lat' dir='ltr'>verba</span> <span class='ocrx_word' id='word_1_104' title='bbox 1144 2366 1305 2433; x_wconf 90' lang='lat' dir='ltr'>satis</span> <span class='ocrx_word' id='word_1_105' title='bbox 1335 2369 1731 2436; x_wconf 88' lang='lat' dir='ltr'>concordant</span> <span class='ocrx_word' id='word_1_106' title='bbox 1768 2372 1983 2452; x_wconf 89' lang='lat' dir='ltr'>m0d0,</span> <span class='ocrx_word' id='word_1_107' title='bbox 2013 2394 2142 2462; x_wconf 90' lang='lat' dir='ltr'>quo</span> 
     </span>
     <span class='ocr_line' id='line_1_19' title="bbox 586 2483 2143 2569; baseline 0.009 -27"><span class='ocrx_word' id='word_1_108' title='bbox 586 2490 809 2545; x_wconf 89' lang='lat' dir='ltr'>noster</span> <span class='ocrx_word' id='word_1_109' title='bbox 842 2484 1080 2547; x_wconf 91' lang='lat' dir='ltr'>Doctor</span> <span class='ocrx_word' id='word_1_110' title='bbox 1144 2483 1423 2569; x_wconf 85' lang='lat' dir='ltr'>explicat</span> <span class='ocrx_word' id='word_1_111' title='bbox 1481 2496 1542 2551; x_wconf 91' lang='lat' dir='ltr'>et</span> <span class='ocrx_word' id='word_1_112' title='bbox 1579 2486 1871 2553; x_wconf 85' lang='lat' dir='ltr'>defendit</span> <span class='ocrx_word' id='word_1_113' title='bbox 1928 2488 2143 2556; x_wconf 85' lang='lat' dir='ltr'>effica-</span> 
     </span>
     <span class='ocr_line' id='line_1_20' title="bbox 586 2592 2141 2678; baseline 0.01 -20"><span class='ocrx_word' id='word_1_114' title='bbox 586 2592 751 2659; x_wconf 89' lang='lat' dir='ltr'>ciam</span> <span class='ocrx_word' id='word_1_115' title='bbox 793 2597 1407 2678; x_wconf 80' lang='lat' dir='ltr'>Sacramentorum3</span> <span class='ocrx_word' id='word_1_116' title='bbox 1446 2613 1511 2669; x_wconf 92' lang='lat' dir='ltr'>et</span> <span class='ocrx_word' id='word_1_117' title='bbox 1550 2602 1627 2669; x_wconf 87' lang='lat' dir='ltr'>de</span> <span class='ocrx_word' id='word_1_118' title='bbox 1661 2603 1829 2670; x_wconf 85' lang='lat' dir='ltr'>facili</span> <span class='ocrx_word' id='word_1_119' title='bbox 1869 2626 2141 2673; x_wconf 89' lang='lat' dir='ltr'>concor-</span> 
     </span>
     <span class='ocr_line' id='line_1_21' title="bbox 589 2709 2142 2806; baseline 0.008 -31"><span class='ocrx_word' id='word_1_120' title='bbox 589 2709 743 2776; x_wconf 88' lang='lat' dir='ltr'>dant</span> <span class='ocrx_word' id='word_1_121' title='bbox 782 2712 905 2798; x_wconf 90' lang='lat' dir='ltr'>ipsi</span> <span class='ocrx_word' id='word_1_122' title='bbox 949 2715 1188 2795; x_wconf 88' lang='lat' dir='ltr'>Sancti,</span> <span class='ocrx_word' id='word_1_123' title='bbox 1234 2717 1495 2804; x_wconf 87' lang='lat' dir='ltr'>quando</span> <span class='ocrx_word' id='word_1_124' title='bbox 1536 2732 1780 2806; x_wconf 88' lang='lat' dir='ltr'>negant</span> <span class='ocrx_word' id='word_1_125' title='bbox 1837 2722 2142 2790; x_wconf 89' lang='lat' dir='ltr'>effectum</span> 
     </span>
     <span class='ocr_line' id='line_1_22' title="bbox 591 2829 2146 2925; baseline 0.009 -33"><span class='ocrx_word' id='word_1_126' title='bbox 591 2829 987 2895; x_wconf 86' lang='lat' dir='ltr'>Sacramenti</span> <span class='ocrx_word' id='word_1_127' title='bbox 1024 2833 1371 2917; x_wconf 88' lang='lat' dir='ltr'>procedere</span> <span class='ocrx_word' id='word_1_128' title='bbox 1412 2836 1492 2901; x_wconf 88' lang='lat' dir='ltr'>ab</span> <span class='ocrx_word' id='word_1_129' title='bbox 1533 2856 1607 2903; x_wconf 90' lang='lat' dir='ltr'>eo</span> <span class='ocrx_word' id='word_1_130' title='bbox 1649 2838 1823 2925; x_wconf 91' lang='lat' dir='ltr'>quod</span> <span class='ocrx_word' id='word_1_131' title='bbox 1856 2838 2146 2907; x_wconf 88' lang='lat' dir='ltr'>exterius</span> 
     </span>
     <span class='ocr_line' id='line_1_23' title="bbox 587 2943 2138 3041; baseline 0.009 -32"><span class='ocrx_word' id='word_1_132' title='bbox 587 2943 801 3025; x_wconf 89' lang='lat' dir='ltr'>datur,</span> <span class='ocrx_word' id='word_1_133' title='bbox 838 2945 1114 3035; x_wconf 83' lang='lat' dir='ltr'>intelligi</span> <span class='ocrx_word' id='word_1_134' title='bbox 1157 2971 1273 3035; x_wconf 91' lang='lat' dir='ltr'>per</span> <span class='ocrx_word' id='word_1_135' title='bbox 1302 2950 1716 3019; x_wconf 82' lang='lat' dir='ltr'>efficientiam</span> <span class='ocrx_word' id='word_1_136' title='bbox 1773 2955 2138 3041; x_wconf 81' lang='lat' dir='ltr'>physicam,</span> 
     </span>
     <span class='ocr_line' id='line_1_24' title="bbox 590 3060 2147 3158; baseline 0.009 -33"><span class='ocrx_word' id='word_1_137' title='bbox 590 3061 740 3147; x_wconf 91' lang='lat' dir='ltr'>quia</span> <span class='ocrx_word' id='word_1_138' title='bbox 790 3060 884 3128; x_wconf 89' lang='lat' dir='ltr'>sic</span> <span class='ocrx_word' id='word_1_139' title='bbox 932 3074 1029 3129; x_wconf 91' lang='lat' dir='ltr'>est</span> <span class='ocrx_word' id='word_1_140' title='bbox 1080 3064 1283 3132; x_wconf 92' lang='lat' dir='ltr'>solius</span> <span class='ocrx_word' id='word_1_141' title='bbox 1355 3068 1464 3133; x_wconf 90' lang='lat' dir='ltr'>Dei</span> <span class='ocrx_word' id='word_1_142' title='bbox 1521 3070 1823 3156; x_wconf 78' lang='lat' dir='ltr'>proprie3</span> <span class='ocrx_word' id='word_1_143' title='bbox 1888 3075 2147 3158; x_wconf 90' lang='lat' dir='ltr'>quando</span> 
     </span>
     <span class='ocr_line' id='line_1_25' title="bbox 589 3179 2147 3258; baseline 0.01 -16"><span class='ocrx_word' id='word_1_144' title='bbox 589 3199 750 3244; x_wconf 89' lang='lat' dir='ltr'>vero</span> <span class='ocrx_word' id='word_1_145' title='bbox 793 3179 1020 3248; x_wconf 91' lang='lat' dir='ltr'>dicunt</span> <span class='ocrx_word' id='word_1_146' title='bbox 1050 3185 1467 3251; x_wconf 88' lang='lat' dir='ltr'>Sacramenta</span> <span class='ocrx_word' id='word_1_147' title='bbox 1526 3209 1793 3256; x_wconf 88' lang='lat' dir='ltr'>causare</span> <span class='ocrx_word' id='word_1_148' title='bbox 1844 3190 2147 3258; x_wconf 89' lang='lat' dir='ltr'>effectum</span> 
     </span>
     <span class='ocr_line' id='line_1_26' title="bbox 592 3295 2152 3383; baseline 0.008 -22"><span class='ocrx_word' id='word_1_149' title='bbox 592 3295 873 3383; x_wconf 89' lang='lat' dir='ltr'>intelligi</span> <span class='ocrx_word' id='word_1_150' title='bbox 944 3296 1021 3364; x_wconf 91' lang='lat' dir='ltr'>de</span> <span class='ocrx_word' id='word_1_151' title='bbox 1089 3299 1438 3369; x_wconf 83' lang='lat' dir='ltr'>efficientia</span> <span class='ocrx_word' id='word_1_152' title='bbox 1526 3304 2010 3373; x_wconf 87' lang='lat' dir='ltr'>instrumentali</span> <span class='ocrx_word' id='word_1_153' title='bbox 2086 3318 2152 3373; x_wconf 92' lang='lat' dir='ltr'>et</span> 
     </span>
     <span class='ocr_line' id='line_1_27' title="bbox 596 3412 853 3484; baseline 0.019 -5"><span class='ocrx_word' id='word_1_154' title='bbox 596 3412 853 3484; x_wconf 91' lang='lat' dir='ltr'>morali.</span> 
     </span>
    </p>

    <p class='ocr_par' dir='ltr' id='par_1_7' title="bbox 592 3531 2160 3975">
     <span class='ocr_line' id='line_1_28' title="bbox 680 3531 2153 3619; baseline 0.007 -24"><span class='ocrx_word' id='word_1_155' title='bbox 680 3532 906 3619; x_wconf 90' lang='lat' dir='ltr'>Neque</span> <span class='ocrx_word' id='word_1_156' title='bbox 951 3531 1028 3598; x_wconf 89' lang='lat' dir='ltr'>ad</span> <span class='ocrx_word' id='word_1_157' title='bbox 1070 3532 1516 3602; x_wconf 88' lang='lat' dir='ltr'>defensionem</span> <span class='ocrx_word' id='word_1_158' title='bbox 1552 3537 1867 3607; x_wconf 81' lang='lat' dir='ltr'>doctrinae</span> <span class='ocrx_word' id='word_1_159' title='bbox 1917 3541 2153 3608; x_wconf 89' lang='lat' dir='ltr'>Catho-</span> 
     </span>
     <span class='ocr_line' id='line_1_29' title="bbox 592 3645 2157 3727; baseline 0.008 -15"><span class='ocrx_word' id='word_1_160' title='bbox 592 3645 765 3727; x_wconf 82' lang='lat' dir='ltr'>licae,</span> <span class='ocrx_word' id='word_1_161' title='bbox 806 3647 1201 3716; x_wconf 82' lang='lat' dir='ltr'>advocandae</span> <span class='ocrx_word' id='word_1_162' title='bbox 1232 3663 1385 3718; x_wconf 93' lang='lat' dir='ltr'>sunt</span> <span class='ocrx_word' id='word_1_163' title='bbox 1419 3674 1607 3723; x_wconf 82' lang='lat' dir='ltr'>novae</span> <span class='ocrx_word' id='word_1_164' title='bbox 1638 3654 2053 3724; x_wconf 86' lang='lat' dir='ltr'>difficultates</span> <span class='ocrx_word' id='word_1_165' title='bbox 2092 3668 2157 3724; x_wconf 90' lang='lat' dir='ltr'>et</span> 
     </span>
     <span class='ocr_line' id='line_1_30' title="bbox 601 3760 2156 3861; baseline 0.007 -33"><span class='ocrx_word' id='word_1_166' title='bbox 601 3760 1092 3851; x_wconf 83' lang='lat' dir='ltr'>philosophicae,</span> <span class='ocrx_word' id='word_1_167' title='bbox 1150 3787 1296 3833; x_wconf 89' lang='lat' dir='ltr'>cum</span> <span class='ocrx_word' id='word_1_168' title='bbox 1340 3768 1509 3835; x_wconf 90' lang='lat' dir='ltr'>idem</span> <span class='ocrx_word' id='word_1_169' title='bbox 1554 3771 1787 3838; x_wconf 90' lang='lat' dir='ltr'>modus</span> <span class='ocrx_word' id='word_1_170' title='bbox 1845 3771 2156 3861; x_wconf 90' lang='lat' dir='ltr'>loquendi</span> 
     </span>
     <span class='ocr_line' id='line_1_31' title="bbox 602 3878 2160 3975; baseline 0.006 -30"><span class='ocrx_word' id='word_1_171' title='bbox 602 3878 689 3945; x_wconf 89' lang='lat' dir='ltr'>sit</span> <span class='ocrx_word' id='word_1_172' title='bbox 718 3879 1095 3968; x_wconf 79' lang='lat' dir='ltr'>scripturae,</span> <span class='ocrx_word' id='word_1_173' title='bbox 1157 3885 1368 3971; x_wconf 89' lang='lat' dir='ltr'>quoad</span> <span class='ocrx_word' id='word_1_174' title='bbox 1417 3885 1563 3967; x_wconf 89' lang='lat' dir='ltr'>alia,</span> <span class='ocrx_word' id='word_1_175' title='bbox 1626 3887 1865 3974; x_wconf 85' lang='lat' dir='ltr'>quibus</span> <span class='ocrx_word' id='word_1_176' title='bbox 1929 3888 2160 3975; x_wconf 91' lang='lat' dir='ltr'>nequit</span> 
     </span>
    </p>
   </div>
   <div class='ocr_carea' id='block_1_7' title="bbox 604 3997 2158 4093">
    <p class='ocr_par' dir='ltr' id='par_1_8' title="bbox 604 3997 2158 4093">
     <span class='ocr_line' id='line_1_32' title="bbox 604 3997 2158 4093; baseline 0.007 -31"><span class='ocrx_word' id='word_1_177' title='bbox 604 3997 956 4064; x_wconf 88' lang='lat' dir='ltr'>convenire</span> <span class='ocrx_word' id='word_1_178' title='bbox 1038 3998 1211 4065; x_wconf 88' lang='lat' dir='ltr'>aliud</span> <span class='ocrx_word' id='word_1_179' title='bbox 1272 4022 1482 4087; x_wconf 85' lang='lat' dir='ltr'>genus</span> <span class='ocrx_word' id='word_1_180' title='bbox 1559 4002 1869 4071; x_wconf 86' lang='lat' dir='ltr'>efficaciae</span> <span class='ocrx_word' id='word_1_181' title='bbox 1961 4025 2158 4093; x_wconf 90' lang='lat' dir='ltr'>quam</span> 
     </span>
    </p>
   </div>
   <div class='ocr_carea' id='block_1_8' title="bbox 248 4121 2161 4339">
    <p class='ocr_par' dir='ltr' id='par_1_9' title="bbox 248 4121 2161 4339">
     <span class='ocr_line' id='line_1_33' title="bbox 248 4121 2159 4221; baseline 0.006 -33"><span class='ocrx_word' id='word_1_182' title='bbox 248 4189 253 4196; x_wconf 19' lang='grc' dir='ltr'><strong>ψ</strong></span> <span class='ocrx_word' id='word_1_183' title='bbox 336 4161 498 4211; x_wconf 76' lang='lat' dir='ltr'>Error</span> <span class='ocrx_word' id='word_1_184' title='bbox 606 4121 893 4187; x_wconf 70' lang='lat' dir='ltr'>moralis</span> <span class='ocrx_word' id='word_1_185' title='bbox 930 4123 1151 4199; x_wconf 89' lang='lat' dir='ltr'>Quoad</span> <span class='ocrx_word' id='word_1_186' title='bbox 1184 4124 1530 4193; x_wconf 81' lang='lat' dir='ltr'>haereticos</span> <span class='ocrx_word' id='word_1_187' title='bbox 1561 4139 1777 4196; x_wconf 90' lang='lat' dir='ltr'>autem</span> <span class='ocrx_word' id='word_1_188' title='bbox 1813 4130 1976 4198; x_wconf 88' lang='lat' dir='ltr'>nihil</span> <span class='ocrx_word' id='word_1_189' title='bbox 2006 4154 2159 4221; x_wconf 89' lang='lat' dir='ltr'>cap-</span> 
     </span>
     <span class='ocr_line' id='line_1_34' title="bbox 286 4222 2161 4339; baseline 0.005 -26"><span class='ocrx_word' id='word_1_190' title='bbox 286 4222 549 4338; x_wconf 54' lang='grc' dir='ltr'>ὴῗᾞζῗο·</span> <span class='ocrx_word' id='word_1_191' title='bbox 604 4255 741 4312; x_wconf 88' lang='lat' dir='ltr'>tare</span> <span class='ocrx_word' id='word_1_192' title='bbox 772 4260 1069 4333; x_wconf 91' lang='lat' dir='ltr'>possunt,</span> <span class='ocrx_word' id='word_1_193' title='bbox 1129 4248 1261 4315; x_wconf 90' lang='lat' dir='ltr'>imo</span> <span class='ocrx_word' id='word_1_194' title='bbox 1318 4252 1529 4339; x_wconf 88' lang='lat' dir='ltr'>magis</span> <span class='ocrx_word' id='word_1_195' title='bbox 1568 4263 1631 4320; x_wconf 93' lang='lat' dir='ltr'>et</span> <span class='ocrx_word' id='word_1_196' title='bbox 1688 4253 1948 4323; x_wconf 88' lang='lat' dir='ltr'>facilius</span> <span class='ocrx_word' id='word_1_197' title='bbox 2003 4278 2161 4323; x_wconf 90' lang='lat' dir='ltr'>con-</span> 
     </span>
    </p>
   </div>
   <div class='ocr_carea' id='block_1_9' title="bbox 609 4370 2160 4466">
    <p class='ocr_par' dir='ltr' id='par_1_10' title="bbox 609 4370 2160 4466">
     <span class='ocr_line' id='line_1_35' title="bbox 609 4370 2160 4466; baseline 0.008 -30"><span class='ocrx_word' id='word_1_198' title='bbox 609 4370 898 4438; x_wconf 87' lang='lat' dir='ltr'>vincitur</span> <span class='ocrx_word' id='word_1_199' title='bbox 951 4394 1178 4441; x_wconf 91' lang='lat' dir='ltr'>eorum</span> <span class='ocrx_word' id='word_1_200' title='bbox 1219 4396 1443 4457; x_wconf 90' lang='lat' dir='ltr'>error;</span> <span class='ocrx_word' id='word_1_201' title='bbox 1489 4391 1733 4466; x_wconf 89' lang='lat' dir='ltr'>negant</span> <span class='ocrx_word' id='word_1_202' title='bbox 1795 4381 1971 4447; x_wconf 91' lang='lat' dir='ltr'>enim</span> <span class='ocrx_word' id='word_1_203' title='bbox 2022 4381 2160 4448; x_wconf 88' lang='lat' dir='ltr'>dari</span> 
     </span>
    </p>
   </div>
   <div class='ocr_carea' id='block_1_10' title="bbox 603 4508 2162 4848">
    <p class='ocr_par' dir='ltr' id='par_1_11' title="bbox 603 4508 2162 4848">
     <span class='ocr_line' id='line_1_36' title="bbox 603 4508 2157 4599; baseline 0.007 -26"><span class='ocrx_word' id='word_1_204' title='bbox 603 4508 877 4592; x_wconf 88' lang='lat' dir='ltr'>gratiam</span> <span class='ocrx_word' id='word_1_205' title='bbox 919 4531 1030 4596; x_wconf 86' lang='lat' dir='ltr'>per</span> <span class='ocrx_word' id='word_1_206' title='bbox 1081 4512 1517 4599; x_wconf 88' lang='lat' dir='ltr'>receptionem</span> <span class='ocrx_word' id='word_1_207' title='bbox 1561 4518 2157 4598; x_wconf 85' lang='lat' dir='ltr'>Sacramentorum,</span> 
     </span>
     <span class='ocr_line' id='line_1_37' title="bbox 606 4630 2162 4722; baseline 0.009 -27"><span class='ocrx_word' id='word_1_208' title='bbox 606 4630 723 4696; x_wconf 85' lang='lat' dir='ltr'>sed</span> <span class='ocrx_word' id='word_1_209' title='bbox 771 4652 844 4698; x_wconf 90' lang='lat' dir='ltr'>ea</span> <span class='ocrx_word' id='word_1_210' title='bbox 882 4654 1030 4701; x_wconf 87' lang='lat' dir='ltr'>esse</span> <span class='ocrx_word' id='word_1_211' title='bbox 1077 4636 1268 4722; x_wconf 88' lang='lat' dir='ltr'>signa</span> <span class='ocrx_word' id='word_1_212' title='bbox 1300 4641 1797 4707; x_wconf 87' lang='lat' dir='ltr'>rememora-tiva</span> <span class='ocrx_word' id='word_1_213' title='bbox 1836 4653 1946 4708; x_wconf 89' lang='lat' dir='ltr'>aut</span> <span class='ocrx_word' id='word_1_214' title='bbox 1978 4643 2162 4708; x_wconf 89' lang='lat' dir='ltr'>exci-</span> 
     </span>
     <span class='ocr_line' id='line_1_38' title="bbox 606 4757 2158 4848; baseline 0.008 -26"><span class='ocrx_word' id='word_1_215' title='bbox 606 4757 809 4823; x_wconf 89' lang='lat' dir='ltr'>tantia</span> <span class='ocrx_word' id='word_1_216' title='bbox 850 4757 1068 4837; x_wconf 87' lang='lat' dir='ltr'>fidem,</span> <span class='ocrx_word' id='word_1_217' title='bbox 1105 4773 1169 4826; x_wconf 90' lang='lat' dir='ltr'>et</span> <span class='ocrx_word' id='word_1_218' title='bbox 1208 4761 1368 4827; x_wconf 89' lang='lat' dir='ltr'>nihil</span> <span class='ocrx_word' id='word_1_219' title='bbox 1410 4764 1809 4831; x_wconf 83' lang='lat' dir='ltr'>conferentia</span> <span class='ocrx_word' id='word_1_220' title='bbox 1840 4766 1920 4833; x_wconf 93' lang='lat' dir='ltr'>de</span> <span class='ocrx_word' id='word_1_221' title='bbox 1959 4788 2158 4848; x_wconf 89' lang='lat' dir='ltr'>nov0,</span> 
     </span>
    </p>
   </div>
   <div class='ocr_carea' id='block_1_11' title="bbox 610 4880 2160 5077">
    <p class='ocr_par' dir='ltr' id='par_1_12' title="bbox 610 4880 2160 5077">
     <span class='ocr_line' id='line_1_39' title="bbox 610 4880 2160 4970; baseline 0.007 -21"><span class='ocrx_word' id='word_1_222' title='bbox 610 4880 753 4949; x_wconf 87' lang='lat' dir='ltr'>sive</span> <span class='ocrx_word' id='word_1_223' title='bbox 792 4883 1059 4970; x_wconf 89' lang='lat' dir='ltr'>physice</span> <span class='ocrx_word' id='word_1_224' title='bbox 1091 4884 1248 4952; x_wconf 87' lang='lat' dir='ltr'>illud</span> <span class='ocrx_word' id='word_1_225' title='bbox 1282 4899 1652 4968; x_wconf 89' lang='lat' dir='ltr'>causarent,</span> <span class='ocrx_word' id='word_1_226' title='bbox 1713 4889 1857 4955; x_wconf 89' lang='lat' dir='ltr'>sive</span> <span class='ocrx_word' id='word_1_227' title='bbox 1905 4901 2160 4960; x_wconf 91' lang='lat' dir='ltr'>tantum</span> 
     </span>
     <span class='ocr_line' id='line_1_40' title="bbox 615 5008 968 5077; baseline 0.011 -5"><span class='ocrx_word' id='word_1_228' title='bbox 615 5008 968 5077; x_wconf 88' lang='lat' dir='ltr'>moraliter.</span> 
     </span>
    </p>
   </div>
   <div class='ocr_carea' id='block_1_12' title="bbox 701 5135 2163 5215">
    <p class='ocr_par' dir='ltr' id='par_1_13' title="bbox 701 5135 2163 5215">
     <span class='ocr_line' id='line_1_41' title="bbox 701 5135 2163 5215; baseline 0.012 -18"><span class='ocrx_word' id='word_1_229' title='bbox 701 5135 859 5208; x_wconf 78' lang='lat' dir='ltr'>Quae</span> <span class='ocrx_word' id='word_1_230' title='bbox 934 5139 1380 5206; x_wconf 88' lang='lat' dir='ltr'>controversia</span> <span class='ocrx_word' id='word_1_231' title='bbox 1464 5143 1759 5211; x_wconf 91' lang='lat' dir='ltr'>omnium</span> <span class='ocrx_word' id='word_1_232' title='bbox 1835 5167 2163 5215; x_wconf 91' lang='lat' dir='ltr'>consensu</span> 
     </span>
    </p>
   </div>
   <div class='ocr_carea' id='block_1_13' title="bbox 609 5257 2168 5464">
    <p class='ocr_par' dir='ltr' id='par_1_14' title="bbox 609 5257 2168 5464">
     <span class='ocr_line' id='line_1_42' title="bbox 613 5257 2168 5350; baseline 0.011 -27"><span class='ocrx_word' id='word_1_233' title='bbox 613 5257 822 5323; x_wconf 90' lang='lat' dir='ltr'>aliena</span> <span class='ocrx_word' id='word_1_234' title='bbox 863 5271 962 5325; x_wconf 86' lang='lat' dir='ltr'>cst</span> <span class='ocrx_word' id='word_1_235' title='bbox 1026 5282 1058 5327; x_wconf 93' lang='lat' dir='ltr'>a</span> <span class='ocrx_word' id='word_1_236' title='bbox 1118 5265 1480 5350; x_wconf 82' lang='lat' dir='ltr'>quaestione</span> <span class='ocrx_word' id='word_1_237' title='bbox 1532 5266 1706 5349; x_wconf 90' lang='lat' dir='ltr'>fidei,</span> <span class='ocrx_word' id='word_1_238' title='bbox 1761 5281 1823 5336; x_wconf 90' lang='lat' dir='ltr'>et</span> <span class='ocrx_word' id='word_1_239' title='bbox 1864 5287 2168 5340; x_wconf 88' lang='lat' dir='ltr'>versatur</span> 
     </span>
     <span class='ocr_line' id='line_1_43' title="bbox 609 5373 2168 5464; baseline 0.01 -27"><span class='ocrx_word' id='word_1_240' title='bbox 609 5373 780 5439; x_wconf 88' lang='lat' dir='ltr'>circa</span> <span class='ocrx_word' id='word_1_241' title='bbox 858 5376 1121 5442; x_wconf 88' lang='lat' dir='ltr'>modum</span> <span class='ocrx_word' id='word_1_242' title='bbox 1182 5399 1310 5464; x_wconf 90' lang='lat' dir='ltr'>quo</span> <span class='ocrx_word' id='word_1_243' title='bbox 1400 5383 1811 5450; x_wconf 86' lang='lat' dir='ltr'>Sacramenta</span> <span class='ocrx_word' id='word_1_244' title='bbox 1897 5400 2168 5455; x_wconf 90' lang='lat' dir='ltr'>causant</span> 
     </span>
    </p>
   </div>
   <div class='ocr_carea' id='block_1_14' title="bbox 613 5489 2159 5586">
    <p class='ocr_par' dir='ltr' id='par_1_15' title="bbox 613 5489 2159 5586">
     <span class='ocr_line' id='line_1_44' title="bbox 613 5489 2159 5586; baseline 0.012 -32"><span class='ocrx_word' id='word_1_245' title='bbox 613 5489 915 5576; x_wconf 90' lang='lat' dir='ltr'>gratiam,</span> <span class='ocrx_word' id='word_1_246' title='bbox 965 5513 1159 5580; x_wconf 87' lang='lat' dir='ltr'>quam</span> <span class='ocrx_word' id='word_1_247' title='bbox 1211 5494 1347 5562; x_wconf 88' lang='lat' dir='ltr'>dari</span> <span class='ocrx_word' id='word_1_248' title='bbox 1399 5516 1514 5581; x_wconf 91' lang='lat' dir='ltr'>per</span> <span class='ocrx_word' id='word_1_249' title='bbox 1548 5499 1683 5586; x_wconf 89' lang='lat' dir='ltr'>ipsa</span> <span class='ocrx_word' id='word_1_250' title='bbox 1719 5513 1816 5567; x_wconf 87' lang='lat' dir='ltr'>est</span> <span class='ocrx_word' id='word_1_251' title='bbox 1873 5502 1953 5570; x_wconf 89' lang='lat' dir='ltr'>de</span> <span class='ocrx_word' id='word_1_252' title='bbox 2008 5504 2159 5573; x_wconf 86' lang='lat' dir='ltr'>fide.</span> 
     </span>
    </p>
   </div>
   <div class='ocr_carea' id='block_1_15' title="bbox 1754 328 2670 401">
    <p class='ocr_par' dir='ltr' id='par_1_16' title="bbox 1754 328 2670 401">
     <span class='ocr_line' id='line_1_45' title="bbox 1754 328 2670 401; baseline -0.001 -1"><span class='ocrx_word' id='word_1_253' title='bbox 1754 338 1896 401; x_wconf 84' lang='lat' dir='ltr'>LlB.</span> <span class='ocrx_word' id='word_1_254' title='bbox 1943 339 2041 401; x_wconf 84' lang='lat' dir='ltr'>tv.</span> <span class='ocrx_word' id='word_1_255' title='bbox 2076 328 2670 401; x_wconf 78' lang='lat' dir='ltr'>SENTENTIARUM</span> 
     </span>
    </p>
   </div>
   <div class='ocr_carea' id='block_1_16' title="bbox 2246 499 4120 1174">
    <p class='ocr_par' dir='ltr' id='par_1_17' title="bbox 2247 499 3798 706">
     <span class='ocr_line' id='line_1_46' title="bbox 2247 499 3798 588; baseline -0.001 -21"><span class='ocrx_word' id='word_1_256' title='bbox 2247 503 2343 568; x_wconf 80' lang='lat' dir='ltr'>Ex</span> <span class='ocrx_word' id='word_1_257' title='bbox 2374 502 2613 588; x_wconf 91' lang='lat' dir='ltr'>quibus</span> <span class='ocrx_word' id='word_1_258' title='bbox 2655 511 2829 588; x_wconf 89' lang='lat' dir='ltr'>patet</span> <span class='ocrx_word' id='word_1_259' title='bbox 2859 500 3167 569; x_wconf 90' lang='lat' dir='ltr'>resolutio</span> <span class='ocrx_word' id='word_1_260' title='bbox 3201 500 3493 568; x_wconf 89' lang='lat' dir='ltr'>Doctoris</span> <span class='ocrx_word' id='word_1_261' title='bbox 3524 499 3590 567; x_wconf 92' lang='lat' dir='ltr'>in</span> <span class='ocrx_word' id='word_1_262' title='bbox 3623 512 3798 568; x_wconf 88' lang='lat' dir='ltr'>utra-</span> 
     </span>
     <span class='ocr_line' id='line_1_47' title="bbox 2248 618 2792 706; baseline 0 -21"><span class='ocrx_word' id='word_1_263' title='bbox 2248 637 2375 705; x_wconf 90' lang='lat' dir='ltr'>que</span> <span class='ocrx_word' id='word_1_264' title='bbox 2406 618 2792 706; x_wconf 87' lang='lat' dir='ltr'>quaestione.</span> 
     </span>
    </p>

    <p class='ocr_par' dir='ltr' id='par_1_18' title="bbox 2246 733 4120 1174">
     <span class='ocr_line' id='line_1_48' title="bbox 2337 733 4080 853; baseline -0.001 -51"><span class='ocrx_word' id='word_1_265' title='bbox 2337 737 2432 825; x_wconf 91' lang='lat' dir='ltr'>(n)</span> <span class='ocrx_word' id='word_1_266' title='bbox 2464 737 2569 804; x_wconf 80' lang='lat' dir='ltr'>Ad</span> <span class='ocrx_word' id='word_1_267' title='bbox 2594 739 2889 824; x_wconf 85' lang='lat' dir='ltr'>primum</span> <span class='ocrx_word' id='word_1_268' title='bbox 2929 748 3149 804; x_wconf 79' lang='lat' dir='ltr'>aulem</span> <span class='ocrx_word' id='word_1_269' title='bbox 3198 735 3368 816; x_wconf 73' lang='lat' dir='ltr'>dim,</span> <span class='ocrx_word' id='word_1_270' title='bbox 3411 733 3588 823; x_wconf 84' lang='lat' dir='ltr'>quod</span> <span class='ocrx_word' id='word_1_271' title='bbox 3621 755 3797 821; x_wconf 79' lang='lat' dir='ltr'>aqua</span> <span class='ocrx_word' id='word_1_272' title='bbox 3893 739 4080 853; x_wconf 70' lang='lat' dir='ltr'>s93‘m</span> 
     </span>
     <span class='ocr_line' id='line_1_49' title="bbox 2246 819 4120 937; baseline -0.002 -18"><span class='ocrx_word' id='word_1_273' title='bbox 2246 854 2458 922; x_wconf 77' lang='lat' dir='ltr'>abluit</span> <span class='ocrx_word' id='word_1_274' title='bbox 2505 876 2640 936; x_wconf 87' lang='lat' dir='ltr'>cor,</span> <span class='ocrx_word' id='word_1_275' title='bbox 2704 854 2778 921; x_wconf 79' lang='lat' dir='ltr'>id</span> <span class='ocrx_word' id='word_1_276' title='bbox 2834 865 2949 937; x_wconf 83' lang='lat' dir='ltr'>est,</span> <span class='ocrx_word' id='word_1_277' title='bbox 3018 856 3338 935; x_wconf 80' lang='lat' dir='ltr'>animam,</span> <span class='ocrx_word' id='word_1_278' title='bbox 3384 865 3507 922; x_wconf 88' lang='lat' dir='ltr'>etc.</span> <span class='ocrx_word' id='word_1_279' title='bbox 3552 857 3670 920; x_wconf 87' lang='lat' dir='ltr'>Hic</span> <span class='ocrx_word' id='word_1_280' title='bbox 3698 873 3798 919; x_wconf 90' lang='lat' dir='ltr'>re·</span> <span class='ocrx_word' id='word_1_281' title='bbox 3856 819 4120 935; x_wconf 54' lang='lat' dir='ltr'>argamfaen-</span> 
     </span>
     <span class='ocr_line' id='line_1_50' title="bbox 2248 934 4024 1058; baseline 0 -22"><span class='ocrx_word' id='word_1_282' title='bbox 2248 970 2525 1058; x_wconf 89' lang='lat' dir='ltr'>spondet</span> <span class='ocrx_word' id='word_1_283' title='bbox 2573 976 2807 1038; x_wconf 87' lang='lat' dir='ltr'>Doctor</span> <span class='ocrx_word' id='word_1_284' title='bbox 2864 970 2944 1038; x_wconf 89' lang='lat' dir='ltr'>ad</span> <span class='ocrx_word' id='word_1_285' title='bbox 2998 970 3426 1039; x_wconf 85' lang='lat' dir='ltr'>fundamenta</span> <span class='ocrx_word' id='word_1_286' title='bbox 3476 969 3798 1057; x_wconf 76' lang='lat' dir='ltr'>oppositae</span> <span class='ocrx_word' id='word_1_287' title='bbox 3938 934 4024 978; x_wconf 52' lang='grc' dir='ltr'>ω’</span> 
     </span>
     <span class='ocr_line' id='line_1_51' title="bbox 2249 1084 3800 1174; baseline -0.002 -21"><span class='ocrx_word' id='word_1_288' title='bbox 2249 1086 2616 1166; x_wconf 81' lang='lat' dir='ltr'>sententiae,</span> <span class='ocrx_word' id='word_1_289' title='bbox 2654 1107 2888 1174; x_wconf 90' lang='lat' dir='ltr'>nempe</span> <span class='ocrx_word' id='word_1_290' title='bbox 2919 1092 2990 1155; x_wconf 91' lang='lat' dir='ltr'>D.</span> <span class='ocrx_word' id='word_1_291' title='bbox 3029 1089 3320 1167; x_wconf 86' lang='lat' dir='ltr'>Thomae,</span> <span class='ocrx_word' id='word_1_292' title='bbox 3366 1098 3430 1154; x_wconf 92' lang='lat' dir='ltr'>et</span> <span class='ocrx_word' id='word_1_293' title='bbox 3470 1086 3536 1152; x_wconf 93' lang='lat' dir='ltr'>in</span> <span class='ocrx_word' id='word_1_294' title='bbox 3571 1084 3800 1172; x_wconf 81' lang='lat' dir='ltr'>primis</span> 
     </span>
    </p>
   </div>
   <div class='ocr_carea' id='block_1_17' title="bbox 2248 1202 3794 1291">
    <p class='ocr_par' dir='ltr' id='par_1_19' title="bbox 2248 1202 3794 1291">
     <span class='ocr_line' id='line_1_52' title="bbox 2248 1202 3794 1291; baseline 0.001 -21"><span class='ocrx_word' id='word_1_295' title='bbox 2248 1202 2328 1270; x_wconf 91' lang='lat' dir='ltr'>ad</span> <span class='ocrx_word' id='word_1_296' title='bbox 2358 1204 2515 1270; x_wconf 90' lang='lat' dir='ltr'>illud</span> <span class='ocrx_word' id='word_1_297' title='bbox 2547 1204 2899 1291; x_wconf 87' lang='lat' dir='ltr'>Augustini</span> <span class='ocrx_word' id='word_1_298' title='bbox 2931 1206 3106 1270; x_wconf 79' lang='lat' dir='ltr'>hom.</span> <span class='ocrx_word' id='word_1_299' title='bbox 3152 1206 3261 1270; x_wconf 88' lang='lat'>80.</span> <span class='ocrx_word' id='word_1_300' title='bbox 3317 1205 3392 1270; x_wconf 83' lang='lat' dir='ltr'>in</span> <span class='ocrx_word' id='word_1_301' title='bbox 3418 1204 3744 1270; x_wconf 80' lang='lat' dir='ltr'>Ioannem</span> <span class='ocrx_word' id='word_1_302' title='bbox 3779 1227 3794 1271; x_wconf 88' lang='lat'>:</span> 
     </span>
    </p>
   </div>
   <div class='ocr_carea' id='block_1_18' title="bbox 2231 1323 3803 1407">
    <p class='ocr_par' dir='ltr' id='par_1_20' title="bbox 2231 1323 3803 1407">
     <span class='ocr_line' id='line_1_53' title="bbox 2231 1323 3803 1407; baseline 0.004 -26"><span class='ocrx_word' id='word_1_303' title='bbox 2231 1323 2415 1397; x_wconf 79' lang='lat' dir='ltr'>Quae</span> <span class='ocrx_word' id='word_1_304' title='bbox 2443 1333 2535 1388; x_wconf 79' lang='lat' dir='ltr'>esc</span> <span class='ocrx_word' id='word_1_305' title='bbox 2585 1324 2714 1388; x_wconf 79' lang='lat' dir='ltr'>isca</span> <span class='ocrx_word' id='word_1_306' title='bbox 2742 1323 2956 1387; x_wconf 73' lang='lat' dir='ltr'>virtus</span> <span class='ocrx_word' id='word_1_307' title='bbox 2994 1342 3185 1407; x_wconf 83' lang='lat' dir='ltr'>aquae</span> <span class='ocrx_word' id='word_1_308' title='bbox 3251 1330 3321 1386; x_wconf 79' lang='lat' dir='ltr'>ut</span> <span class='ocrx_word' id='word_1_309' title='bbox 3384 1342 3622 1406; x_wconf 79' lang='lat' dir='ltr'>corpus</span> <span class='ocrx_word' id='word_1_310' title='bbox 3660 1333 3803 1387; x_wconf 78' lang='lat' dir='ltr'>tan-</span> 
     </span>
    </p>
   </div>
   <div class='ocr_carea' id='block_1_19' title="bbox 2248 1436 4172 2921">
    <p class='ocr_par' dir='ltr' id='par_1_21' title="bbox 2248 1436 4159 2668">
     <span class='ocr_line' id='line_1_54' title="bbox 2248 1436 3796 1523; baseline 0.001 -22"><span class='ocrx_word' id='word_1_311' title='bbox 2248 1447 2382 1523; x_wconf 72' lang='lat' dir='ltr'>yal,</span> <span class='ocrx_word' id='word_1_312' title='bbox 2430 1447 2489 1502; x_wconf 79' lang='lat' dir='ltr'>et</span> <span class='ocrx_word' id='word_1_313' title='bbox 2520 1456 2632 1503; x_wconf 84' lang='lat' dir='ltr'>cor</span> <span class='ocrx_word' id='word_1_314' title='bbox 2662 1436 2943 1503; x_wconf 79' lang='lat' dir='ltr'>abluat?</span> <span class='ocrx_word' id='word_1_315' title='bbox 2976 1438 3055 1502; x_wconf 89' lang='lat' dir='ltr'>Et</span> <span class='ocrx_word' id='word_1_316' title='bbox 3082 1436 3358 1503; x_wconf 85' lang='lat' dir='ltr'>habetur</span> <span class='ocrx_word' id='word_1_317' title='bbox 3395 1440 3453 1501; x_wconf 89' lang='lat'>1.</span> <span class='ocrx_word' id='word_1_318' title='bbox 3489 1447 3713 1523; x_wconf 77' lang='lat' dir='ltr'>quoest.</span> <span class='ocrx_word' id='word_1_319' title='bbox 3738 1441 3796 1502; x_wconf 89' lang='lat'>1.</span> 
     </span>
     <span class='ocr_line' id='line_1_55' title="bbox 2249 1551 3802 1640; baseline -0.001 -23"><span class='ocrx_word' id='word_1_320' title='bbox 2249 1552 2533 1639; x_wconf 89' lang='lat' dir='ltr'>capitulo</span> <span class='ocrx_word' id='word_1_321' title='bbox 2572 1553 2871 1633; x_wconf 82' lang='lat' dir='ltr'>detrahe,</span> <span class='ocrx_word' id='word_1_322' title='bbox 2917 1565 3039 1621; x_wconf 85' lang='lat' dir='ltr'>etc.</span> <span class='ocrx_word' id='word_1_323' title='bbox 3076 1552 3190 1618; x_wconf 88' lang='lat' dir='ltr'>His</span> <span class='ocrx_word' id='word_1_324' title='bbox 3233 1552 3452 1619; x_wconf 86' lang='lat' dir='ltr'>verbis</span> <span class='ocrx_word' id='word_1_325' title='bbox 3494 1551 3802 1640; x_wconf 88' lang='lat' dir='ltr'>Augusti-</span> 
     </span>
     <span class='ocr_line' id='line_1_56' title="bbox 2255 1666 4108 1757; baseline 0.001 -24"><span class='ocrx_word' id='word_1_326' title='bbox 2255 1669 2316 1733; x_wconf 89' lang='lat' dir='ltr'>ni</span> <span class='ocrx_word' id='word_1_327' title='bbox 2348 1669 2717 1757; x_wconf 89' lang='lat' dir='ltr'>adjungunt</span> <span class='ocrx_word' id='word_1_328' title='bbox 2766 1669 3004 1737; x_wconf 91' lang='lat' dir='ltr'>similia</span> <span class='ocrx_word' id='word_1_329' title='bbox 3050 1670 3188 1736; x_wconf 92' lang='lat' dir='ltr'>loca</span> <span class='ocrx_word' id='word_1_330' title='bbox 3229 1666 3505 1735; x_wconf 60' lang='lat' dir='ltr'>&#39;Patrum</span> <span class='ocrx_word' id='word_1_331' title='bbox 3551 1667 3802 1734; x_wconf 89' lang='lat' dir='ltr'>moder·</span> <span class='ocrx_word' id='word_1_332' title='bbox 3870 1679 4108 1734; x_wconf 78' lang='lat' dir='ltr'>Trident.</span> 
     </span>
     <span class='ocr_line' id='line_1_57' title="bbox 2253 1784 3798 1870; baseline -0.001 -21"><span class='ocrx_word' id='word_1_333' title='bbox 2253 1784 2343 1865; x_wconf 91' lang='lat' dir='ltr'>ni,</span> <span class='ocrx_word' id='word_1_334' title='bbox 2388 1804 2461 1851; x_wconf 91' lang='lat' dir='ltr'>ac</span> <span class='ocrx_word' id='word_1_335' title='bbox 2491 1785 2752 1852; x_wconf 83' lang='lat' dir='ltr'>tandem</span> <span class='ocrx_word' id='word_1_336' title='bbox 2786 1784 3239 1852; x_wconf 90' lang='lat' dir='ltr'>Tridentinum</span> <span class='ocrx_word' id='word_1_337' title='bbox 3270 1805 3423 1851; x_wconf 78' lang='lat' dir='ltr'>sess.</span> <span class='ocrx_word' id='word_1_338' title='bbox 3464 1787 3526 1850; x_wconf 88' lang='grc'>6.</span> <span class='ocrx_word' id='word_1_339' title='bbox 3564 1805 3709 1870; x_wconf 84' lang='lat' dir='ltr'>cap.</span> <span class='ocrx_word' id='word_1_340' title='bbox 3736 1788 3798 1849; x_wconf 83' lang='lat'>7.</span> 
     </span>
     <span class='ocr_line' id='line_1_58' title="bbox 2255 1900 3806 1987; baseline 0 -21"><span class='ocrx_word' id='word_1_341' title='bbox 2255 1900 2364 1966; x_wconf 93' lang='lat' dir='ltr'>ubi</span> <span class='ocrx_word' id='word_1_342' title='bbox 2405 1912 2827 1968; x_wconf 90' lang='lat' dir='ltr'>enumeratur</span> <span class='ocrx_word' id='word_1_343' title='bbox 2859 1900 3229 1987; x_wconf 90' lang='lat' dir='ltr'>Baptismus</span> <span class='ocrx_word' id='word_1_344' title='bbox 3264 1900 3434 1967; x_wconf 90' lang='lat' dir='ltr'>inter</span> <span class='ocrx_word' id='word_1_345' title='bbox 3466 1900 3626 1966; x_wconf 91' lang='lat' dir='ltr'>alias</span> <span class='ocrx_word' id='word_1_346' title='bbox 3654 1920 3806 1966; x_wconf 88' lang='lat' dir='ltr'>cau-</span> 
     </span>
     <span class='ocr_line' id='line_1_59' title="bbox 2253 2016 3806 2103; baseline -0.001 -21"><span class='ocrx_word' id='word_1_347' title='bbox 2253 2036 2361 2082; x_wconf 90' lang='lat' dir='ltr'>cas</span> <span class='ocrx_word' id='word_1_348' title='bbox 2391 2016 2905 2103; x_wconf 88' lang='lat' dir='ltr'>justificationis,</span> <span class='ocrx_word' id='word_1_349' title='bbox 2950 2017 3062 2085; x_wconf 90' lang='lat' dir='ltr'>sed</span> <span class='ocrx_word' id='word_1_350' title='bbox 3110 2029 3366 2085; x_wconf 74' lang='lat' dir='ltr'>caeterae</span> <span class='ocrx_word' id='word_1_351' title='bbox 3395 2027 3554 2084; x_wconf 90' lang='lat' dir='ltr'>sunt</span> <span class='ocrx_word' id='word_1_352' title='bbox 3590 2036 3806 2084; x_wconf 88' lang='lat' dir='ltr'>causae</span> 
     </span>
     <span class='ocr_line' id='line_1_60' title="bbox 2257 2131 4159 2227; baseline -0.001 -28"><span class='ocrx_word' id='word_1_353' title='bbox 2257 2133 2516 2221; x_wconf 89' lang='lat' dir='ltr'>proprie</span> <span class='ocrx_word' id='word_1_354' title='bbox 2555 2133 2790 2214; x_wconf 78' lang='lat' dir='ltr'>dictae3</span> <span class='ocrx_word' id='word_1_355' title='bbox 2863 2156 3023 2222; x_wconf 90' lang='lat' dir='ltr'>ergo</span> <span class='ocrx_word' id='word_1_356' title='bbox 3075 2145 3139 2201; x_wconf 91' lang='lat' dir='ltr'>et</span> <span class='ocrx_word' id='word_1_357' title='bbox 3178 2134 3572 2221; x_wconf 80' lang='lat' dir='ltr'>Baptismus,</span> <span class='ocrx_word' id='word_1_358' title='bbox 3610 2131 3804 2200; x_wconf 89' lang='lat' dir='ltr'>Addi-</span> <span class='ocrx_word' id='word_1_359' title='bbox 3842 2175 4159 2227; x_wconf 64' lang='lat' dir='ltr'>Sunonense.</span> 
     </span>
     <span class='ocr_line' id='line_1_61' title="bbox 2255 2250 3808 2338; baseline -0.001 -22"><span class='ocrx_word' id='word_1_360' title='bbox 2255 2261 2362 2317; x_wconf 90' lang='lat' dir='ltr'>tur</span> <span class='ocrx_word' id='word_1_361' title='bbox 2401 2253 2777 2318; x_wconf 89' lang='lat' dir='ltr'>Senonense</span> <span class='ocrx_word' id='word_1_362' title='bbox 2818 2255 3014 2318; x_wconf 91' lang='lat' dir='ltr'>Conc.</span> <span class='ocrx_word' id='word_1_363' title='bbox 3060 2274 3205 2338; x_wconf 82' lang='lat' dir='ltr'>cap.</span> <span class='ocrx_word' id='word_1_364' title='bbox 3266 2256 3373 2320; x_wconf 86' lang='lat'>10.</span> <span class='ocrx_word' id='word_1_365' title='bbox 3420 2251 3528 2318; x_wconf 91' lang='lat' dir='ltr'>ubi</span> <span class='ocrx_word' id='word_1_366' title='bbox 3578 2250 3808 2316; x_wconf 90' lang='lat' dir='ltr'>tribuit</span> 
     </span>
     <span class='ocr_line' id='line_1_62' title="bbox 2256 2365 4126 2467; baseline 0 -35"><span class='ocrx_word' id='word_1_367' title='bbox 2256 2366 2468 2432; x_wconf 91' lang='lat' dir='ltr'>eidem</span> <span class='ocrx_word' id='word_1_368' title='bbox 2545 2365 2900 2433; x_wconf 85' lang='lat' dir='ltr'>efficaciam</span> <span class='ocrx_word' id='word_1_369' title='bbox 2971 2379 3268 2454; x_wconf 90' lang='lat' dir='ltr'>respectu</span> <span class='ocrx_word' id='word_1_370' title='bbox 3345 2367 3599 2453; x_wconf 84' lang='lat' dir='ltr'>gratiae.</span> <span class='ocrx_word' id='word_1_371' title='bbox 3674 2370 3805 2432; x_wconf 86' lang='lat' dir='ltr'>Mo·</span> <span class='ocrx_word' id='word_1_372' title='bbox 3865 2402 4126 2467; x_wconf 80' lang='lat' dir='ltr'>Mogunti-</span> 
     </span>
     <span class='ocr_line' id='line_1_63' title="bbox 2256 2479 4063 2571; baseline -0.001 -20"><span class='ocrx_word' id='word_1_373' title='bbox 2256 2484 2606 2571; x_wconf 89' lang='lat' dir='ltr'>guntinum</span> <span class='ocrx_word' id='word_1_374' title='bbox 2641 2506 2788 2571; x_wconf 84' lang='lat' dir='ltr'>cap.</span> <span class='ocrx_word' id='word_1_375' title='bbox 2839 2489 2943 2552; x_wconf 84' lang='lat'>11.</span> <span class='ocrx_word' id='word_1_376' title='bbox 2997 2496 3186 2551; x_wconf 89' lang='lat' dir='ltr'>vocat</span> <span class='ocrx_word' id='word_1_377' title='bbox 3242 2485 3661 2550; x_wconf 89' lang='lat' dir='ltr'>Sacramenta</span> <span class='ocrx_word' id='word_1_378' title='bbox 3701 2483 3804 2549; x_wconf 92' lang='lat' dir='ltr'>in-</span> <span class='ocrx_word' id='word_1_379' title='bbox 3917 2479 4063 2516; x_wconf 58' lang='grc' dir='ltr'>ΜΨ·</span> 
     </span>
     <span class='ocr_line' id='line_1_64' title="bbox 2258 2600 3080 2668; baseline -0.001 -1"><span class='ocrx_word' id='word_1_380' title='bbox 2258 2611 2624 2668; x_wconf 89' lang='lat' dir='ltr'>strumenta</span> <span class='ocrx_word' id='word_1_381' title='bbox 2663 2612 2725 2667; x_wconf 91' lang='lat' dir='ltr'>et</span> <span class='ocrx_word' id='word_1_382' title='bbox 2767 2600 3080 2668; x_wconf 88' lang='lat' dir='ltr'>remedia.</span> 
     </span>
    </p>

    <p class='ocr_par' dir='ltr' id='par_1_22' title="bbox 2259 2716 4172 2921">
     <span class='ocr_line' id='line_1_65' title="bbox 2346 2716 4172 2828; baseline 0 -45"><span class='ocrx_word' id='word_1_383' title='bbox 2346 2717 2800 2804; x_wconf 89' lang='lat' dir='ltr'>Respondetur</span> <span class='ocrx_word' id='word_1_384' title='bbox 2838 2737 2919 2784; x_wconf 83' lang='lat' dir='ltr'>ex</span> <span class='ocrx_word' id='word_1_385' title='bbox 2950 2718 3142 2784; x_wconf 90' lang='lat' dir='ltr'>dictis</span> <span class='ocrx_word' id='word_1_386' title='bbox 3176 2717 3282 2783; x_wconf 92' lang='lat' dir='ltr'>illa</span> <span class='ocrx_word' id='word_1_387' title='bbox 3332 2717 3546 2783; x_wconf 90' lang='lat' dir='ltr'>omnia</span> <span class='ocrx_word' id='word_1_388' title='bbox 3593 2716 3810 2784; x_wconf 88' lang='lat' dir='ltr'>verifi-</span> <span class='ocrx_word' id='word_1_389' title='bbox 3867 2759 4172 2828; x_wconf 79' lang='lat' dir='ltr'>Baptismus</span> 
     </span>
     <span class='ocr_line' id='line_1_66' title="bbox 2259 2829 4142 2921; baseline -0.001 -20"><span class='ocrx_word' id='word_1_390' title='bbox 2259 2834 2391 2901; x_wconf 90' lang='lat' dir='ltr'>cari</span> <span class='ocrx_word' id='word_1_391' title='bbox 2439 2834 2519 2901; x_wconf 91' lang='lat' dir='ltr'>de</span> <span class='ocrx_word' id='word_1_392' title='bbox 2558 2834 2995 2902; x_wconf 90' lang='lat' dir='ltr'>Sacramentis</span> <span class='ocrx_word' id='word_1_393' title='bbox 3068 2845 3376 2921; x_wconf 89' lang='lat' dir='ltr'>tanquam</span> <span class='ocrx_word' id='word_1_394' title='bbox 3417 2834 3635 2901; x_wconf 89' lang='lat' dir='ltr'>causis</span> <span class='ocrx_word' id='word_1_395' title='bbox 3677 2855 3810 2900; x_wconf 90' lang='lat' dir='ltr'>mo·</span> <span class='ocrx_word' id='word_1_396' title='bbox 3869 2829 3947 2872; x_wconf 71' lang='lat'>’⁸²</span> <span class='ocrx_word' id='word_1_397' title='bbox 3983 2839 4142 2873; x_wconf 58' lang='lat'>‘²⁸⁰⁸‘</span> 
     </span>
    </p>
   </div>
   <div class='ocr_carea' id='block_1_20' title="bbox 2262 2886 4171 3038">
    <p class='ocr_par' dir='ltr' id='par_1_23' title="bbox 2262 2886 4171 3038">
     <span class='ocr_line' id='line_1_67' title="bbox 2262 2886 4171 3038; baseline -0.003 -21"><span class='ocrx_word' id='word_1_398' title='bbox 2262 2951 2531 3030; x_wconf 89' lang='lat' dir='ltr'>ralibus,</span> <span class='ocrx_word' id='word_1_399' title='bbox 2569 2962 2634 3017; x_wconf 91' lang='lat' dir='ltr'>et</span> <span class='ocrx_word' id='word_1_400' title='bbox 2664 2972 2793 3017; x_wconf 90' lang='lat' dir='ltr'>non</span> <span class='ocrx_word' id='word_1_401' title='bbox 2844 2949 3158 3038; x_wconf 80' lang='lat' dir='ltr'>physicis,</span> <span class='ocrx_word' id='word_1_402' title='bbox 3205 2949 3426 3017; x_wconf 82' lang='lat' dir='ltr'>Abluit</span> <span class='ocrx_word' id='word_1_403' title='bbox 3458 2971 3616 3037; x_wconf 90' lang='lat' dir='ltr'>ergo</span> <span class='ocrx_word' id='word_1_404' title='bbox 3647 2969 3815 3038; x_wconf 89' lang='lat' dir='ltr'>aqua</span> <span class='ocrx_word' id='word_1_405' title='bbox 3853 2886 4171 3003; x_wconf 63' lang='lat' dir='ltr'>5„2¹}3f,‡,¹,¹,⁸„.</span> 
     </span>
    </p>
   </div>
   <div class='ocr_carea' id='block_1_21' title="bbox 2263 3016 4158 5478">
    <p class='ocr_par' dir='ltr' id='par_1_24' title="bbox 2263 3016 4080 3505">
     <span class='ocr_line' id='line_1_68' title="bbox 2263 3016 4080 3155; baseline 0 -22"><span class='ocrx_word' id='word_1_406' title='bbox 2263 3089 2398 3149; x_wconf 68' lang='lat' dir='ltr'>(mr,</span> <span class='ocrx_word' id='word_1_407' title='bbox 2434 3080 2759 3155; x_wconf 90' lang='lat' dir='ltr'>quatenus</span> <span class='ocrx_word' id='word_1_408' title='bbox 2790 3068 2988 3134; x_wconf 90' lang='lat' dir='ltr'>habet</span> <span class='ocrx_word' id='word_1_409' title='bbox 3021 3086 3341 3133; x_wconf 84' lang='lat' dir='ltr'>annexam</span> <span class='ocrx_word' id='word_1_410' title='bbox 3375 3067 3813 3135; x_wconf 88' lang='lat' dir='ltr'>assistentiam</span> <span class='ocrx_word' id='word_1_411' title='bbox 3934 3016 4080 3066; x_wconf 34' lang='grc' dir='ltr'>ωλι</span> 
     </span>
     <span class='ocr_line' id='line_1_69' title="bbox 2264 3185 3815 3274; baseline -0.001 -22"><span class='ocrx_word' id='word_1_412' title='bbox 2264 3185 2544 3274; x_wconf 89' lang='lat' dir='ltr'>Spiritus</span> <span class='ocrx_word' id='word_1_413' title='bbox 2612 3198 2676 3253; x_wconf 90' lang='lat' dir='ltr'>et</span> <span class='ocrx_word' id='word_1_414' title='bbox 2751 3185 2860 3253; x_wconf 89' lang='lat' dir='ltr'>Dei</span> <span class='ocrx_word' id='word_1_415' title='bbox 2924 3196 3207 3272; x_wconf 89' lang='lat' dir='ltr'>pactum.</span> <span class='ocrx_word' id='word_1_416' title='bbox 3261 3187 3615 3252; x_wconf 85' lang='lat' dir='ltr'>Enumerat</span> <span class='ocrx_word' id='word_1_417' title='bbox 3677 3187 3815 3251; x_wconf 86' lang='lat' dir='ltr'>Tri·</span> 
     </span>
     <span class='ocr_line' id='line_1_70' title="bbox 2264 3301 3815 3389; baseline -0.001 -20"><span class='ocrx_word' id='word_1_418' title='bbox 2264 3302 2603 3369; x_wconf 89' lang='lat' dir='ltr'>dentinum</span> <span class='ocrx_word' id='word_1_419' title='bbox 2671 3321 2900 3369; x_wconf 88' lang='lat' dir='ltr'>causas</span> <span class='ocrx_word' id='word_1_420' title='bbox 2932 3323 3047 3388; x_wconf 91' lang='lat' dir='ltr'>per</span> <span class='ocrx_word' id='word_1_421' title='bbox 3084 3322 3156 3368; x_wconf 91' lang='lat' dir='ltr'>se</span> <span class='ocrx_word' id='word_1_422' title='bbox 3204 3313 3268 3367; x_wconf 91' lang='lat' dir='ltr'>et</span> <span class='ocrx_word' id='word_1_423' title='bbox 3299 3301 3594 3388; x_wconf 88' lang='lat' dir='ltr'>proprias</span> <span class='ocrx_word' id='word_1_424' title='bbox 3624 3302 3815 3389; x_wconf 85' lang='lat' dir='ltr'>justi-</span> 
     </span>
     <span class='ocr_line' id='line_1_71' title="bbox 2265 3416 3819 3505; baseline -0.001 -22"><span class='ocrx_word' id='word_1_425' title='bbox 2265 3417 2613 3497; x_wconf 86' lang='lat' dir='ltr'>ficationis,</span> <span class='ocrx_word' id='word_1_426' title='bbox 2660 3437 2935 3505; x_wconf 87' lang='lat' dir='ltr'>quarum</span> <span class='ocrx_word' id='word_1_427' title='bbox 2978 3436 3106 3483; x_wconf 89' lang='lat' dir='ltr'>una</span> <span class='ocrx_word' id='word_1_428' title='bbox 3150 3429 3250 3482; x_wconf 90' lang='lat' dir='ltr'>est</span> <span class='ocrx_word' id='word_1_429' title='bbox 3283 3416 3681 3503; x_wconf 81' lang='lat' dir='ltr'>BaptismuS,</span> <span class='ocrx_word' id='word_1_430' title='bbox 3720 3416 3819 3483; x_wconf 92' lang='lat' dir='ltr'>al-</span> 
     </span>
    </p>

    <p class='ocr_par' dir='ltr' id='par_1_25' title="bbox 2264 3532 3817 3621">
     <span class='ocr_line' id='line_1_72' title="bbox 2264 3532 3817 3621; baseline 0 -22"><span class='ocrx_word' id='word_1_431' title='bbox 2264 3545 2400 3602; x_wconf 88' lang='lat' dir='ltr'>tera</span> <span class='ocrx_word' id='word_1_432' title='bbox 2449 3533 2642 3602; x_wconf 89' lang='lat' dir='ltr'>etiam</span> <span class='ocrx_word' id='word_1_433' title='bbox 2694 3533 2925 3600; x_wconf 90' lang='lat' dir='ltr'>merita</span> <span class='ocrx_word' id='word_1_434' title='bbox 2967 3532 3233 3613; x_wconf 90' lang='lat' dir='ltr'>Christi,</span> <span class='ocrx_word' id='word_1_435' title='bbox 3272 3545 3336 3600; x_wconf 88' lang='lat' dir='ltr'>et</span> <span class='ocrx_word' id='word_1_436' title='bbox 3393 3533 3817 3621; x_wconf 90' lang='lat' dir='ltr'>principalior</span> 
     </span>
    </p>

    <p class='ocr_par' dir='ltr' id='par_1_26' title="bbox 2267 3649 3821 3738">
     <span class='ocr_line' id='line_1_73' title="bbox 2267 3649 3821 3738; baseline -0.001 -21"><span class='ocrx_word' id='word_1_437' title='bbox 2267 3671 2461 3738; x_wconf 90' lang='lat' dir='ltr'>quam</span> <span class='ocrx_word' id='word_1_438' title='bbox 2506 3651 2900 3737; x_wconf 76' lang='lat' dir='ltr'>BaptismuS,</span> <span class='ocrx_word' id='word_1_439' title='bbox 2938 3670 3088 3737; x_wconf 65' lang='lat' dir='ltr'>quae</span> <span class='ocrx_word' id='word_1_440' title='bbox 3129 3670 3259 3716; x_wconf 92' lang='lat' dir='ltr'>non</span> <span class='ocrx_word' id='word_1_441' title='bbox 3291 3661 3562 3717; x_wconf 85' lang='lat' dir='ltr'>causant</span> <span class='ocrx_word' id='word_1_442' title='bbox 3597 3649 3821 3737; x_wconf 88' lang='lat' dir='ltr'>physi-</span> 
     </span>
    </p>

    <p class='ocr_par' dir='ltr' id='par_1_27' title="bbox 2269 3768 2931 3836">
     <span class='ocr_line' id='line_1_74' title="bbox 2269 3768 2931 3836; baseline -0.002 -2"><span class='ocrx_word' id='word_1_443' title='bbox 2269 3789 2341 3835; x_wconf 88' lang='lat' dir='ltr'>ce</span> <span class='ocrx_word' id='word_1_444' title='bbox 2372 3790 2565 3836; x_wconf 91' lang='lat' dir='ltr'>suum</span> <span class='ocrx_word' id='word_1_445' title='bbox 2598 3768 2931 3836; x_wconf 88' lang='lat' dir='ltr'>effectum.</span> 
     </span>
    </p>

    <p class='ocr_par' dir='ltr' id='par_1_28' title="bbox 2272 3882 4158 5478">
     <span class='ocr_line' id='line_1_75' title="bbox 2358 3882 4150 3967; baseline 0.003 -16"><span class='ocrx_word' id='word_1_446' title='bbox 2358 3884 2632 3951; x_wconf 87' lang='lat' dir='ltr'>Perinde</span> <span class='ocrx_word' id='word_1_447' title='bbox 2689 3885 2884 3951; x_wconf 91' lang='lat' dir='ltr'>etiam</span> <span class='ocrx_word' id='word_1_448' title='bbox 2937 3883 3040 3950; x_wconf 85' lang='lat' dir='ltr'>illa</span> <span class='ocrx_word' id='word_1_449' title='bbox 3107 3882 3246 3951; x_wconf 91' lang='lat' dir='ltr'>loca</span> <span class='ocrx_word' id='word_1_450' title='bbox 3296 3884 3671 3952; x_wconf 87' lang='lat' dir='ltr'>referuntur</span> <span class='ocrx_word' id='word_1_451' title='bbox 3738 3882 3818 3949; x_wconf 86' lang='lat' dir='ltr'>ad</span> <span class='ocrx_word' id='word_1_452' title='bbox 3878 3905 4150 3967; x_wconf 78' lang='lat' dir='ltr'>Probatio,</span> 
     </span>
     <span class='ocr_line' id='line_1_76' title="bbox 2272 3975 4158 4095; baseline -0.001 -29"><span class='ocrx_word' id='word_1_453' title='bbox 2272 4020 2752 4087; x_wconf 90' lang='lat' dir='ltr'>quemcumque</span> <span class='ocrx_word' id='word_1_454' title='bbox 2791 3999 3118 4078; x_wconf 86' lang='lat' dir='ltr'>effectum,</span> <span class='ocrx_word' id='word_1_455' title='bbox 3158 3999 3268 4087; x_wconf 89' lang='lat' dir='ltr'>qui</span> <span class='ocrx_word' id='word_1_456' title='bbox 3310 4021 3391 4065; x_wconf 84' lang='lat' dir='ltr'>ex</span> <span class='ocrx_word' id='word_1_457' title='bbox 3432 3999 3675 4065; x_wconf 88' lang='lat' dir='ltr'>virtute</span> <span class='ocrx_word' id='word_1_458' title='bbox 3707 4001 3818 4064; x_wconf 90' lang='lat' dir='ltr'>Sa·</span> <span class='ocrx_word' id='word_1_459' title='bbox 3871 3975 4158 4095; x_wconf 49' lang='lat' dir='ltr'>„pffssfflo</span> 
     </span>
     <span class='ocr_line' id='line_1_77' title="bbox 2273 4096 4143 4203; baseline -0.001 -20"><span class='ocrx_word' id='word_1_460' title='bbox 2273 4116 2585 4183; x_wconf 74' lang='lat' dir='ltr'>crementi</span> <span class='ocrx_word' id='word_1_461' title='bbox 2618 4115 2974 4197; x_wconf 87' lang='lat' dir='ltr'>confertur,</span> <span class='ocrx_word' id='word_1_462' title='bbox 3020 4115 3230 4203; x_wconf 87' lang='lat' dir='ltr'>qualis</span> <span class='ocrx_word' id='word_1_463' title='bbox 3260 4126 3358 4181; x_wconf 88' lang='lat' dir='ltr'>est</span> <span class='ocrx_word' id='word_1_464' title='bbox 3394 4114 3606 4202; x_wconf 90' lang='lat' dir='ltr'>gratia</span> <span class='ocrx_word' id='word_1_465' title='bbox 3637 4127 3820 4182; x_wconf 89' lang='lat' dir='ltr'>actu·</span> <span class='ocrx_word' id='word_1_466' title='bbox 3894 4096 3937 4144; x_wconf 85' lang='lat' dir='ltr'>P</span> <span class='ocrx_word' id='word_1_467' title='bbox 3940 4099 4143 4146; x_wconf 77' lang='lat' dir='ltr'>atrum.</span> 
     </span>
     <span class='ocr_line' id='line_1_78' title="bbox 2274 4229 3822 4318; baseline -0.003 -18"><span class='ocrx_word' id='word_1_468' title='bbox 2274 4231 2393 4300; x_wconf 89' lang='lat' dir='ltr'>alis</span> <span class='ocrx_word' id='word_1_469' title='bbox 2442 4231 2710 4298; x_wconf 90' lang='lat' dir='ltr'>effectus</span> <span class='ocrx_word' id='word_1_470' title='bbox 2776 4231 3029 4318; x_wconf 79' lang='lat' dir='ltr'>gratiae,</span> <span class='ocrx_word' id='word_1_471' title='bbox 3079 4251 3272 4318; x_wconf 89' lang='lat' dir='ltr'>quem</span> <span class='ocrx_word' id='word_1_472' title='bbox 3342 4231 3571 4318; x_wconf 89' lang='lat' dir='ltr'>recipit</span> <span class='ocrx_word' id='word_1_473' title='bbox 3629 4229 3822 4297; x_wconf 87' lang='lat' dir='ltr'>fictus</span> 
     </span>
     <span class='ocr_line' id='line_1_79' title="bbox 2276 4346 3824 4428; baseline -0.002 -13"><span class='ocrx_word' id='word_1_474' title='bbox 2276 4348 2616 4415; x_wconf 89' lang='lat' dir='ltr'>recedente</span> <span class='ocrx_word' id='word_1_475' title='bbox 2648 4347 2929 4428; x_wconf 83' lang='lat' dir='ltr'>fictione,</span> <span class='ocrx_word' id='word_1_476' title='bbox 2966 4367 3046 4413; x_wconf 84' lang='lat' dir='ltr'>ex</span> <span class='ocrx_word' id='word_1_477' title='bbox 3088 4346 3376 4413; x_wconf 87' lang='lat' dir='ltr'>efficacia</span> <span class='ocrx_word' id='word_1_478' title='bbox 3424 4346 3824 4414; x_wconf 89' lang='lat' dir='ltr'>Sacramenti</span> 
     </span>
     <span class='ocr_line' id='line_1_80' title="bbox 2279 4458 3828 4546; baseline -0.002 -19"><span class='ocrx_word' id='word_1_479' title='bbox 2279 4460 2617 4546; x_wconf 83' lang='lat' dir='ltr'>praeteriti,</span> <span class='ocrx_word' id='word_1_480' title='bbox 2690 4473 2802 4528; x_wconf 89' lang='lat' dir='ltr'>aut</span> <span class='ocrx_word' id='word_1_481' title='bbox 2854 4472 3030 4527; x_wconf 89' lang='lat' dir='ltr'>certe</span> <span class='ocrx_word' id='word_1_482' title='bbox 3086 4458 3510 4540; x_wconf 90' lang='lat' dir='ltr'>characteris,</span> <span class='ocrx_word' id='word_1_483' title='bbox 3549 4470 3828 4546; x_wconf 91' lang='lat' dir='ltr'>uterque</span> 
     </span>
     <span class='ocr_line' id='line_1_81' title="bbox 2277 4576 3831 4664; baseline -0.001 -22"><span class='ocrx_word' id='word_1_484' title='bbox 2277 4577 2546 4644; x_wconf 88' lang='lat' dir='ltr'>effectus</span> <span class='ocrx_word' id='word_1_485' title='bbox 2611 4576 2921 4664; x_wconf 89' lang='lat' dir='ltr'>competit</span> <span class='ocrx_word' id='word_1_486' title='bbox 2996 4580 3439 4656; x_wconf 81' lang='lat' dir='ltr'>SacramentO,</span> <span class='ocrx_word' id='word_1_487' title='bbox 3499 4586 3569 4642; x_wconf 92' lang='lat' dir='ltr'>ut</span> <span class='ocrx_word' id='word_1_488' title='bbox 3613 4595 3831 4643; x_wconf 81' lang='lat' dir='ltr'>causae</span> 
     </span>
     <span class='ocr_line' id='line_1_82' title="bbox 2280 4691 3830 4770; baseline 0.001 -11"><span class='ocrx_word' id='word_1_489' title='bbox 2280 4692 2528 4761; x_wconf 90' lang='lat' dir='ltr'>morali.</span> <span class='ocrx_word' id='word_1_490' title='bbox 2564 4693 2832 4770; x_wconf 86' lang='lat' dir='ltr'>Quando</span> <span class='ocrx_word' id='word_1_491' title='bbox 2877 4692 3072 4760; x_wconf 90' lang='lat' dir='ltr'>etiam</span> <span class='ocrx_word' id='word_1_492' title='bbox 3112 4693 3445 4759; x_wconf 86' lang='lat' dir='ltr'>confertur</span> <span class='ocrx_word' id='word_1_493' title='bbox 3507 4691 3830 4760; x_wconf 90' lang='lat' dir='ltr'>mediante</span> 
     </span>
     <span class='ocr_line' id='line_1_83' title="bbox 2279 4808 3829 4897; baseline -0.001 -21"><span class='ocrx_word' id='word_1_494' title='bbox 2279 4810 2633 4897; x_wconf 89' lang='lat' dir='ltr'>Baptismo,</span> <span class='ocrx_word' id='word_1_495' title='bbox 2706 4810 2887 4876; x_wconf 87' lang='lat' dir='ltr'>verbi</span> <span class='ocrx_word' id='word_1_496' title='bbox 2938 4808 3173 4897; x_wconf 85' lang='lat' dir='ltr'>gratia,</span> <span class='ocrx_word' id='word_1_497' title='bbox 3246 4808 3518 4876; x_wconf 85' lang='lat' dir='ltr'>effectus</span> <span class='ocrx_word' id='word_1_498' title='bbox 3591 4808 3829 4896; x_wconf 89' lang='lat' dir='ltr'>aliquis</span> 
     </span>
     <span class='ocr_line' id='line_1_84' title="bbox 2281 4923 3828 5012; baseline -0.001 -20"><span class='ocrx_word' id='word_1_499' title='bbox 2281 4925 2734 5007; x_wconf 79' lang='lat' dir='ltr'>miraculosuS,</span> <span class='ocrx_word' id='word_1_500' title='bbox 2781 4925 2859 4992; x_wconf 89' lang='lat' dir='ltr'>ad</span> <span class='ocrx_word' id='word_1_501' title='bbox 2909 4925 3219 4993; x_wconf 88' lang='lat' dir='ltr'>virtutem</span> <span class='ocrx_word' id='word_1_502' title='bbox 3261 4924 3575 5012; x_wconf 90' lang='lat' dir='ltr'>Baptismi</span> <span class='ocrx_word' id='word_1_503' title='bbox 3627 4923 3828 4991; x_wconf 85' lang='lat' dir='ltr'>refer-</span> 
     </span>
     <span class='ocr_line' id='line_1_85' title="bbox 2280 5041 3832 5128; baseline 0 -21"><span class='ocrx_word' id='word_1_504' title='bbox 2280 5054 2410 5123; x_wconf 92' lang='lat' dir='ltr'>tur,</span> <span class='ocrx_word' id='word_1_505' title='bbox 2464 5063 2611 5128; x_wconf 83' lang='lat' dir='ltr'>quae</span> <span class='ocrx_word' id='word_1_506' title='bbox 2649 5042 2774 5108; x_wconf 89' lang='lat' dir='ltr'>erit</span> <span class='ocrx_word' id='word_1_507' title='bbox 2839 5053 3092 5108; x_wconf 91' lang='lat' dir='ltr'>tantum</span> <span class='ocrx_word' id='word_1_508' title='bbox 3155 5041 3444 5108; x_wconf 76' lang='lat' dir='ltr'>moralis,</span> <span class='ocrx_word' id='word_1_509' title='bbox 3516 5041 3832 5128; x_wconf 87' lang='lat' dir='ltr'>Superius</span> 
     </span>
     <span class='ocr_line' id='line_1_86' title="bbox 2280 5156 3832 5243; baseline -0.001 -19"><span class='ocrx_word' id='word_1_510' title='bbox 2280 5158 2475 5224; x_wconf 89' lang='lat' dir='ltr'>etiam</span> <span class='ocrx_word' id='word_1_511' title='bbox 2552 5158 2959 5225; x_wconf 88' lang='lat' dir='ltr'>ostendimus</span> <span class='ocrx_word' id='word_1_512' title='bbox 3025 5177 3138 5243; x_wconf 91' lang='lat' dir='ltr'>per</span> <span class='ocrx_word' id='word_1_513' title='bbox 3193 5156 3487 5224; x_wconf 91' lang='lat' dir='ltr'>eamdem</span> <span class='ocrx_word' id='word_1_514' title='bbox 3558 5158 3832 5223; x_wconf 89' lang='lat' dir='ltr'>formam</span> 
     </span>
     <span class='ocr_line' id='line_1_87' title="bbox 2279 5272 3828 5362; baseline -0.001 -22"><span class='ocrx_word' id='word_1_515' title='bbox 2279 5276 2630 5348; x_wconf 85' lang='lat' dir='ltr'>verborum</span> <span class='ocrx_word' id='word_1_516' title='bbox 2672 5275 2737 5341; x_wconf 95' lang='lat' dir='ltr'>in</span> <span class='ocrx_word' id='word_1_517' title='bbox 2779 5274 3113 5362; x_wconf 91' lang='lat' dir='ltr'>Scriptura</span> <span class='ocrx_word' id='word_1_518' title='bbox 3155 5274 3434 5361; x_wconf 85' lang='lat' dir='ltr'>exprimi</span> <span class='ocrx_word' id='word_1_519' title='bbox 3468 5272 3828 5340; x_wconf 86' lang='lat' dir='ltr'>efficaciam</span> 
     </span>
     <span class='ocr_line' id='line_1_88' title="bbox 2283 5389 3832 5478; baseline -0.001 -22"><span class='ocrx_word' id='word_1_520' title='bbox 2283 5389 2457 5470; x_wconf 85' lang='lat' dir='ltr'>fidei,</span> <span class='ocrx_word' id='word_1_521' title='bbox 2494 5390 2922 5478; x_wconf 67' lang='lat' dir='ltr'>poenitentiae,</span> <span class='ocrx_word' id='word_1_522' title='bbox 2983 5389 3345 5467; x_wconf 82' lang='lat' dir='ltr'>charitatiS,</span> <span class='ocrx_word' id='word_1_523' title='bbox 3420 5401 3542 5456; x_wconf 89' lang='lat' dir='ltr'>etc.</span> <span class='ocrx_word' id='word_1_524' title='bbox 3588 5389 3832 5477; x_wconf 87' lang='lat' dir='ltr'>quibus</span> 
     </span>
    </p>
   </div>
   <div class='ocr_carea' id='block_1_22' title="bbox 2283 5504 3834 5592">
    <p class='ocr_par' dir='ltr' id='par_1_29' title="bbox 2283 5504 3834 5592">
     <span class='ocr_line' id='line_1_89' title="bbox 2283 5504 3834 5592; baseline -0.001 -18"><span class='ocrx_word' id='word_1_525' title='bbox 2283 5505 2547 5574; x_wconf 88' lang='lat' dir='ltr'>moralis</span> <span class='ocrx_word' id='word_1_526' title='bbox 2578 5506 2868 5574; x_wconf 89' lang='lat' dir='ltr'>efficacia</span> <span class='ocrx_word' id='word_1_527' title='bbox 2899 5505 3212 5592; x_wconf 90' lang='lat' dir='ltr'>competit</span> <span class='ocrx_word' id='word_1_528' title='bbox 3249 5504 3485 5574; x_wconf 87' lang='lat' dir='ltr'>solum.</span> <span class='ocrx_word' id='word_1_529' title='bbox 3540 5504 3834 5572; x_wconf 86' lang='lat' dir='ltr'>Adducta</span> 
     </span>
    </p>
   </div>
  </div>
 </body>
</html>
