4287 6313
191 602 410 651 ornatus

162 667 440 714 necessust

1612 427 1811 496 DIST.
1845 434 1890 494 1.
1929 420 2294 509 QUAESTIO
2344 421 2421 495 V.

492 598 775 679 essendi,
828 600 972 667 sive
1029 598 1294 665 modum
1352 597 1612 666 essendi
1670 616 2034 664 sacramen-

3600 420 3712 488 157

2143 595 2338 680 ponit
2360 594 2826 681 pluralitatem
2898 592 3044 657 sine
3099 589 3505 668 necessitate,
3560 600 3683 655 etc.

197 727 399 776 adesso
493 717 717 797 talem,
751 717 900 804 quia
933 715 1217 803 primum
1238 726 1339 783 est
1368 715 1619 783 distans
1653 713 1809 803 (non
1848 713 2039 780 datur
2149 712 2266 777 Hic
2328 709 2510 796 ponit
2550 719 2847 796 quartam
2881 706 3195 774 rationem
3244 715 3469 772 contra
3519 723 3689 790 prae-

161 788 348 840 Christi
378 788 437 835 in

141 856 438 964 &ortamen-

205 1426 411 1476 Nullum

171 1490 452 1560 subjectum

194 1566 446 1616 Quam

213 1620 398 1679 potest.

497 848 715 902 autem
761 835 1121 902 secundum
1165 835 1343 922 ipsos
1382 835 1549 902 actio
1580 834 1648 900 in
1695 832 1943 899 distans
1984 832 2033 919 >,

502 972 716 1041 neque
770 973 917 1019 cum
969 950 1099 1019 ulla
1165 950 1542 1038 apparentia
1602 950 1664 1016 id
1721 947 2033 1015 affirmari

515 1079 752 1155 potest,
823 1068 966 1135 ideo
1014 1089 1142 1135 non
1211 1067 1461 1154 indiget
1517 1063 2035 1153 impugnatione,

499 1183 706 1250 donec
766 1184 1065 1251 videatur
1138 1182 1216 1249 ad
1285 1203 1433 1270 quae
1491 1180 1813 1268 principia
1892 1178 2041 1247 talis

502 1301 738 1367 modus
768 1298 1272 1387 philosophandi
1314 1298 1536 1365 reduci
1596 1307 1840 1385 posset.

616 1420 756 1484 Non
821 1415 1208 1497 secundum,
1282 1415 1436 1503 quia
1503 1415 1598 1482 sic
1666 1436 1794 1481 non
1868 1425 2045 1480 esset

506 1533 850 1620 dispositio
918 1533 1165 1621 praevia
1234 1532 1636 1600 necessitans
1702 1530 1781 1598 ad
1848 1528 2042 1597 talem

509 1651 775 1717 modum
807 1650 1064 1718 essendi
1097 1650 1210 1738 qui
1250 1662 1350 1716 est
1379 1649 1700 1716 terminus
1741 1647 1820 1714 ad
1853 1668 2046 1735 quem

510 1767 836 1854 disponit;
875 1788 1002 1833 non
1046 1767 1110 1833 in
1143 1766 1512 1853 speciebus,
1558 1764 1710 1853 quia
1741 1764 1837 1831 sic
1875 1775 2051 1831 esset

503 1884 721 1972 aliqua
761 1885 1042 1973 qualitas
1112 1883 1468 1951 materialis
1508 1882 1842 1949 inhaerens
1885 1881 2046 1969 ipsis

505 2012 578 2068 ut
627 2001 944 2089 subjecto,
1009 2022 1084 2068 ac
1125 2000 1400 2088 proinde
1448 2020 1577 2066 non
1629 1999 2054 2066 necessitaret

498 2116 577 2183 ad
647 2119 1123 2204 separationem
1202 2116 1571 2205 specierum
1644 2137 1680 2182 a
1728 2116 2048 2202 subjecto,

500 2234 616 2322 qui
657 2246 757 2301 est
796 2234 1026 2301 modus
1082 2232 1528 2301 connaturalis
1577 2232 1840 2299 essendi
1882 2231 2052 2318 ipsa-

511 2370 658 2417 rum
699 2373 714 2429 ;
768 2350 1068 2417 accidens
1096 2362 1309 2417 autem
1371 2347 1719 2415 inclinatur
1756 2348 1835 2414 ad
1862 2368 2053 2415 suum

505 2467 873 2553 subjectum
934 2466 1058 2533 hoc
1134 2467 1349 2547 modo,
1421 2488 1455 2533 a
1523 2486 1652 2552 quo
1709 2464 2053 2552 dependet,

519 2604 650 2649 non
672 2595 771 2649 est
801 2583 1161 2650 substantia
1188 2583 1376 2670 panis
1404 2605 1485 2650 ex
1522 2582 1744 2651 eadem
1780 2582 2054 2658 ratione,

512 2700 667 2785 quia
710 2720 839 2766 non
908 2699 1328 2766 necessitaret
1381 2698 1461 2766 ad
1500 2721 1635 2766 non
1675 2720 1807 2764 esse
1836 2697 2056 2783 panis;

512 2817 856 2905 dispositio
913 2819 1086 2884 enim
1143 2817 1546 2886 necessitans
1587 2817 1850 2885 videtur
1890 2837 2064 2883 sem-

515 2956 633 3021 per
687 2935 999 3021 conjungi
1048 2945 1113 3001 et
1144 2955 1566 3021 perseverare
1603 2954 1752 3000 cum
1783 2931 2064 2999 termino

514 3049 595 3115 ad
658 3070 852 3136 quem
905 3050 1275 3131 necessitat,
1331 3071 1404 3116 ac
1469 3048 1765 3136 proinde,
1828 3047 1885 3115 si
1965 3059 2065 3113 est

513 3165 842 3246 accidens,
906 3167 1174 3252 exigere
1235 3165 1748 3253 permanentiam
1782 3162 2064 3250 subjecti

524 3302 561 3348 a
600 3303 730 3369 quo
758 3281 1102 3369 dependet,
1150 3303 1279 3348 non
1335 3295 1557 3350 essent
1604 3282 1808 3349 verba
1839 3300 2066 3348 conse·

526 3397 864 3480 erationis,
932 3398 1086 3486 quia
1136 3397 1245 3464 illa
1286 3412 1442 3465 sunt
1513 3418 1710 3465 causa
1763 3395 2068 3462 effectiva

517 3514 586 3578 in
645 3512 875 3580 ordine
921 3513 999 3579 ad
1059 3512 1232 3580 aliud
1340 3514 1406 3579 in
1504 3534 1632 3601 quo
1696 3511 2068 3600 producunt

521 3629 1019 3717 dispositionem
1071 3628 1270 3709 illam,
1306 3642 1378 3696 ut
1407 3641 1581 3716 patet
1639 3629 1705 3694 in
1774 3627 1921 3693 aliis
1954 3628 2072 3694 Sa-

525 3744 903 3826 cramentis,
949 3745 1140 3832 juxta
1179 3744 1348 3811 hanc
1404 3743 1823 3811 sententiam.
1881 3742 2070 3809 Dein·

526 3863 608 3930 de
675 3883 805 3929 non
873 3875 1026 3928 sunt
1111 3863 1333 3942 verba,
1409 3874 1479 3929 ut
1555 3859 1921 3949 probatum}
1973 3870 2072 3928 est

525 3991 916 4065 argumento
1000 3979 1427 4067 praecedenti‚
1492 3981 1644 4069 quia
1722 4000 1851 4046 non
1918 3990 2072 4046 sunt

523 4095 787 4185 quando
835 4095 1178 4184 dispositio
1228 4095 1335 4163 illa
1392 4108 1723 4164 causatur.

613 4211 874 4280 Accedit
905 4212 1179 4281 ulterius
1222 4214 1547 4280 servando
1579 4213 2067 4302 proportionem

524 4347 674 4394 cum
706 4326 851 4393 aliis
882 4328 1344 4410 Sacramentis,
1380 4327 1875 4417 dispositionem
1916 4351 2074 4397 cau-

527 4445 662 4511 sari
720 4444 787 4510 in
847 4444 1167 4533 subject0,
1222 4444 1290 4511 in
1357 4465 1485 4532 quo
1565 4446 1879 4533 recipitur
1948 4458 2074 4513 ter-

532 4559 772 4640 minus,
827 4560 997 4647 quod
1051 4561 1115 4626 in
1165 4560 1290 4626 hoc
1342 4563 1759 4628 Sacramento
1818 4561 2073 4628 nullum

531 4689 654 4756 est,
731 4675 881 4762 quia
932 4677 1254 4743 terminus
1312 4688 1413 4742 est
1471 4676 1838 4743 subsistens
1875 4698 2077 4764 ;ergo

533 4805 856 4881 repugnat
898 4793 962 4859 in
1038 4793 1162 4860 hoc
1221 4796 1635 4861 Sacramento
1688 4793 1925 4860 salvari
1982 4794 2078 4860 ef·

535 4908 888 4976 ficientiam
934 4909 1108 4975 illam
1144 4908 1486 4995 physicam
1520 4921 1818 4996 respectu
1863 4909 2080 4975 termi-

536 5024 751 5106 ni,aut
802 5024 1078 5113 alicujus
1119 5026 1384 5111 praevii;
1422 5025 1537 5092 sed
1576 5046 1765 5112 aeque
1819 5026 2083 5112 proprie

535 5143 1030 5207 Sacramentum
1125 5140 1250 5207 hoc
1339 5152 1562 5207 causat
1649 5161 1843 5207 suum
1920 5141 2083 5208 effe-

533 5268 714 5324 ctum
777 5257 946 5323 sicut
994 5256 1242 5344 reliqua
1295 5267 1725 5338 sacramenta,
1780 5277 1938 5345 ergo
1993 5258 2083 5324 ef-

535 5371 822 5439 ficientia
853 5384 1410 5439 sacramentorum
1431 5394 1559 5439 non
1580 5383 1680 5439 est
1718 5372 2085 5441 reducenda

536 5488 620 5556 ad
661 5487 1031 5575 physicam,
1084 5489 1208 5556 hoc
1245 5486 1463 5554 modo.

629 5602 725 5692 (d)
771 5605 1025 5681 Quarto
1069 5606 1382 5694 arquitur
1433 5604 1608 5693 quod
1655 5605 1784 5671 ista
1855 5606 2087 5694 opinio

2152 827 2395 893 dictum
2446 837 2749 892 ornatum
2828 836 2893 892 et
2950 822 3474 911 dispositionem,
3541 818 3693 908 quia

2154 941 2486 1029 superflue
2521 940 2785 1029 ponitur
2824 953 3049 1008 contra
3075 939 3434 1007 doctrinam
3478 936 3693 1002 Philo-

2155 1061 2512 1148 sophorum
2585 1066 2644 1127 1.
2732 1061 3004 1146 Physic.
3079 1069 3261 1125 textu
3319 1063 3426 1125 50.
3498 1068 3560 1123 et
3627 1059 3693 1121 3.

2155 1176 2239 1242 de
2287 1177 2542 1244 Anima
2584 1187 2765 1241 textu
2823 1177 2931 1242 60.
2979 1187 3039 1241 et
3071 1178 3134 1241 8.
3180 1175 3451 1260 Physic.
3515 1180 3699 1237 textu

2156 1295 2268 1361 48.
2323 1304 2383 1359 et
2426 1298 2486 1360 1.
2523 1292 2603 1358 de
2657 1293 2857 1370 Coelo,
2898 1301 3057 1358 text.
3125 1312 3288 1357 com.
3337 1293 3445 1356 32.
3507 1286 3697 1354 Vide-

2156 1410 2709 1497 tur,inquit,pura
2734 1408 2908 1475 fictio
2947 1407 3141 1475 talem
3185 1407 3250 1473 in
3294 1404 3702 1473 Eucharistia

2159 1544 2477 1594 asserere.
2523 1527 2680 1590 Item
2720 1524 2784 1590 in
2827 1521 3260 1591 Sacramentis
3302 1543 3449 1609 quae
3481 1518 3704 1607 impri-

2162 1651 2351 1705 munt
2410 1640 2878 1717 characterem,
2944 1637 3187 1705 sufficit
3241 1659 3321 1704 ex
3372 1638 3708 1703 communi

2161 1755 2469 1842 opinione
2498 1755 2983 1843 Theologorum
3026 1755 3167 1841 ipse
3222 1755 3581 1833 character,
3643 1764 3714 1818 ut

2164 1871 2505 1939 recedente
2573 1871 2836 1938 fictione
2892 1871 3083 1937 detur
3121 1870 3424 1951 effectuS,
3468 1880 3532 1935 et
3563 1868 3707 1934 ideo

2165 1990 2654 2055 Sacramentum
2711 1999 2809 2054 est
2876 1986 3244 2053 initerabile
3293 2009 3309 2066 ;
3375 1986 3440 2052 in
3493 1985 3715 2051 Poeni-

2164 2103 2369 2170 tentia
2400 2115 2614 2170 autem
2685 2102 3025 2170 recedente
3064 2100 3325 2171 fictione
3365 2100 3527 2167 nihil
3587 2111 3709 2179 est,

2169 2217 2340 2307 quod
2433 2218 2542 2284 det
2618 2217 2919 2285 effectum
3000 2215 3452 2304 principalem,
3551 2214 3712 2282 alias

2172 2355 2301 2401 non
2376 2347 2550 2403 esset
2611 2333 3051 2402 necessarium
3093 2333 3189 2400 sic
3222 2334 3442 2399 fictum
3477 2332 3556 2398 de
3596 2331 3711 2397 iis-

2171 2450 2316 2517 dem
2377 2451 2656 2538 peccatis
2706 2451 2943 2518 iterum
2976 2450 3293 2530 confiteri,
3348 2462 3470 2517 etc.
3533 2442 3714 2516 Circa

2177 2572 2347 2639 hanc
2389 2572 2679 2640 ultimam
2739 2573 3114 2640 instantiam
3167 2572 3289 2638 erit
3334 2582 3714 2638 controver-

2175 2688 2272 2754 sia
2322 2688 2489 2755 infra
2528 2689 2595 2754 in
2637 2689 2905 2755 materia
2943 2689 3022 2756 de
3055 2688 3444 2755 Poenitentia
3494 2700 3715 2754 utrum

2175 2803 2446 2887 scilicet,
2500 2807 2904 2872 Poenitentia
2931 2807 3019 2871 sie
3059 2805 3290 2871 valida
3336 2806 3717 2889 informis?

2175 2923 2375 2988 Casus
2414 2934 2627 2988 autem
2663 2943 2955 3009 praesens
3004 2921 3271 2988 formari
3305 2932 3516 3009 potest
3569 2942 3718 2987 cum

2175 3039 2686 3120 circumstantia,
2725 3039 2897 3125 quod
2930 3059 3058 3105 non
3101 3039 3269 3106 adsit
3320 3039 3488 3106 bona
3527 3038 3716 3107 fides.

2181 3159 2261 3223 Et
2324 3155 2776 3245 supponendo,
2841 3178 2923 3222 ex
2988 3155 3369 3224 Tridentino
3444 3169 3508 3224 et
3574 3156 3720 3223 Flo-

2180 3273 2461 3352 rentino,
2507 3276 2996 3340 Sacramentum
3033 3270 3441 3338 Poenitentiae
3481 3271 3722 3358 prima-

2182 3390 2278 3456 rio
2335 3389 2696 3456 consistere
2761 3388 2828 3453 in
2914 3388 3345 3467 absolutione,
3419 3408 3566 3476 quae
3625 3399 3725 3454 est

2182 3518 2365 3573 actus
2424 3504 2782 3592 judicialis,
2848 3504 2928 3570 de
2958 3526 3087 3592 quo
3151 3505 3321 3571 infra
3359 3527 3421 3592 q.
3473 3509 3577 3571 14.
3654 3529 3717 3594 q.

2182 3627 2248 3690 4.
2302 3616 2477 3688 eoin
2502 3641 2657 3688 casu
2708 3619 3173 3706 videtur‚quod
3203 3621 3528 3688 absolutio
3561 3642 3718 3688 cau-

2185 3746 2358 3802 saret
2409 3736 2474 3801 in
2533 3734 2682 3802 ficto
2714 3736 2882 3801 hanc
2930 3735 3455 3822 dispositionem,
3518 3738 3715 3804 etiam

2184 3852 2532 3918 accedente
2565 3852 2732 3919 mala
2772 3851 2920 3932 fide,
2967 3851 3119 3939 quia
3162 3852 3330 3918 bona
3365 3851 3525 3919 fides
3558 3854 3725 3919 nihil

2185 3967 2445 4053 supplet
2509 3988 2624 4053 per
2660 3988 2731 4033 se
2770 3966 3158 4054 requisitum
3199 3966 3277 4032 ad
3347 3969 3728 4034 Sacramen·

2184 4096 2323 4150 tum
2392 4082 2851 4162 essentialiter,
2924 4082 3036 4149 sed
3089 4095 3350 4150 excusat
3391 4104 3425 4149 a
3466 4095 3730 4170 peccato

2186 4199 2597 4266 accedentem
2664 4220 2811 4266 cum
2869 4199 3169 4280 defectu3
3205 4199 3377 4286 quod
3425 4220 3583 4285 ergo
3613 4199 3731 4265 ab·

2189 4311 2426 4378 solutio
2467 4322 2616 4378 nata
2659 4322 2837 4379 esset
2878 4311 3088 4378 facere
3120 4321 3331 4378 stante
3372 4311 3541 4377 bona
3574 4308 3724 4391 fide,

2188 4450 2336 4496 cum
2406 4428 2658 4495 defectu
2700 4427 2964 4496 videtur
3030 4449 3223 4516 posse
3271 4429 3482 4495 facere
3528 4426 3723 4505 alias;

2192 4545 2356 4611 forte
2422 4566 2646 4611 casum
2711 4565 2837 4610 non
2924 4545 3269 4611 admittent
3338 4544 3726 4611 adversarii.

2196 4661 2510 4748 Loquitur
2565 4681 2723 4746 ergo
2781 4665 3013 4727 Doctor
3042 4681 3124 4727 ex
3164 4659 3426 4748 propria
3465 4672 3734 4728 senten—

2193 4774 2305 4852 tia,
2387 4793 2582 4860 quem
2646 4772 2755 4838 alii
2840 4773 3037 4839 etiam
3116 4784 3506 4861 sequuntur,
3573 4772 3735 4840 alias

2193 4902 2408 4957 tamen
2458 4888 2646 4957 facile
2713 4892 2856 4957 haec
2911 4889 3075 4956 ratio
3104 4890 3479 4958 confirmari
3514 4903 3733 4977 potest

2195 5027 2275 5072 ex
2306 5004 2791 5092 significatione
2820 5025 3130 5091 expressa
3186 5017 3251 5073 et
3295 5006 3551 5073 formali
3605 5005 3741 5072 for-

2199 5142 2348 5206 mae,
2393 5141 2520 5208 qua
2549 5120 2831 5188 absolvit
2867 5142 2901 5187 a
2933 5121 3384 5209 peccat0,quia
3414 5133 3512 5190 est
3544 5133 3739 5194 mate·

2200 5238 2296 5304 ria
2332 5237 2507 5304 circa
2554 5257 2749 5325 quam
2819 5251 3141 5326 versatur,
3187 5237 3298 5326 qui
3340 5259 3575 5306 sensus
3611 5259 3741 5306 non

2198 5353 2480 5420 refertur
2535 5352 2615 5418 ad
2683 5353 2866 5421 illum
2898 5368 3200 5425 ornatum
3265 5367 3543 5437 tantum,
3590 5358 3741 5445 quia

2202 5479 2298 5546 sic
2343 5478 2550 5546 forma
2620 5500 2751 5547 non
2805 5481 3063 5548 caderet
3091 5481 3359 5564 directe,
3422 5494 3733 5568 tanquam

2201 5616 2382 5673 actus
2413 5604 2746 5694 judicialis
2804 5629 3004 5697 super
3057 5622 3430 5695 peccatum3
3484 5607 3734 5695 signifi-

3840 585 3920 638 27.

3791 648 3983 719 Quarta

3820 718 3953 762 ratio

3730 770 4042 839 principalis·

3722 852 4048 1011 supmJii‘uita-

3874 977 3920 1011 e·
