4287 6313
557 388 676 449 2516

556 552 705 614 dem
768 551 966 615 modo
1015 557 1203 615 actus
1277 551 1630 614 ablutionis
1686 550 1874 614 factae
1915 567 1948 612 a
2007 550 2095 611 mi

552 671 754 731 nistro
798 669 1102 749 designat
1131 670 1447 746 seipsum,
1480 676 1552 732 ut
1587 669 1745 731 dicit
1794 666 2092 730 ordinem

554 786 638 847 ad
668 787 1054 856 ministrum,
1091 792 1157 849 et
1209 786 1600 858 ministrum,
1646 790 1720 847 ut
1767 786 1849 847 ab
1901 769 1985 847 *eo
2027 784 2096 850 fit

554 900 929 971 visibiliter;
979 902 1355 978 expressius
1386 917 1544 982 ergo
1580 901 1885 982 designat
1911 904 2095 964 mini·

265 1061 478 1123 seipsam
554 1022 757 1079 strum
788 1018 853 1077 in
884 1018 1123 1095 reipsa,
1171 1035 1369 1097 quarn
1398 1019 1452 1080 si
1482 1035 1600 1095 per
1637 1019 1837 1081 verba
1888 1021 2096 1097 expri-

212 1124 499 1244 vgffiffiaert,
553 1139 866 1195 meretur.
915 1134 1073 1195 Hinc
1103 1135 1326 1212 itaque
1358 1135 1603 1197 ablutio
1640 1134 1943 1213 designat
1983 1135 2094 1195 mi-

210 1257 522 1363 mitigit-um.
553 1251 851 1324 nistrum,
882 1251 1033 1311 hinc
1064 1249 1296 1324 forma,
1352 1267 1496 1331 quae
1546 1256 1859 1313 connotat
1908 1251 2093 1313 ablu-

555 1369 799 1431 tionem
830 1366 970 1429 fieri
1008 1368 1112 1430 hic
1171 1371 1237 1429 et
1279 1384 1454 1429 nunc
1515 1368 1683 1429 circa
1727 1367 2095 1446 subJectum

556 1490 620 1546 et
662 1499 1017 1561 personam
1060 1485 1503 1562 suscipientis,
1551 1490 1786 1564 estque
1846 1490 2098 1547 tantum

550 1601 685 1671 illa,
719 1617 863 1679 quae
890 1600 962 1661 fit
1006 1617 1039 1660 a
1087 1601 1404 1671 ministro,
1449 1599 1852 1664 sufficienter
1885 1602 2098 1663 deno-

557 1722 694 1778 tant
724 1719 1049 1780 actionem
1078 1717 1218 1780 fieri
1250 1734 1285 1778 a
1324 1717 1640 1790 ministro,
1676 1722 1788 1780 aut
1829 1727 1901 1782 ut
1931 1723 2033 1780 est
2061 1735 2099 1781 a

553 1837 870 1906 ministro,
902 1850 1124 1913 neque
1169 1836 1291 1896 alia
1326 1836 1471 1916 ejus
1502 1837 1838 1913 expressio
1870 1836 2098 1913 requi-

555 1952 740 2015 ritur.

210 2091 394 2160 popm¹
433 2089 531 2158 Eu·
633 2067 837 2145 Magis
911 2069 1147 2129 mirum
1231 2075 1329 2130 est
1397 2069 1730 2149 quomodo
1798 2067 2098 2146 praefatus

245 2153 506 2263 ὼξζξυω
556 2188 787 2246 auctor
827 2184 984 2246 velit
1044 2185 1239 2246 etiam
1278 2185 1343 2245 in
1401 2183 1606 2276 forma
1655 2186 2101 2248 consecratio-

209 2276 314 2325 d¹³⁵³
359 2283 444 2328 ‘¹²¹‘
473 2272 524 2322 ³¹¹
556 2299 680 2372 niS,
729 2298 1027 2362 denotari
1058 2302 1407 2374 actionem,
1438 2305 1514 2362 ut
1544 2317 1579 2360 a
1625 2302 1919 2362 ministro
1972 2305 2094 2370 est,

238 2354 319 2388 mo
356 2355 385 2388 0
430 2355 494 2388 sl·

209 2400 523 2521 lffiffiffifflj·
555 2435 676 2480 seu
708 2418 1006 2496 exprimi,
1069 2434 1216 2480 cum
1272 2419 1565 2480 minister
1623 2434 1757 2480 non
1812 2418 2101 2496 proferat

557 2535 830 2596 formam
858 2535 924 2595 in
956 2550 1237 2612 persona
1263 2539 1549 2613 propria,
1581 2534 1702 2596 sed
1727 2539 1792 2599 in
1815 2552 2098 2612 persona

554 2651 814 2722 Christi,
847 2666 1068 2729 neque
1097 2652 1301 2713 ullum
1331 2654 1413 2713 sit
1459 2652 1948 2731 verbum,quod
1981 2667 2095 2712 ex-

551 2767 865 2845 primatur
886 2766 1170 2843 practice
1202 2771 1315 2828 aut
1335 2770 1740 2844 speculative
1771 2768 1835 2828 in
1866 2767 2097 2828 ordine

547 2883 631 2947 ad
662 2900 1016 2963 personam
1048 2886 1342 2960 ministrl;
1369 2887 1476 2948 vel
1504 2886 1558 2947 si
1576 2903 1653 2948 eo
1680 2885 1859 2965 quod
1881 2902 2100 2947 sacer·

550 3003 668 3064 dos
717 2999 1007 3080 proferat
1050 3003 1251 3090 verba
1294 3003 1803 3065 consecrationis
1841 3003 1906 3063 in
1954 3019 2099 3080 per-

547 3138 709 3185 sona
752 3120 1006 3195 Christi,
1045 3121 1315 3184 denotat
1342 3137 1414 3184 se
1457 3122 1706 3185 hahere
1747 3122 2099 3185 auctorita-

551 3245 685 3300 tem
729 3236 1187 3312 consecrandi,
1235 3256 1437 3317 quare
1468 3240 1683 3310 etiam,
1736 3246 1808 3301 ut
1851 3237 2102 3315 profert

549 3353 830 3415 formam
850 3352 1185 3430 Baptismi,
1218 3361 1290 3416 ut
1332 3354 1627 3418 minister
1656 3354 1910 3427 Christi,
1964 3370 2099 3416 non

555 3469 829 3531 denotet
856 3482 930 3529 se
961 3485 1108 3531 esse
1156 3472 1550 3542 ministrum,
1620 3472 1918 3549 quamvis
1962 3485 2096 3532 non

555 3583 960 3663 exprimatur
989 3602 1065 3646 ex
1108 3586 1165 3647 vi
1211 3585 1564 3647 verborum
1609 3587 1938 3664 explicite.

332 3715 410 3764 22.
632 3701 862 3780 Neque
924 3698 1379 3774 fundamenta,
1427 3720 1569 3783 quae
1629 3704 1899 3767 adducit
1948 3721 2097 3766 con-

236 3778 513 3828 Soivuntur
1406 3819 1418 3830 .
1728 3820 1740 3833 .

210 3839 506 3891 fundamen·
556 3821 651 3878 tra
693 3817 940 3887 Sotum‚
991 3822 1146 3879 sunt
1198 3834 1420 3895 magni
1463 3818 1800 3896 ponderis,
1856 3821 2101 3882 haerent

234 3912 492 4031 vagsssoez,
553 3935 823 3996 enimin
879 3934 1223 4012 superficie
1277 3935 1652 4007 verborum,
1709 3937 1814 3998 vel
1868 3953 2097 4015 proce-

267 996 474 1048 Ablutio

554 4059 716 4123 dunt
745 4061 1212 4139 exf[supposito
1245 4078 1377 4125 non
1424 4063 1753 4137 admisso;
1792 4064 2095 4130 concedi-

549 4194 695 4239 mus
749 4178 925 4238 enim
976 4177 1468 4239 Sacramentum
1531 4180 1834 4259 Baptismi
1889 4184 2094 4242 consi-

551 4295 729 4353 stere
751 4292 850 4352 ·in
926 4292 1095 4365 sieri,
1170 4294 1490 4355 denotare
1563 4295 1959 4357 ablutionem
2029 4300 2096 4359 in

546 4425 672 4469 usu
704 4411 1121 4486 etexercitio,
1169 4416 1242 4471 ut
1291 4417 1391 4473 est
1434 4410 1704 4485 influxu,
1751 4431 1827 4475 ac
1873 4416 2097 4491 proin-

551 4524 659 4597 de,
705 4529 779 4585 ut
811 4532 979 4588 esta
1023 4529 1315 4605 proxima
1348 4543 1566 4589 causa.
1617 4529 1692 4589 Et
1717 4528 1841 4589 hoc
1885 4528 2093 4590 deno-

554 4645 725 4704 tatur
769 4658 889 4718 per
926 4640 1202 4704 formam
1236 4659 1750 4723 quamcumque,
1793 4661 1936 4723 quae
1981 4662 2097 4708 ex-

550 4759 767 4838 primit
834 4763 1053 4819 actum
1141 4760 1512 4837 baptizandi
1596 4758 1679 4821 de
1757 4764 2096 4839 praesenti,

556 4891 703 4937 cum
748 4889 1031 4952 persona
1080 4876 1521 4954 suscipientia,
1568 4884 1635 4939 et
1685 4879 2098 4941 invocatione

553 4992 876 5053 Trinitatis
908 5008 923 5060 ;
959 4991 1111 5068 quia
1144 5008 1301 5071 ergo
1335 4993 1606 5055 materia
1649 4994 1956 5070 Baptismi
2001 5000 2105 5057 est

226 5126 499 5201 Designari
560 5109 807 5169 ablutio
840 5111 906 5170 in
945 5109 1115 5184 fieri,
1165 5115 1231 5170 et
1263 5107 1471 5171 forma
1517 5110 1651 5187 jam
1700 5113 2100 5188 praescripta,

238 5196 506 5303 achipngm,
561 5232 634 5286 ut
675 5229 776 5287 est
825 5225 890 5285 in
946 5224 1313 5301 prolatione
1371 5227 1609 5287 actuali
1657 5244 1788 5289 non
1827 5229 2103 5291 interru-

236 5318 494 5428 mirxggro,
561 5347 692 5421 pta,
755 5346 819 5404 et
859 5347 1243 5420 supponunt
1287 5358 1370 5404 ex
1419 5342 1830 5407 ordinatione
1886 5346 2097 5409 divina

263 5456 480 5508 exprimi

333 5520 425 5570 p„
560 5463 995 5523 intentionem
1023 5458 1321 5535 ministri,
1357 5461 1545 5539 cujus
1589 5468 1689 5523 est
1725 5462 1860 5525 haec
1903 5464 2106 5541 appli-

249 5568 504 5619 s0¹'‘¹¹⁸¹¹¹·
575 5596 748 5651 care,
802 5576 1153 5639 denotatur
1209 5580 1372 5639 actio
1430 5585 1500 5640 ut
1556 5596 1591 5639 a
1636 5580 1930 5642 ministro
1982 5588 2103 5665 est,

1797 388 1941 450 LIB.
1978 387 2076 449 iv,
2126 383 2725 451 SENTENTIARUM

2181 550 2340 612 'non
2372 548 2548 628 quod
2580 550 2704 611 hoc
2744 549 2990 614 debeat
3033 549 3410 612 necessario
3473 543 3748 623 exprimi

2206 683 2325 745 per
2379 666 2518 742 ipsa
2587 668 2787 730 verba
2865 665 3111 741 formas,
3175 683 3318 746 quae
3385 666 3752 728 verificatur

2205 784 2610 860 speculative
2672 792 2738 848 et
2783 786 3073 864 practice
3137 785 3305 846 circa
3349 783 3748 863 subjectum,

2207 905 2272 961 et
2316 915 2447 961 non
2479 901 2642 962 circa
2668 918 3021 979 personam
3044 900 3320 964 ministri
3351 899 3751 961 necessario.
3782 897 3785 904 '

2284 1019 2574 1097 Negatur
2617 1037 2776 1100 ergo
2842 1020 3050 1099 prima
3124 1019 3424 1099 sequela,
3486 1032 3568 1079 ex
3615 1017 3753 1094 Jam

2209 1133 2415 1205 dictis,
2489 1151 2734 1212 nempe
2793 1135 3090 1198 denotari
3163 1137 3491 1197 actionem
3577 1134 3753 1196 illam

2207 1265 2357 1312 esse
2386 1250 2587 1312 solius
2631 1252 2772 1322 Dei,
2819 1252 3128 1329 privative
3188 1252 3271 1314 ad
3319 1267 3585 1314 causam
3646 1251 3746 1312 in-

2206 1367 2704 1429 strumentalem
2764 1375 3139 1446 utramque,
3204 1373 3337 1430 tam
3386 1367 3749 1430 ministrum

2211 1494 2405 1556 quam
2439 1480 2954 1543 Sacramentum.
3001 1484 3227 1560 Neque
3285 1482 3455 1543 illam
3517 1481 3754 1543 doctri·
3808 1473 4054 1585 ῡῡζῑέιῑιῠθ

2209 1611 2361 1656 nani
2393 1596 2688 1671 admitt0‚
2726 1615 2922 1677 quam
2967 1615 3045 1659 ex
3095 1598 3320 1660 Alensi
3376 1616 3491 1677 pro
3525 1597 3754 1660 sunda·
3777 1599 4096 1649 admittitur.

2209 1715 2433 1772 mento
2499 1711 2746 1787 statuit,
2798 1730 3041 1792 nempe
3086 1730 3207 1792 per
3249 1717 3572 1777 actionem
3630 1717 3755 1778 mi-

2209 1828 2395 1889 nistri
2449 1835 2627 1890 recte
2687 1828 3020 1909 designari
3079 1831 3407 1893 actionem
3478 1833 3623 1905 Dei,
3684 1839 3757 1893 ut

2212 1959 2429 2006 causae
2462 1944 2863 2023 principalis,
2898 1962 3032 2007 non
3063 1963 3101 2008 e
3152 1953 3399 2023 contra,
3447 1948 3597 2027 quia
3655 1966 3757 2012 re·

2209 2061 2400 2122 lativa
2433 2061 2670 2122 eodem
2715 2060 2913 2124 modo
2943 2077 3018 2124 se
3062 2063 3309 2126 habent
3339 2064 3423 2126 ad
3452 2066 3758 2140 invicem,

2211 2183 2374 2256 quot
2447 2177 2616 2239 enim
2678 2179 2894 2240 modis
2953 2177 3187 2241 dicitur
3243 2183 3756 2253 instrumentum,

2213 2295 2308 2352 tot
2345 2291 2559 2353 modis
2614 2295 2813 2354 etiam
2867 2311 3068 2356 causa
3118 2297 3532 2373 principalis.
3586 2301 3761 2364 Licet

2211 2424 2372 2487 ergo
2429 2408 2512 2469 de
2573 2410 2867 2486 potentia
2924 2410 3221 2474 absoluta
3300 2416 3475 2479 Deus
3538 2420 3745 2496 possit

2209 2528 2485 2605 gratiam
2520 2523 2820 2588 conferre
2866 2530 3006 2589 sine
3058 2531 3349 2593 ministro
3425 2537 3493 2595 et
3526 2533 3752 2599 Sacra-

2210 2647 2463 2712 mento,
2516 2645 2738 2704 tamen
2785 2642 2868 2705 de
2928 2645 3220 2722 potentia
3279 2647 3635 2723 ordinaria,
3679 2656 3754 2713 ut

2210 2763 2345 2840 agit
2375 2759 2710 2822 mediante
2755 2761 3363 2845 Sacramento,agit
3416 2768 3751 2834 mediante

2209 2876 2528 2951 ministr0,
2574 2877 3155 2940 utinstrumentali
3202 2897 3441 2954 causa:
3502 2890 3568 2948 et
3631 2887 3756 2950 hoc

2210 2995 2406 3057 modo
2468 3000 2637 3061 actio
2719 2998 2838 3060 Dei
2891 2994 3228 3058 mediante
3310 3001 3753 3074 sacramento,

2211 3128 2354 3190 quae
2384 3114 2748 3191 explicatur
2777 3118 2843 3178 in
2883 3114 3088 3179 forma
3137 3117 3474 3196 praedicta,
3514 3122 3756 3199 impor-

2213 3236 2304 3293 tat
2359 3232 2681 3295 actionem
2752 3237 3028 3299 ministri
3076 3236 3481 3301 conficientis
3525 3240 3754 3301 Sacra·

2209 3353 2533 3410 mentum.

2288 3465 2516 3544 Neque
2544 3468 2765 3532 Patres
2788 3476 3066 3551 agentes
3099 3478 3321 3537 contra
3353 3476 3748 3549 DonatistaS,

2213 3587 2368 3649 dum
2396 3596 2726 3668 negarent
2769 3593 3133 3655 ministrum
3182 3596 3616 3674 sanctificare,
3648 3601 3755 3663 vel

2212 3704 2370 3766 dare
2403 3705 2709 3767 effectum
2748 3707 3176 3786 sacramenti,
3216 3730 3417 3792 quem
3456 3716 3593 3779 Deo
3637 3734 3747 3778 re-

2209 3828 2477 3884 servant
2504 3824 2602 3901 (ut
2631 3822 2795 3887 infra
2816 3825 3233 3909 videbimus),
3261 3847 3342 3892 ex
3380 3832 3487 3892 illa
3518 3830 3750 3906 forma,
3779 3863 3966 3912 Foru-m
4000 3880 4108 3913 ηομ

2210 3944 2275 4000 et
2303 3941 2500 4002 modo
2532 3943 2873 4021 loquendi,
2902 3946 3262 4010 excludunt
3284 3948 3610 4012 actionem
3637 3953 3753 4012 mi·
3800 3938 4081 4038 ezclffiva.

2208 4058 2393 4118 nistri
2425 4059 3012 4135 instrumentalem,
3048 4064 3249 4125 multo
3289 4064 3503 4125 minus
3534 4067 3754 4127 exclu-

2210 4172 2381 4234 ditur
2409 4174 2718 4251 perillam
2748 4175 3054 4249 formam,
3088 4195 3227 4256 quae
3259 4181 3586 4245 exclusiva
3620 4198 3752 4245 non

2208 4293 2329 4361 est,
2358 4305 2440 4349 ex
2481 4291 2541 4350 vi
2571 4291 2925 4354 verborum
2987 4300 3053 4355 et
3087 4293 3283 4355 modo
3317 4298 3752 4376 significandi,

2205 4406 2357 4468 licet
2400 4406 2722 4483 exprimat
2782 4413 3034 4471 tantum
3105 4428 3368 4475 causam
3423 4417 3754 4493 principa·

2209 4522 2362 4596 lem,
2410 4528 2481 4584 ut
2549 4532 2862 4603 agentum
2919 4542 3038 4604 per
3080 4529 3620 4606 Sacramentum;
3693 4540 3757 4596 et

2211 4656 2294 4701 ex
2337 4639 2436 4704 his
2466 4648 2748 4721 negatur
2777 4645 2980 4706 altera
3014 4649 3509 4726 consequentia.

2289 4756 2386 4817 Ad
2443 4756 2718 4821 formam
2762 4760 2962 4831 illam,
3010 4778 3206 4839 quam
3254 4765 3590 4841 reprobat,
3654 4784 3758 4830 re·
3782 4814 3863 4864 Ad
3899 4753 3982 4805 ²3·

2213 4876 2582 4952 spondetur
2646 4895 2793 4940 esse
2864 4881 3127 4943 bonam.
3215 4885 3313 4946 Ad
3371 4816 4111 4963 improbati-⁸1³⁰:gg‘gfi-

2213 5007 2433 5067 onem,
2499 4997 2945 5072 respondetur
2996 5003 3493 5076 expressionem
3550 5004 3758 5084 majo·
3818 4940 4093 5067 θ’ξῗὲὲξὶο

2212 5126 2352 5170 rem
2399 5110 2677 5187 alicujus
2717 5114 2783 5173 in
2827 5111 3033 5175 forma
3068 5133 3199 5177 non
3245 5117 3473 5180 vitiare
3521 5120 3754 5197 ipsam,
3783 5081 3889 5115 ⁰⁰⁰
3919 5071 4116 5126 offiffl'

2215 5226 2383 5289 sicut
2427 5229 2692 5306 quando
2727 5227 2959 5292 dicitur
2992 5249 3007 5292 τ
3043 5235 3175 5309 Εῃο
3207 5235 3460 5311 baptizo
3502 5243 3562 5298 te
3590 5241 3758 5298 Pau-

2218 5347 2377 5417 lum,
2422 5345 2535 5407 ubi
2591 5347 2979 5423 pronomina
3049 5349 3509 5413 subintellecta
3552 5356 3760 5431 expri-

2219 5469 2530 5536 muntur;
2615 5466 2681 5525 et
2738 5464 2792 5524 si
2846 5461 3128 5526 addatur
3188 5468 3377 5530 istis:
3474 5472 3761 5547 Spirittae

2216 5583 2423 5642 sancti
2450 5581 2531 5641 ab
2576 5586 2846 5659 utroque
2890 5585 3313 5660 procedentis,
3362 5592 3486 5649 etc.
3535 5604 3756 5669 neque
