4287 6313
602 429 716 495 148

596 599 706 664 24.
743 596 915 665 idem
953 597 1187 667 asserit
1228 597 1307 664 de
1338 608 1483 665 actu
1522 595 1862 664 charitatis
1904 594 2142 661 insusae

601 724 665 781 et
693 715 1052 802 acquisitae,
1092 728 1282 802 prout
1318 714 1563 801 optime
1603 712 1855 781 notavit
1896 710 2149 778 Scholi-

606 828 891 909 asteS,ad
923 829 1137 896 locum
1181 830 1450 897 citatum,
1492 831 1564 894 in
1612 851 1676 915 q.
1745 832 1805 894 1.
1845 828 2143 913 proloyi.

607 949 686 1011 Et
722 946 802 1013 de
841 946 945 1014 his
985 947 1236 1013 actibus
1268 967 1342 1013 ac
1397 946 1543 1012 aliis
1584 944 1929 1011 habituum
1970 943 2150 1010 infu-

606 1081 855 1143 sorum,
891 1061 1048 1128 dicit
1081 1061 1170 1128 ita
1192 1083 1304 1128 eos
1336 1061 1476 1129 fieri
1519 1082 1556 1127 a
1593 1061 1731 1128 suis
1775 1058 2143 1147 principiis,

604 1191 676 1246 ut
715 1180 843 1246 alio
900 1179 1095 1246 modo
1156 1180 1398 1247 virtute
1439 1179 1715 1245 naturali
1777 1176 2150 1243 intellectus

602 1305 714 1361 aut
753 1295 1111 1362 voluntatis
1153 1297 1422 1383 produci
1473 1316 1602 1361 non
1645 1295 1924 1380 possint,
1978 1292 2152 1360 unde

605 1412 672 1478 in
715 1410 836 1479 hac
915 1414 1279 1499 quaestione
1349 1433 1478 1479 non
1532 1423 1631 1478 est
1699 1410 2151 1478 controversia

605 1535 924 1610 quantum
979 1526 1058 1591 ad
1119 1537 1407 1592 mentem
1473 1524 1793 1593 Doctoris.

404 1663 453 1735 β.
724 1639 1084 1708 Difficultas
1133 1653 1351 1707 tamen
1409 1642 1683 1707 offertur
1731 1640 1901 1707 circa
1970 1639 2148 1706 illam

269 1726 566 1854 Ῑῗὲἓῇζῗξῖ
610 1756 1058 1841 probationem
1094 1757 1391 1837 minoriS,
1457 1777 1585 1843 qua
1644 1757 1872 1843 probat
1920 1775 2150 1841 super-

607 1871 1081 1939 naturalitatem
1145 1872 1320 1939 illius
1386 1871 1866 1959 dispositionis,
1933 1892 2012 1937 ex
2073 1891 2151 1937 eo

602 1986 775 2073 quod
852 1988 928 2054 ad
971 2009 1114 2054 eam
1169 2009 1299 2053 non
1358 1988 1443 2054 sit
1500 1988 1784 2075 potentia
1832 1987 2151 2054 naturalis

606 2101 671 2166 in
740 2102 1056 2189 subject0‚
1129 2124 1208 2169 ex
1288 2124 1414 2189 qua
1454 2101 1790 2180 educatur,
1837 2100 1948 2168 sed
2007 2113 2150 2168 tan-

605 2227 745 2282 tum
812 2217 1292 2299 obedientialiS,
1375 2240 1504 2307 quo
1601 2229 1922 2306 repugnat
2007 2218 2151 2305 ejus

602 2332 967 2419 principiis,
1043 2335 1107 2400 in
1162 2333 1325 2401 locis
1368 2336 1505 2422 Jam
1555 2334 1797 2415 citatis,
1854 2333 1965 2400 ubi
2034 2355 2151 2399 ex-

603 2470 825 2534 presse
904 2451 1163 2530 asserit,
1237 2451 1304 2516 in
1389 2450 1577 2516 nobis
1662 2450 1798 2516 dari
1883 2449 2152 2516 inclina-

602 2562 845 2629 tionem
912 2565 1270 2631 naturalem
1335 2565 1691 2651 passivam,
1746 2565 1825 2630 ad
1906 2564 2152 2630 formas

603 2680 1137 2763 supernaturales
1185 2680 1418 2766 gratiae
1466 2692 1530 2746 et
1577 2680 1834 2767 gloriae.
2151 2665 2155 2669 ¹

259 2843 363 2890 Ros
401 2839 569 2890 onsio.
696 2811 817 2878 Sed
849 2813 1283 2900 respondetur
1325 2813 1493 2879 hanc
1527 2813 1972 2899 probationem
2006 2834 2154 2880 esse

267 2904 562 3028 prssbssfflsse
609 2925 688 2993 ad
722 2928 1052 2995 hominem
1087 2950 1167 2994 ex
1217 2929 1560 3015 principiis
1602 2930 1961 3010 concessiS,
2002 2950 2152 2995 nam

293 3029 548 3138 hortffiem
609 3042 759 3109 licet
808 3043 961 3110 hinc
1021 3043 1170 3111 inde
1221 3056 1496 3130 utraque
1576 3044 1796 3112 schola
1846 3044 2150 3111 admittat

290 3169 545 3280 prirfcffpio
611 3159 851 3227 formas
880 3163 1411 3247 supernaturales
1445 3161 1654 3249 quoad
1690 3162 2147 3243 substantiam,

290 3282 566 3390 ssf⁸ssffiia
613 3287 677 3342 et
717 3276 781 3341 in
823 3277 1069 3343 ratione
1100 3279 1417 3359 absoluta,
1457 3299 1571 3364 per
1608 3278 1901 3344 ordinem
1934 3290 2152 3345 tamen

327 3403 504 3473 definit
612 3391 691 3457 ad
732 3392 1172 3459 extrinsecum
1217 3393 1411 3471 ‚aliter
1454 3404 1518 3459 et
1584 3393 1772 3459 aliter
1830 3392 2152 3460 definiunt

333 3480 510 3577 orffine
610 3508 786 3576 illam
845 3510 1559 3597 supernaturalitatem.
1622 3514 1719 3576 D:
1757 3512 2041 3578 Thomas
2085 3516 2147 3576 1.

280 3589 561 3715 subjssgtum
603 3647 674 3712 p.
729 3647 790 3712 q.
831 3630 888 3692 1.
943 3651 1008 3694 α.
1056 3632 1117 3694 1.
1163 3650 1223 3714 q.
1265 3633 1371 3696 12.
1417 3639 1546 3694 art.
1601 3629 1666 3698 5.
1713 3651 1772 3715 q.
1845 3632 1956 3695 67.
2014 3640 2146 3694 art.

269 3720 566 3826 ssssffiffiffi
610 3746 674 3810 5.
718 3744 993 3831 ejusque
1023 3743 1326 3830 discipuli
1359 3742 1594 3811 docent
1624 3744 1802 3810 illam
1834 3764 2155 3832 superna-

606 3858 1003 3926 turalitatem
1068 3859 1322 3926 desumi
1392 3859 1457 3924 in
1509 3859 1738 3927 ordine
1793 3860 1871 3926 ad
1932 3860 2151 3947 subje-

607 3987 808 4055 ctum,
873 3988 1195 4062 quatenus
1247 3996 1375 4042 non
1431 3976 1824 4064 supponitur
1892 3976 1956 4042 in
2009 3976 2152 4064 ipso

607 4089 944 4157 inclinatio
979 4092 1294 4158 naturalis
1327 4091 1406 4158 ad
1441 4091 1864 4172 sormam,sed
1896 4104 2151 4159 tantum

607 4206 896 4292 potentia
974 4205 1429 4272 obedientialis
1477 4230 1491 4284 ;
1540 4226 1657 4272 nos
1728 4217 1944 4272 autem
2002 4229 2151 4275 cum

335 4348 519 4397 Doctor
609 4325 885 4388 Doctore
963 4322 1026 4388 id
1094 4343 1440 4408 negamus,
1534 4322 1646 4389 sed
1680 4323 2152 4390 desumendam

288 4423 552 4523 inb‘ffine
611 4460 759 4508 esse
797 4452 927 4506 tam
974 4439 1330 4525 potentiam
1394 4439 1918 4520 obedientialem,
1955 4453 2151 4528 quam

278 4535 460 4661 agess‘}
483 4614 583 4649 non
611 4553 1293 4643 supernaturalitatem
1357 4554 1587 4621 formae
1637 4555 1702 4620 in
1766 4555 1996 4622 ordine
2073 4556 2153 4622 ad

276 4660 838 4786 subjggmmflgenS,
919 4671 1072 4757 quia
1144 4691 1303 4758 ergo
1363 4670 1468 4737 illa
1513 4671 1961 4738 controversia
2020 4692 2149 4738 non

614 4802 712 4857 est
768 4790 967 4876 hujus
1023 4789 1172 4871 loci,
1236 4788 1379 4855 ideo
1411 4788 1612 4855 sumit
1671 4789 1989 4856 rationem
2040 4809 2151 4856 su-

614 4904 1167 4992 pernaturalitatis
1207 4925 1286 4971 ex
1312 4917 1529 4971 mente
1568 4908 1642 4972 D.
1688 4906 1981 4984 Thomae,
2021 4925 2149 4970 non

609 5033 823 5088 autem
892 5043 973 5087 ex
1045 5019 1386 5107 principiis
1447 5041 1480 5087 a
1540 5041 1611 5087 se
1639 5021 1909 5087 assertis
1960 5020 2145 5101 aliaS,

611 5135 713 5201 vel
759 5134 1116 5203 secundum
1195 5134 1359 5220 ipsa,
1417 5146 1488 5201 ut
1545 5145 1718 5219 patet
1767 5134 1936 5203 infra
1986 5136 2142 5202 dist.

614 5257 725 5319 14.
787 5263 849 5317 ec
917 5253 988 5318 in
1053 5252 1213 5319 dist.
1267 5253 1385 5318 49.
1457 5271 1519 5337 q.
1578 5255 1683 5317 11.
1738 5253 1913 5317 etin
1974 5256 2037 5318 3.
2075 5253 2142 5319 d.

612 5370 720 5433 14.
784 5386 844 5451 q.
915 5369 975 5429 1.
1013 5364 1123 5430 ubi
1171 5362 1504 5449 colligitur
1544 5363 1974 5430 elevationem
2030 5386 2148 5451 po-

613 5482 835 5550 tentiae
889 5502 1018 5547 non
1067 5480 1207 5547 fieri
1241 5500 1356 5566 per
1414 5480 1714 5562 formam,
1769 5502 1894 5568 qua
1943 5481 2151 5549 forma

613 5609 734 5681 est,
779 5597 891 5665 sed
945 5617 1070 5686 qua
1147 5596 1541 5684 principium
1611 5596 1873 5685 agendi,
1948 5610 2013 5665 et
2081 5600 2146 5664 in

1821 429 1966 492 LIB.
1999 430 2098 490 IV.
2151 420 2754 494 SENTENTIARUM

2263 595 2420 662 locis
2476 616 2673 683 supra
2722 594 2960 678 citatiS‚
3008 594 3119 662 ubi
3158 591 3429 681 exponit
3486 608 3799 679 superna·

2260 713 2651 781 turalitatem
2712 714 3079 800 respective
3147 713 3225 778 ad
3320 729 3543 798 agens,
3622 705 3806 774 Unde

2261 830 2418 896 mihi
2495 830 2804 898 videntur
2895 830 3160 918 quidam
3235 850 3316 894 ex
3400 825 3665 906 nostris,
3732 834 3803 890 ut

2258 951 2655 1030 Tartaretus·‚
2708 958 2770 1013 et
2850 958 2993 1035 post
3050 966 3200 1013 eum
3240 943 3373 1025 alii,
3442 963 3570 1009 non
3631 951 3804 1009 recte

2263 1061 2678 1147 interpretari
2722 1073 3010 1128 mentem
3076 1060 3371 1127 Doctoris
3420 1058 3551 1138 hic,
3614 1055 3803 1144 quasi

2261 1175 2369 1243 illa
2428 1177 2724 1264 probatio
2767 1177 3043 1244 minoris
3100 1187 3275 1244 esset
3314 1197 3395 1243 ex
3463 1172 3807 1261 principiis

2259 1292 2529 1357 assertis
2617 1293 2784 1380 ejus,
2836 1292 2943 1360 vel
2983 1313 3065 1359 ex
3125 1302 3339 1358 mente
3382 1289 3645 1376 ipsius;
3701 1288 3806 1354 vis

2261 1427 2421 1494 ergo
2443 1407 2642 1497 hujus
2678 1409 2950 1476 rationis
2982 1408 3287 1476 consistit
3316 1407 3396 1473 ad
3428 1406 3794 1480 hominem,

2262 1522 2329 1589 in
2386 1544 2463 1590 eo
2521 1525 2694 1612 quod
2758 1546 3167 1613 quacumque
3245 1525 3495 1591 ratione
3552 1522 3806 1589 dicatur

2261 1641 2470 1725 gratia
2523 1648 2652 1707 non
2713 1640 2980 1728 produci
3052 1640 3429 1707 immediate
3477 1660 3513 1706 a
3579 1641 3808 1706 Sacra-

2264 1757 2523 1841 mentiS,
2597 1758 2748 1844 quia
2830 1770 2928 1825 est
2997 1758 3318 1825 terminus
3410 1754 3800 1831 creationis;

2262 1872 2484 1939 eadem
2548 1875 2710 1939 ratio
2770 1876 2998 1959 probat
3038 1874 3233 1941 etiam
3273 1885 3575 1939 ornatum
3611 1870 3797 1937 illum

2265 2008 2394 2054 non
2462 1989 2727 2074 produci
2791 1990 3063 2077 physice
3100 2011 3136 2056 a
3188 1987 3653 2057 SacramentiS.

2350 2105 2721 2191 Respondet
2760 2107 3197 2174 Ferrariensis
3238 2129 3319 2174 ex
3377 2104 3689 2191 Capreolo
3728 2105 3804 2168 in

2264 2224 2327 2285 4.
2371 2220 2446 2287 d.
2514 2225 2575 2287 1.
2629 2222 2800 2309 quod
2849 2222 3055 2289 forma
3099 2222 3352 2288 dicatur
3417 2235 3803 2308 supernatu-

2265 2334 2484 2403 ralitas
2561 2337 2628 2402 in
2704 2337 2945 2425 duplici
2988 2337 3225 2425 gradu.
3278 2341 3436 2404 Nam
3503 2337 3803 2425 quaedam

2263 2465 2364 2520 est
2436 2454 2611 2534 talis,
2685 2465 2754 2520 ut
2814 2454 2991 2522 nullo
3041 2455 3233 2522 modo
3290 2455 3525 2543 attingi
3596 2455 3803 2541 possit

2264 2568 2506 2634 virtute
2552 2580 2789 2650 creata,
2847 2590 3057 2656 neque
3114 2570 3359 2650 innata,
3419 2590 3633 2658 neque
3699 2589 3806 2636 su·

2266 2683 2624 2768 peraddita,
2670 2705 2884 2772 neque
2948 2695 3431 2773 consequenter
3472 2685 3660 2752 educi
3730 2684 3809 2751 de

2267 2801 2555 2886 potentia
2611 2803 2926 2886 materiae,
2987 2804 3136 2872 talis
3166 2818 3265 2872 est
3324 2805 3566 2893 gratia.
3623 2804 3805 2872 Alius

2264 2930 2479 2985 autem
2538 2920 2782 3006 gradus
2830 2933 2949 2999 est,
3010 2922 3267 3009 quando
3319 2923 3526 2989 forma
3573 2922 3804 3008 attingi

2266 3046 2501 3120 potest,
2576 3038 2803 3105 saltem
2885 3039 3133 3106 virtute
3206 3039 3652 3127 superaddita,
3735 3058 3810 3106 ac

2266 3150 2539 3238 proinde
2621 3153 2807 3221 educi
2864 3154 2944 3222 de
3004 3158 3291 3242 potentia
3380 3158 3672 3225 materiae
3748 3169 3811 3225 et

2266 3268 2465 3357 hujus
2504 3271 2770 3356 generis
2812 3283 2912 3337 est
2934 3271 3303 3339 character.
3352 3273 3810 3360 Disparitatem

2268 3383 2563 3471 assignat
2614 3385 2781 3451 infra
2831 3407 2911 3453 ex
2970 3388 3227 3475 propria
3272 3389 3622 3468 sententia,
3661 3389 3812 3475 quia

2263 3499 2474 3584 gratia
2516 3512 2614 3567 est
2654 3521 2851 3588 supra
2917 3513 3126 3569 totum
3186 3503 3479 3569 ordinem
3527 3515 3805 3580 naturae,

2262 3624 2326 3680 et
2395 3617 2742 3703 conjiingit
2812 3638 2931 3684 nos
2989 3622 3143 3698 Deo,
3237 3619 3324 3686 ita
3396 3641 3433 3687 a
3494 3620 3631 3686 solo
3683 3623 3812 3685 Deo

2266 3730 2534 3815 produci
2576 3742 2837 3818 potest;
2888 3735 3223 3801 character
3272 3746 3514 3816 autem,
3570 3735 3681 3822 qui
3712 3747 3813 3801 est

2264 3848 2605 3935 dispositio
2654 3849 2731 3915 ad
2780 3850 3085 3937 gratiam,
3132 3872 3262 3917 non
3303 3863 3404 3919 est
3451 3873 3650 3939 supra
3700 3874 3809 3920 or-

2265 3972 2480 4040 dinem
2518 3986 2790 4055 naturae,
2848 3976 2978 4042 imo
3020 3988 3119 4043 est
3152 3977 3319 4043 infra
3349 3978 3565 4065 aliqua
3605 3993 3812 4048 mate·

2264 4089 2447 4156 rialia
2514 4090 2615 4157 sui
2674 4091 2964 4176 generiS,
3022 4113 3278 4179 nempe,
3345 4106 3562 4162 actum
3621 4096 3808 4164 liberi

2264 4205 2540 4286 arbitrii,
2595 4206 2704 4294 qui
2757 4206 3041 4294 disponit
3100 4208 3179 4274 ad
3239 4210 3544 4296 gratiam,
3610 4225 3674 4278 et
3714 4226 3813 4280 est

2263 4342 2462 4410 supra
2530 4324 2973 4392 characterem
3051 4326 3471 4412 perfectione,
3535 4327 3813 4416 ideoque

2266 4458 2396 4502 non
2452 4448 2553 4504 est
2622 4440 3120 4523 inconveniens,
3177 4456 3247 4509 ut
3305 4462 3341 4508 a
3391 4445 3814 4511 Sacramento

2264 4553 2849 4622 instrumentaliter
2908 4557 3320 4644 producatur,
3367 4578 3516 4624 cum
3557 4558 3808 4646 aliquid

2264 4671 2365 4737 sui
2405 4673 2669 4759 generis
2708 4674 2953 4741 virtute
3001 4685 3254 4741 naturae
3304 4675 3642 4762 producat.

2351 4788 2607 4867 Contra,
2655 4788 2796 4855 haec
2835 4790 3072 4857 solutio
3113 4791 3324 4879 quoad
3371 4792 3657 4877 primum
3692 4813 3801 4879 pe·

2263 4901 2341 4966 tit
2372 4902 2791 4989 principium,
2828 4915 2892 4970 et
2922 4904 3255 4973 distinctio
3285 4906 3560 4975 adducta
3598 4907 3809 4996 quoad

2263 5019 2641 5086 evasionem
2709 5020 2984 5088 conficta
3068 5021 3350 5103 videtur,
3430 5045 3641 5113 neque
3699 5045 3807 5091 re-

2264 5135 2542 5222 spondet
2597 5136 2676 5202 ad
2721 5137 3170 5223 probationem
3226 5139 3522 5206 minoris.
3573 5142 3809 5216 Quaero

2263 5249 2439 5315 enim
2473 5250 2645 5317 unde
2675 5250 3018 5337 colligatur
3048 5254 3631 5339 supernaturalitas
3661 5275 3809 5341 gra·

2263 5364 2374 5432 tiae
2411 5367 2620 5448 aliter,
2670 5367 2795 5434 nisi
2839 5369 2902 5434 in
2944 5369 3174 5436 ordine
3203 5369 3281 5436 ad
3313 5371 3704 5459 subjectum,
3741 5370 3810 5437 in

2262 5503 2391 5570 quo
2440 5494 2692 5550 tantum
2734 5484 3046 5572 supponit
3096 5486 3451 5572 potentiam
3504 5488 3815 5556 obedien-

2260 5598 2506 5680 tialem,
2569 5599 2682 5667 sed
2746 5600 3018 5687 perinde
3073 5603 3409 5671 character
3469 5604 3692 5689 etiam,
3746 5617 3814 5674 et

3857 2086 4143 2213 Raegonsio

3852 2212 4055 2262 Fert-ar.
4081 2217 4141 2260 et

3873 2271 4129 2339 Capreoli.

3898 2794 4099 2860 Duplex

3904 2857 4102 2922 gradus

3849 2925 4165 3031 fflffiffiffm‘

3859 4802 4183 4918 Imptulgt-ia-

3908 5140 4094 5213 ‘Petit

3840 5206 4199 5271 principium
4210 5247 4233 5260 .
