4287 6313
592 325 714 387 688

591 483 934 571 Episcopis
967 486 1120 571 jure
1158 484 1407 552 divino.
1460 485 1704 551 Deinde
1771 484 1941 571 quod
1982 482 2139 550 dicit

597 620 725 666 non
769 622 958 687 posse
991 602 1069 667 de
1121 602 1313 681 facto,
1360 600 1514 689 quia
1546 601 1698 689 jure
1729 599 2137 666 Ecclesiasti-

594 736 670 781 co
730 716 1136 803 prohibetur,
1219 739 1345 783 non
1431 730 1608 784 recte
1656 717 1916 795 dicitur,
1989 714 2140 803 quia

601 832 854 898 etiamsi
905 831 1089 899 daret
1146 833 1512 901 facultatem
1564 832 1888 921 peccando
1918 844 2141 899 contra

586 951 700 1037 jus
760 951 1148 1038 positivum,
1192 952 1406 1020 adhuc
1492 952 1909 1019 Confirmatio
1971 963 2145 1017 esset

590 1066 898 1148 invalida,
947 1080 1012 1134 et
1078 1069 1299 1147 nulla;
1387 1069 1610 1157 nequit
1682 1069 1855 1135 enim
1899 1068 2145 1135 directe

589 1183 942 1250 extendere
977 1196 1358 1271 potestatem
1396 1184 1763 1252 Sacerdotis
1806 1183 2141 1250 fundatam

590 1299 655 1366 in
687 1302 939 1382 ordine,
982 1303 1105 1369 nisi
1138 1303 1218 1370 ad
1249 1324 1322 1369 ea
1385 1324 1533 1389 quae
1565 1304 1861 1389 proxime
1905 1313 2139 1389 potest,

602 1431 920 1505 quantum
958 1432 1056 1485 est
1096 1441 1177 1486 ex
1217 1430 1536 1506 potestate
1575 1418 1847 1486 ordinis,

278 1553 545 1630 Sententia
690 1537 880 1601 Sotus
911 1534 1068 1601 dicit
1128 1534 1501 1602 ministrum
1552 1556 1633 1601 ex
1672 1534 1896 1601 divina
1964 1533 2150 1601 insti-

292 1620 546 1749 „ffffissgfq
603 1650 854 1717 tutione
901 1673 1045 1719 esse
1117 1652 1520 1730 Sacerdotes,
1586 1653 1728 1719 sive
1779 1674 1856 1719 ex
1906 1651 2142 1731 officio,

250 1748 573 1860 cmgfflau‘
600 1765 741 1832 sive
775 1768 974 1833 etiam
1036 1788 1117 1833 ex
1156 1768 1659 1848 commissione;
1722 1769 1892 1857 quod
1934 1781 2146 1835 autem

268 1872 538 1924 refellitur.
600 1882 902 1969 Episcopi
944 1897 1184 1963 essent,
1221 1884 1499 1972 relinqui
1533 1886 1802 1953 arbitrio
1843 1885 2151 1952 Ecclesiae

605 2000 699 2067 sic
760 2002 861 2067 vel
894 2002 990 2068 sic
1028 2002 1353 2069 ordinare.
1400 2003 1524 2070 Sed
1567 2005 1710 2070 haec
1767 2004 2005 2072 solutio
2036 2025 2150 2089 pa-

604 2117 766 2183 titur
832 2119 1125 2185 eamdem
1197 2118 1670 2200 difficultatem,
1742 2130 1807 2186 et
1892 2120 2154 2186 videtur

614 2234 958 2302 manifeste
1029 2256 1398 2322 repugnare
1458 2229 1830 2303 Florentino
1897 2248 1961 2302 et
2017 2236 2155 2303 Tri-

606 2350 898 2429 dentin0,
936 2373 1084 2438 quae
1107 2352 1333 2419 dicunt
1355 2352 1725 2418 ministrum
1752 2353 2154 2419 ordinarium

276 2485 548 2558 Episcopus
605 2487 749 2533 esse
819 2468 1236 2555 Episcopum,
1300 2481 1363 2535 et
1429 2468 1803 2556 intelligunt
1861 2470 1941 2535 de
2009 2470 2160 2555 jure

258 2551 579 2683 essh‘fffissss„
606 2583 834 2650 divino
874 2598 938 2649 et
975 2583 1387 2651 institutione
1418 2585 1658 2651 Christi
1699 2609 1713 2664 ;
1750 2585 1935 2651 aliter
1982 2585 2156 2651 enim

257 2673 550 2787 “ffliffiffi's
606 2700 966 2787 loquuntur
1008 2701 1087 2767 de
1129 2700 1427 2768 ministro
1471 2701 1906 2783 Poenitentiae,
1974 2701 2160 2767 aliter

261 2799 577 2852 institutione
607 2815 688 2882 de
722 2815 1020 2883 ministro
1052 2816 1577 2884 confirmationis
1612 2841 1627 2897 ;
1702 2817 1809 2886 ille
1856 2839 1983 2884 non
2046 2819 2157 2885 ha-

607 2932 715 2998 bet
764 2944 1146 3020 potestatem
1192 2935 1554 3020 proximam
1604 2935 1988 3023 simpliciter
2041 2937 2160 3003 ab·-

606 3047 935 3129 solvendi,
1012 3049 1138 3117 nisi
1214 3051 1475 3117 accedat
1514 3051 1893 3139 approbatio
1933 3052 2149 3120 Eccle-

607 3165 750 3245 siae,
799 3177 869 3232 ut
906 3167 1234 3234 declarant
1283 3169 1568 3236 Concilia
1609 3169 1922 3256 praefata;
1985 3169 2150 3236 nihil

605 3295 826 3349 autem
860 3284 987 3350 tale
1054 3284 1370 3372 adjiciunt
1409 3285 1711 3353 ministro
1750 3285 2154 3354 Confirmati-

607 3400 795 3480 onis,
842 3421 1001 3487 ergo
1062 3421 1190 3467 non
1252 3422 1334 3466 ex
1381 3402 1797 3469 ordinatione
1857 3403 2162 3470 Ecclesiae

612 3517 812 3584 habet
841 3517 1234 3604 Episcopus,
1291 3528 1361 3584 ut
1403 3518 1489 3585 sit
1557 3519 1851 3586 minister
1916 3519 2162 3587 Confir-

614 3635 948 3702 mationis.
1023 3634 1286 3701 Accedit
1334 3635 1784 3702 Tridentinum
1833 3658 1986 3702 sess
2049 3640 2157 3703 23.

618 3753 757 3819 loco
797 3751 1069 3838 praefato
1100 3773 1181 3817 ex
1250 3762 1564 3839 potestate
1618 3752 1825 3819 confir
1843 3752 2060 3820 mandi
2101 3765 2164 3820 et

614 3868 963 3937 ordinandi
1002 3869 1409 3955 Episcopum
1451 3869 1746 3937 obtinere
1782 3891 2162 3956 supremum

616 3984 894 4074 gradum
928 4006 1127 4071 supra
1191 3986 1651 4074 Presbyterum
1686 4008 1767 4055 ex
1806 3988 2029 4055 divina
2070 3989 2165 4055 in-

617 4103 954 4170 stitutione
984 4102 1051 4169 in
1092 4101 1500 4183 hierarchia,
1539 4125 1697 4191 ergo
1731 4103 1793 4170 id
1823 4126 1951 4171 non
1992 4127 2169 4172 com-

622 4219 785 4306 petit
827 4241 909 4286 ex
940 4218 1346 4287 ordinatione
1395 4232 1457 4286 et
1531 4220 1799 4287 arbitrio
1831 4221 2163 4289 Ecclesiae.

710 4336 933 4402 Tertio
974 4336 1253 4423 denique
1291 4338 1710 4408 auctoritates
1749 4341 2167 4429 antiquorum

623 4454 955 4518 Canonum
999 4462 1064 4518 et
1112 4456 1398 4535 Patrum,
1447 4453 1686 4541 quibus
1720 4467 1996 4543 negatur
2030 4459 2172 4536 haec

621 4578 906 4654 potestas
942 4568 1400 4635 Sacerdotibus
1448 4567 1853 4656 simplicibus
1885 4585 1947 4639 et
2015 4573 2177 4639 solis

623 4682 966 4771 Episcopis
1021 4684 1376 4751 convenire
1442 4684 1701 4768 dicitur,
1751 4687 2041 4754 referunt
2102 4709 2174 4755 se

624 4800 704 4866 ad
748 4802 1023 4887 primam
1085 4802 1563 4870 institutionem
1642 4807 2067 4891 Sacramenti,
2109 4818 2176 4875 et

626 4915 707 4983 ad
743 4918 1044 5006 exempla
1076 4920 1534 5005 Apostolorum
1568 4923 1709 4987 Act.
1784 4926 1848 4991 8.
1894 4926 1989 4990 Ex
2046 4946 2175 5013 quo

630 5031 825 5099 etiam
892 5034 1220 5101 institutio
1289 5036 1557 5123 praefata
1639 5038 1992 5126 colligitur,
2047 5053 2172 5110 etc.

633 5159 943 5239 tanquam
1013 5173 1093 5218 ex
1162 5152 1368 5238 prima
1426 5153 1608 5239 praxi
1677 5154 1819 5242 ejus
1858 5170 2175 5244 quantum

640 5266 722 5333 ad
765 5278 1146 5354 potestatem
1188 5267 1608 5351 ordinariam,
1652 5292 1800 5358 quae
1841 5272 2178 5360 Episcopis

632 5384 789 5470 jure
819 5383 1042 5450 divino
1073 5395 1418 5472 competat,
1457 5385 1542 5452 ita
1582 5398 1652 5453 ut
1699 5387 1866 5455 sicut
1933 5388 2177 5456 dictum

639 5510 760 5579 est,
812 5499 1027 5568 valide
1085 5499 1474 5569 confirment
1519 5505 2062 5573 excommunicati
2119 5517 2183 5574 et

1753 324 1895 386 [ΑΒ.
1932 326 2030 386 lV.
2079 324 2675 389 SENTENTlARUM

2248 481 2580 570 degradati
2660 496 2730 549 ut
2787 483 3203 550 communius
3269 494 3549 562 tenetur,
3639 482 3792 569 'quia

2254 600 2394 665 haec
2466 611 2567 667 est
2627 613 2912 686 potestas
2988 600 3237 668 ordinis
3295 601 3360 666 in
3426 598 3792 687 Episcopis,
3873 612 4127 687 Ρᾳιςειιε

2251 736 2412 803 quae
2444 737 2572 783 non
2613 716 2954 805 dependet,
2994 718 3194 804 (cum
3229 716 3598 784 indelebilis
3637 714 3746 796 sit,
3772 714 3796 803 )
3825 682 4166 792 ῗζὲἒῗὲἷὶιῗι
4255 774 4258 807 4

2252 852 2288 898 a
2331 832 2812 918 jurisdictione,
2850 846 3164 923 quantum
3232 833 3311 900 ad
3351 834 3638 901 valorem
3681 836 3797 899 Sa-

2253 950 2591 1029 cramenti,
2638 952 2808 1019 sicut
2840 973 3051 1040 neque
3091 962 3376 1040 potestas
3408 947 3795 1018 conficiendi

2259 1066 2732 1133 Eucharistiam
2801 1068 2867 1134 in
2935 1068 3305 1145 Sacerdote,
3352 1078 3669 1156 quantum
3719 1064 3799 1131 ad

2256 1180 2543 1248 valorem
2583 1182 2821 1262 deficit,
2875 1183 3218 1251 deficiente
3283 1184 3666 1251 auctoritate
3713 1204 3794 1249 ex

2256 1298 2679 1365 concessione
2763 1300 3097 1378 Ecclesiae,
3142 1321 3271 1367 non
3330 1301 3418 1369 ita
3444 1312 3661 1368 tamen
3694 1320 3803 1386 po-

2259 1425 2459 1481 testas
2497 1415 2735 1496 omnis,
2780 1438 2929 1504 quae
2975 1416 3281 1484 fundatur
3339 1418 3403 1483 in
3437 1415 3799 1504 jurisdicti-

2258 1549 2383 1595 one
2429 1530 2921 1618 Episcoporum‚
2957 1547 3070 1601 aut
3125 1534 3203 1600 ab
3236 1533 3376 1621 ipsa
3427 1531 3790 1618 dependet;

2261 1663 2513 1736 oportet
2562 1672 2717 1738 ergo
2776 1655 2945 1721 hanc
2999 1665 3380 1740 potestatem
3450 1673 3579 1719 non
3656 1672 3806 1718 esse

2254 1767 2734 1854 jurisdictionis
2809 1770 2888 1835 ab
2953 1770 3223 1836 arbitrio
3281 1769 3591 1837 Ecclesiae
3650 1789 3804 1856 pro-

2268 1884 2613 1965 venientis,
2659 1886 2771 1952 sed
2804 1886 3008 1954 solius
3038 1886 3286 1954 ordinis
3326 1899 3390 1954 et
3426 1887 3794 1975 dignitatis.

2351 2000 2503 2067 Dico
2543 2022 2703 2085 ergo
2734 2003 2903 2069 hanc
2944 2015 3353 2090 potestatem,
3408 2015 3478 2070 ut
3554 2015 3803 2071 remota
3967 2040 4050 2090 6⁴.

2262 2131 2362 2185 est
2460 2118 2526 2184 in
2629 2120 2971 2186 Sacerdote
3055 2121 3372 2209 simplice,
3443 2120 3663 2186 reduci
3726 2121 3800 2187 ad
3868 2102 4045 2153 Amet
4075 2113 4164 2163 po-

3918 2170 4085 2214 testas

2266 2245 2480 2301 actum
2532 2256 2649 2322 per
2686 2237 3137 2304 auctoritatem
3172 2237 3424 2304 Summi
3471 2237 3804 2305 Pontificis
3859 2230 4165 2348 configun-

2266 2350 2561 2435 proxime
2601 2363 2709 2416 aut
2749 2365 3035 2430 remote;
3073 2366 3136 2418 et
3193 2351 3260 2418 in
3317 2353 3442 2418 hoc
3505 2352 3722 2418 differt
3769 2354 4165 2466 aetabsgilven·

2270 2477 2612 2552 potestate,
2660 2488 2853 2554 quam
2890 2467 3118 2554 recipit
3149 2469 3213 2535 in
3246 2490 3363 2535 sua
3404 2469 3811 2535 ordinatione
3854 2477 4164 2549 couvenjunt

2273 2580 2350 2646 ad
2385 2582 2772 2650 remittenda
2803 2597 3085 2671 peccata,
3122 2585 3294 2673 quod
3331 2587 3473 2652 haec
3513 2584 3804 2674 quidem,
3835 2558 3896 2592 ⁶¹
3956 2542 4159 2593 ‘’mm‘'

2271 2710 2588 2785 quantum
2630 2711 2838 2766 estex
2888 2713 3068 2789 parte
3107 2701 3381 2783 ordini8‚
3428 2703 3514 2769 sit
3543 2703 3814 2789 propin-

2272 2834 2423 2901 qua,
2493 2826 2808 2901 quantum
2876 2829 3092 2884 tamen
3153 2817 3233 2884 ad
3294 2819 3630 2886 materiam
3698 2841 3814 2886 seu

2274 2931 2664 3018 subjectum,
2711 2931 2776 2998 in
2809 2933 2979 3019 quod
3019 2945 3419 3014 exerceatur,
3457 2934 3544 3001 sit
3600 2954 3813 2999 remo-

2274 3057 2360 3123 ta,
2397 3046 2547 3133 quia
2580 3068 2707 3112 non
2741 3048 2974 3134 recipit
3002 3070 3081 3115 ex
3113 3049 3178 3115 vi
3221 3048 3648 3116 ordinationis
3680 3069 3820 3116 suae
4257 3118 4258 3123 ,

2273 3164 2534 3250 aliquod
2567 3167 2958 3255 subjectum,
3003 3188 3118 3234 seu
3169 3168 3502 3235 subditum
3536 3168 3601 3233 in
3633 3167 3804 3255 quod
4239 3163 4258 3236 ’ἕ

2273 3294 2574 3349 exerceat
2611 3282 3162 3371 jurisdictionem,
3216 3283 3328 3351 sed
3371 3283 3452 3350 ab
3501 3283 3819 3370 Episcopo
4255 3275 4258 3286 ⁴

2274 3417 2390 3464 scu
2441 3398 2767 3465 ordinario
2838 3399 3159 3486 dependet
3216 3400 3426 3488 quoad
3490 3400 3637 3480 hoc,
3707 3401 3821 3488 qui

2275 3523 2347 3577 ut
2400 3511 2509 3577 dat
2556 3510 2614 3577 ei
2668 3512 2786 3578 hos
2836 3512 2939 3579 vel
2989 3512 3136 3581 illos
3195 3514 3515 3594 subditos»,
3573 3514 3828 3580 reducit

2276 3638 2656 3712 potestatem
2691 3627 2865 3694 illam
2911 3629 2990 3695 ad
3017 3642 3257 3710 actum,
3300 3629 3658 3697 secundum
3689 3649 3825 3694 mo-

2276 3741 2430 3809 dum
2482 3755 2546 3809 et
2602 3743 3079 3823 limitationem,
3161 3758 3370 3833 quam
3410 3744 3821 3832 praescribit;

2277 3857 2400 3926 hoc
2445 3869 2662 3926 autem
2700 3860 3027 3947 congruit,
3073 3873 3147 3928 ut
3193 3862 3500 3949 Episcopi
3550 3861 3637 3929 sit
3672 3861 3828 3928 dare

2279 3977 2447 4043 hanc
2478 3976 2772 4044 ultimam
2813 3978 3422 4047 determinationem
3475 3979 3557 4046 ob
3599 4000 3828 4047 neces-

2278 4095 2534 4163 sitatem
2597 4096 2995 4163 Sacramenti
3051 4097 3492 4178 Poenitentiae‚
3554 4110 3615 4163 et
3675 4097 3828 4184 quia

2280 4214 2601 4301 dependet
2658 4237 2693 4281 a
2751 4225 3068 4300 potestate
3101 4214 3603 4301 jurisdictionis,
3678 4234 3828 4302 quae

2280 4331 2566 4420 delegari
2611 4341 2848 4418 potest.

2370 4453 2694 4516 Caeterum
2755 4445 2820 4513 in
2899 4446 3402 4515 Confirmatione
3460 4469 3669 4536 neque
3728 4462 3828 4517 est
3879 4465 4148 4536 Episcopus

2283 4577 2462 4632 tanta
2501 4563 2881 4645 necessitas,
2958 4584 3170 4651 neque
3226 4575 3514 4651 potestas
3570 4566 3825 4634 ordina·
3897 4535 4132 4656 ᾱὲιῖῗῷζ

2284 4682 2403 4761 ria,
2449 4701 2577 4768 qua
2615 4681 2906 4768 gaudent
2953 4681 3284 4768 Episcopi,
3343 4703 3488 4749 cum
3534 4683 3619 4749 sit
3657 4683 3829 4750 ordi·
3904 4669 4123 4767 ⁶203?ae

2286 4799 2390 4866 nis
2444 4812 2508 4865 et
2565 4798 2925 4886 dignitatis,
2990 4809 3201 4886 potest
3259 4799 3581 4888 delegare,
3619 4822 3834 4890 neque
3857 4778 4169 4894 οᾟζζὶῗξᾱ

2285 4917 2476 4984 aliter
2514 4916 2997 4983 communicare
3028 4937 3169 4983 eam
3205 4917 3410 5003 possit
3441 4917 3826 5006 Episcopus,
3867 4904 4170 5020 jux-¹533&

2288 5045 2572 5122 potestas
2611 5054 2767 5101 vero
2809 5054 2925 5101 seu
2962 5032 3336 5121 jurisdictio
3393 5035 3565 5123 ejus,
3619 5057 3654 5103 a
3706 5057 3833 5124 qua

2289 5151 2609 5239 dependet
2667 5152 3215 5239 complementum
3274 5152 3627 5220 Sacerdotii
3672 5153 3836 5220 sim-

2290 5268 2501 5355 pliciS,
2559 5281 2874 5357 quantum
2920 5268 2999 5334 ad
3054 5269 3503 5356 poenitentiam
3544 5269 3835 5358 delegari

2294 5397 2530 5473 potest,
2567 5398 2633 5453 et
2690 5388 2811 5453 hac
2867 5386 3062 5452 etiam
3133 5385 3382 5453 ratione
3442 5408 3567 5453 non
3631 5398 3839 5474 potest

2289 5503 2653 5590 Episcopus
2693 5502 3020 5590 delegare,
3063 5515 3176 5571 aut
3223 5503 3355 5570 ullo
3408 5504 3600 5571 modo
3649 5525 3831 5571 com-
