4287 6313
634 362 755 426 286

617 525 931 591 Ordinem
964 529 1050 593 ad
1079 532 1445 604 materiam,
1495 548 1631 594 non
1674 529 1760 592 ita
1812 529 1880 591 in
1912 528 2173 602 ordine,

622 643 705 708 de
763 648 1003 725 quibus
1072 651 1138 711 in
1195 653 1421 727 specie
1469 648 1803 729 agendum
1864 648 2005 709 erit.
2067 647 2171 709 Sic

622 770 817 832 etiam
857 771 923 833 in
952 774 1259 835 Extrema
1291 775 1611 838 Unctione
1647 794 1661 836 ε
1710 779 1838 837 Per
1863 775 2030 835 banc
2053 790 2163 836 sa-

619 900 804 947 cram
870 890 1255 963 Unctz'onem,
1317 896 1442 953 etc.
1505 893 1718 970 magis
1791 891 2175 969 exprimitur

626 999 916 1063 efficacia
974 1006 1261 1067 materiae
1318 1022 1516 1085 quam
1571 1004 1815 1079 formae,
1869 1023 2009 1086 quae
2071 1010 2173 1067 est

623 1118 1086 1199 deprecativa3
1175 1124 1237 1183 in
1311 1124 1722 1186 matrimonio
1805 1140 2168 1186 consensus

618 1240 910 1311 mutuuS,
958 1238 1062 1300 vel
1113 1238 1438 1317 quidquid
1482 1246 1787 1317 ponatur,
1839 1243 2007 1304 sicut
2047 1258 2172 1319 per

617 1367 690 1413 se
739 1353 1022 1432 exigitur
1051 1354 1136 1416 ad
1185 1360 1592 1419 contractum
1634 1358 2026 1437 legitimum,
2079 1360 2170 1422 ita

620 1467 1245 1550 quomodocumque
1279 1473 1664 1550 explicatur,
1723 1475 1859 1536 sive
1912 1476 1978 1535 in
2019 1477 2164 1536 rati·

617 1600 746 1644 one
802 1582 1026 1648 formae
1068 1591 1205 1651 sive
1262 1590 1572 1663 materiae,
1619 1587 1897 1667 perinde
1941 1587 2169 1652 fundat

620 1700 1007 1764 relationem
1041 1705 1613 1767 sacramentalem.

404 1838 457 1890 8.
546 1899 558 1911 ·
700 1819 992 1880 Occurrit
1023 1803 1467 1882 controversia
1499 1839 1646 1883 cum
1676 1822 1994 1886 haereticis
2049 1826 2165 1886 cir·

277 1903 362 1952 An
380 1906 592 2014 meatum
622 1946 695 1992 ca
723 1929 1001 1994 formam
1047 1939 1114 1995 et
1157 1936 1498 1997 materiam
1531 1937 1725 2016 hujus
1772 1939 2161 2001 Sacramen-

268 2026 592 2139 sffiffinignt
620 2050 663 2111 ti
737 2054 803 2110 et
847 2051 1273 2129 reliquorum,
1319 2059 1540 2115 utrum
1591 2057 1721 2117 sint
1767 2054 2033 2120 definita
2097 2060 2166 2118 et

323 2167 353 2201 ι
390 2151 531 2200 Deo?

320 2210 528 2263 veritas
619 2164 1054 2230 determinata
1077 2170 1105 2228 ?
1134 2170 1487 2232 Veritatem
1518 2170 1969 2234 affirmativam
2011 2190 2163 2251 sup-

268 2274 804 2387 fid{}affi¹{⁸mp⁰ni²
833 2284 1082 2347 Doctor
1110 2286 1231 2355 hic,
1266 2287 1423 2349 etin
1469 2293 1824 2368 quaestione
1875 2307 2164 2368 sequen-

320 2400 527 2450 Doctor·
622 2397 689 2470 ti,
724 2405 791 2460 et
817 2399 881 2460 in
916 2401 1122 2477 prima
1159 2404 1525 2481 quaestione
1568 2405 1789 2485 hujus,
1821 2422 1942 2484 per
1984 2407 2164 2469 illam

614 2517 1005 2593 particulam
1050 2535 1134 2578 ex
1186 2520 1406 2581 divina
1460 2522 1850 2583 institutione
1911 2523 2160 2600 siqnisl-

614 2645 789 2702 cans,
825 2636 891 2692 et
932 2631 998 2692 in
1031 2633 1465 2711 explicatione
1511 2633 1905 2699 definitionis
1960 2637 2157 2698 tradi-

612 2752 697 2808 tae
742 2763 777 2806 a
850 2747 1178 2827 Magistro,
1243 2755 1308 2813 et
1362 2752 1506 2814 ἀίει.
1559 2753 1613 2814 l.
1673 2759 1886 2828 quaest.
1939 2757 1999 2816 2.
2036 2771 2165 2832 per

611 2865 859 2933 totum;
937 2867 1173 2942 estque
1245 2865 1484 2927 veritas
1551 2865 1705 2927 fidei
1764 2864 2031 2928 definita
2094 2867 2162 2928 in

299 2989 533 3043 Trident.
608 2981 1016 3057 Tridentino,
1060 2985 1465 3065 ubicumque
1498 2989 1633 3068 agit
1666 2987 1748 3048 de
1779 2989 2160 3050 Sacramen-

616 3097 693 3158 tis
729 3097 794 3159 in
825 3100 1075 3177 specie,
1110 3104 1178 3163 et
1203 3117 1351 3164 sess.
1385 3104 1446 3164 7.
1483 3119 1622 3163 can.
1679 3104 1771 3166 13.
1806 3106 1884 3167 de
1910 3105 2159 3165 Sacra-

611 3216 842 3276 mentis
868 3218 934 3277 in
961 3233 1216 3293 yenere,
1282 3222 1346 3281 et
1395 3222 1463 3281 in
1507 3220 1881 3281 Florentino
1931 3237 2155 3297 supra,

613 3334 680 3391 et
709 3347 853 3408 cap.
889 3336 983 3395 Ad
1023 3334 1440 3408 abolendam,
1487 3337 1564 3398 de
1605 3336 1936 3400 baereticis.

687 3445 869 3508 Patet
899 3449 1120 3525 quoad
1152 3466 1459 3527 praesenS‚
1491 3454 1760 3513 Ioannis
1788 3452 1846 3513 3.
1880 3453 1992 3514 ubi
2035 3450 2152 3514 de-

609 3564 912 3641 signatur
941 3566 1206 3625 materia
1249 3566 1586 3642 Baptismi,
1629 3582 1841 3645 aqua;
1877 3568 2164 3630 Matthaei

607 3679 841 3741 alcimo
883 3680 1029 3761 ejus
1076 3679 1313 3758 forma,
1375 3684 1544 3744 sicut
1607 3688 1674 3747 et
1729 3686 2018 3747 Matckaei
2050 3685 2154 3747 26.

609 3790 813 3856 forma
858 3801 926 3857 et
966 3799 1238 3861 materia
1294 3798 1755 3872 Eucharistiae;
1807 3798 2157 3879 Dionysius

611 3907 695 3972 de
742 3912 1200 3976 Ecclesiastica
1249 3914 1616 3977 hierarchia
1663 3930 1807 3993 cap.
1845 3916 1899 3976 l.
1948 3915 2162 3976 Primi

604 4030 1030 4094 sacerdotalis
1072 4032 1360 4092 muneris
1428 4035 1621 4095 duces
1660 4030 2024 4093 visibilibus
2071 4032 2154 4092 si-

601 4151 745 4227 quis
808 4147 1090 4210 coelestia
1159 4150 1589 4210 Sacramenta
1644 4150 2011 4219 texuerunt,
2095 4151 2155 4207 ct

591 4267 845 4346 partim
880 4266 1160 4341 scriptis,
1203 4264 1450 4341 partim
1490 4278 1616 4323 non
1668 4262 1924 4338 scriptis
1965 4261 2152 4325 insti-

598 4381 956 4444 tutionibus
982 4380 1163 4441 nobis
1200 4380 1631 4450 tradiderunt,
1666 4381 1791 4438 etc.
1839 4378 2149 4457 Augusti-

267 4515 547 4583 Augu-tiu.
599 4515 726 4560 nus
760 4496 844 4559 de
887 4498 1083 4559 unico
1115 4492 1473 4573 Baptismo,
1521 4510 1578 4554 c.
1611 4493 1669 4555 8.
1724 4492 1879 4554 dicit
1924 4494 2150 4555 Sacra-

594 4617 821 4675 menta
850 4608 1081 4673 Christi
1126 4609 1375 4671 dehere
1419 4609 1554 4669 ritu
1602 4607 1989 4685 Evangelico
2047 4622 2151 4668 ce-

592 4729 859 4801 lebrari,
893 4732 961 4789 et
1018 4725 1131 4790 lib.
1189 4726 1247 4788 3.
1299 4723 1383 4787 de
1441 4725 1776 4803 Baptismo
1841 4739 1992 4800 cap.
2050 4724 2148 4785 15.

592 4846 819 4908 debere
906 4843 1230 4906 celebrari
1290 4843 1500 4905 verbis
1579 4842 2003 4918 Evanqclicis,
2087 4846 2155 4904 et

599 4963 757 5025 alias
790 4977 964 5040 saepe
1004 4961 1176 5023 hanc
1220 4961 1567 5025 veritatem
1618 4958 1836 5022 docet.
1903 4960 2152 5023 Tertul-

268 5079 810 5169 Tertuluan.l¹a¹¹¹1⁸
842 5078 925 5141 de
956 5078 1286 5155 Baptismo
1343 5093 1487 5154 cap.
1544 5078 1637 5140 13.
1687 5079 1820 5140 Lex
1860 5078 2153 5155 &inqendi

598 5196 904 5273 imposita
935 5198 1048 5268 est,
1093 5199 1153 5256 et
1199 5195 1426 5270 forma
1472 5196 1878 5271 praescripta.
1928 5193 2151 5275 Cypri-

293 5342 540 5411 Cyprinn.
596 5326 762 5378 anus
812 5325 1011 5372 serm.
1066 5309 1150 5371 de
1197 5310 1525 5388 Baptismo
1577 5308 1807 5371 Christi
1851 5329 1867 5372 ε
1922 5311 2148 5372 Verbo-

594 5443 750 5489 rum
779 5426 1174 5498 solemnitas,
1205 5431 1262 5486 ct
1294 5426 1475 5487 sacri
1499 5426 1818 5488 invocatio
1846 5427 2143 5499 nominis,

592 5551 650 5611 et
691 5546 882 5622 siqua
921 5541 1296 5620 apostolicis
1329 5542 1851 5618 institutionibus,
1904 5546 1960 5603 et
2005 5546 2133 5606 Sa-

307 3223 517 3274 Florent
527 3262 542 3277 .

306 3830 497 3896 Dionys
507 3867 521 3881 .

1816 367 1961 428 [AB.
1991 366 2092 428 IV.
2138 365 2734 433 SENTENTIARUM

2284 534 2614 594 cer-dotum
2640 531 3014 594 ministeriis
3043 532 3380 608 attributa,
3409 533 3664 596 visibile
3693 534 3831 612 effl-
3875 558 4157 626 Angustia.

2285 651 2459 711 ciant
2488 654 3014 725 Sacramentum,
3048 656 3171 712 etc.
3206 649 3365 713 Vide
3396 652 3831 730 Augustinum

2290 769 2563 845 epistola
2614 769 2744 831 118.
2807 774 2862 829 ct
2917 767 3029 829 lib.
3082 769 3179 833 19.
3237 776 3463 831 contra
3505 772 3830 838 Faustum,

2283 902 2427 960 cap.
2466 885 2559 947 16.
2614 891 2672 946 et
2715 885 2827 947 lib.
2889 887 2949 947 3.
3012 888 3089 947 de
3144 887 3474 963 Baptismo
3520 875 3669 962 cap:
3732 883 3827 945 10.

2283 1003 2460 1079 epist.
2506 1003 2607 1064 23.
2656 1003 2765 1065 lib.
2813 1004 2872 1064 7.
2921 1001 3003 1064 de
3051 999 3380 1080 Baptismo
3422 1002 3567 1079 cap.
3621 1002 3723 1063 47.
3773 1007 3831 1062 ec

2278 1117 2375 1178 53.
2414 1117 2525 1178 lib.
2555 1121 2631 1179 de
2660 1120 2907 1179 unitate
2950 1089 3243 1179 Ecclesia?
3273 1135 3413 1195 cap.
3457 1119 3551 1179 19.

2361 1230 2759 1295 Contrariam
2821 1232 3132 1295 haeresim
3191 1233 3562 1295 docuerunt
3612 1233 3823 1295 Pauli·
3859 1215 3864 1219 ’
3894 1256 3953 1358 ·Η
3988 1238 4041 1298 9'.
4094 1309 4105 1319 ο

3960 1324 4141 1359 aefflsslss

2283 1355 2460 1429 tiani,
2523 1361 2596 1418 ut
2652 1354 2854 1418 refert
2924 1357 3314 1437 Euthymi-us
3375 1358 3443 1418 in
3509 1358 3569 1418 2.
3634 1362 3828 1433 parte
3869 1372 4158 1424 contraria.

2278 1473 2612 1548 Panopliae
2639 1478 2763 1533 art.
2797 1474 2897 1534 21.
2933 1474 3042 1551 qui
3073 1489 3204 1534 non
3248 1472 3676 1552 requirebant
3705 1471 3816 1532 ali·
3852 1434 4145 1547 Νξὲἑῗέἒξξ

2280 1601 2477 1672 quam
2508 1589 2875 1658 materiam,
2905 1586 3026 1648 sed
3055 1587 3279 1649 verba.
3322 1588 3482 1648 Item
3530 1584 3823 1648 haeretici
3858 1557 4125 1693 ωΰξζὲξζ.

2276 1701 2475 1781 hujus
2533 1704 2865 1780 temporis,
2920 1691 3030 1782 q⁰ui
3073 1709 3324 1782 negant
3369 1703 3614 1782 requiri
3645 1687 3820 1764 aliud
3892 1682 4126 1798 ἓξξξιξζο

2275 1819 2576 1895 verbum,
2625 1819 2748 1882 nisi
2793 1820 3350 1883 concionatorium
3394 1824 3460 1881 et
3492 1818 3821 1908 doctrinae,

2278 1935 2431 2013 quia
2462 1935 2588 1996 hoc
2632 1934 2848 1997 solum
2889 1937 3340 1998 necessarium
3369 1937 3471 1996 est
3516 1933 3603 1996 ad
3653 1936 3821 1995 exci-

2276 2049 2546 2112 tandam
2603 2049 2827 2113 fidem.
2892 2049 3129 2130 Ohjicit
3194 2056 3413 2113 autem
3490 2049 3820 2123 CalvinuS,

2277 2167 2457 2229 nulla
2526 2168 2871 2230 conventio
2938 2167 3173 2230 Christi
3244 2166 3332 2228 ad
3404 2167 3643 2242 Belial;
3703 2168 3820 2229 sed

2275 2285 2450 2364 magi
2479 2289 2755 2350 utuntur
2807 2286 3000 2347 certis
3052 2283 3450 2347 carminibus
3516 2290 3581 2346 et
3621 2283 3824 2345 rebus

2275 2400 2361 2462 ad
2414 2399 2756 2475 maleficia,
2826 2416 2986 2481 ergo
3043 2401 3177 2462 haec
3243 2414 3376 2462 non
3446 2399 3825 2462 debuerunt

2275 2514 2526 2578 admitti
2558 2516 2624 2578 in
2655 2518 3115 2579 sacramentis.
3688 2592 3694 2599 ¹

2354 2619 2838 2710 Respondetur,
2870 2632 2923 2693 si
2976 2637 3439 2713 argumentum
3489 2631 3820 2710 quidpiam
3859 2635 4171 2702 nespomio.

2270 2748 2545 2823 valeret,
2606 2747 2883 2812 inferret
2955 2765 3176 2830 neque
3248 2749 3314 2811 in
3383 2750 3536 2830 lege
3614 2751 3823 2812 veteri

2271 2866 2485 2926 Deum
2530 2865 2891 2970 instituisse
2927 2867 3346 2929 caeremonias
3392 2870 3631 2939 certa&
3681 2866 3821 2944 qui-

2268 2981 2395 3044 hus
2440 2983 2788 3057 coleretur,
2820 2998 3038 3062 neque
3068 2998 3261 3044 usum
3314 2981 3518 3046 fuisse
3570 2979 3819 3045 sacrifi-

2272 3097 2513 3160 ciorum
2544 3097 2611 3161 in
2655 3098 2807 3179 lege
2839 3103 3089 3162 naturae
3130 3100 3593 3180 approbatum.

2348 3213 2654 3279 Secundo
2711 3214 2935 3294 objicit
2988 3215 3151 3278 illud
3206 3218 3552 3297 Augustini
3625 3220 3811 3279 tract.
3879 3212 4130 3327 osbecetgffia

2268 3333 2369 3396 80.
2423 3332 2488 3393 in
2533 3333 2904 3395 loannem:
2962 3337 3132 3396 Unde
3176 3335 3302 3396 ista
3354 3335 3558 3396 virtus
3605 3350 3813 3412 aquae,
3941 3292 3963 3341 ³
4114 3316 4128 3331 ⁶

2267 3453 2337 3509 ut
2366 3465 2599 3526 corpus
2639 3453 2888 3526 tanqat,
2934 3455 2989 3510 et
3022 3466 3135 3512 cor
3184 3451 3426 3524 abluat,
3472 3451 3600 3511 nisi
3642 3449 3812 3527 faci·

2268 3571 2405 3625 ente
2431 3566 2647 3641 verbo,
2681 3583 2806 3628 non
2836 3572 2992 3643 quia
3022 3568 3287 3640 dicitur,
3318 3570 3432 3630 sed
3480 3568 3641 3645 quia
3684 3583 3819 3628 cre·

2268 3681 2497 3741 ditur?
2537 3695 2694 3743 nam
2722 3685 2878 3743 etin
2925 3684 3064 3759 ipso
3112 3682 3305 3744 verbo
3352 3683 3542 3747 aliud
3580 3688 3671 3745 est
3719 3700 3819 3745 so-

2264 3811 2385 3857 nus
2457 3798 2797 3871 transiens,
2857 3796 3047 3862 aliud
3085 3801 3287 3861 virtus
3346 3816 3634 3872 manens,
3699 3799 3819 3861 hoc

2266 3915 2353 3971 est
2381 3913 2648 3973 verbam
2675 3914 2833 3989 fidei
2857 3917 3032 3990 quod
3048 3918 3506 3991 praedicamus.

2343 4029 2803 4107 Respondetur
2876 4032 3318 4110 Augustinum
3390 4034 3810 4112 interpretari
3954 4060 4039 4112 10.

2263 4144 2423 4208 illud
2466 4147 2652 4207 Joan.
2689 4147 2784 4210 10.
2828 4149 2979 4207 Jam
3025 4164 3137 4209 vos
3186 4151 3416 4212 mundi
3462 4151 3608 4211 estis
3644 4163 3810 4227 pro-
3836 4123 4164 4241 gfffflnffi·

2255 4266 2405 4336 pter
2451 4276 2812 4322 sermonem
2867 4276 3060 4337 quem
3112 4262 3366 4325 locatus
3417 4279 3562 4325 sum
3607 4264 3808 4336 vobis,
3870 4239 4127 4360 {7:532-

2264 4381 2390 4437 etc.
2433 4374 2615 4437 unde
2659 4375 2952 4454 loquitur
2982 4382 3116 4438 tam
3148 4373 3232 4439 de
3281 4377 3497 4439 rituali
3544 4394 3667 4440 seu
3706 4393 3811 4439 sa·
3871 4372 3935 4422 <¹0
3982 4327 4138 4425 *οπο

3837 4434 4161 4488 ritualinolo.

2266 4489 2666 4565 cramentali,
2716 4507 2914 4569 quam
2968 4489 3052 4552 de
3103 4490 3490 4563 doctrinam
3542 4494 3629 4555 ita
3672 4495 3813 4573 qui-

2266 4604 2418 4667 dam
2502 4622 2652 4667 cum
2731 4606 3149 4681 Bellarmino,
3241 4623 3443 4688 quem
3514 4589 3816 4689 sequitur

2261 4724 2585 4801 vasquez.
2646 4723 2779 4785 Sed
2834 4723 3072 4786 melius
3113 4724 3401 4788 refertur
3459 4728 3816 4789 auctoritas

2264 4840 2349 4903 ad
2390 4842 2607 4904 solum
2654 4842 2886 4904 rituale
2949 4858 3031 4904 ex
3070 4847 3381 4906 contextu
3435 4843 3811 4924 Augustini,

2265 4961 2334 5019 et
2362 4956 2601 5020 dicitur
2627 4960 2906 5020 verbum
2934 4956 3112 5032 fidei,
3145 4965 3470 5037 quatenus
3524 4956 3818 5020 creditur

2262 5074 2345 5135 ah
2402 5074 2693 5136 Ecclesia
2744 5074 2883 5153 eJus
2925 5076 3127 5137 virtus
3175 5072 3258 5136 ad
3328 5072 3811 5151 mundandum,

2267 5194 2333 5251 et
2364 5188 2516 5268 quia
2563 5194 2666 5251 est
2717 5189 3043 5254 invocatio
3093 5190 3517 5254 sanctissimae
3542 5191 3816 5254 Trinita-

2260 5305 2362 5379 tis,
2431 5304 2494 5368 id
2554 5309 2679 5381 est,
2738 5305 3040 5381 verbum,
3088 5307 3268 5386 quod
3322 5314 3420 5370 est
3475 5308 3811 5388 objectum

2261 5424 2611 5497 creditum,
2644 5439 2781 5487 non
2815 5441 2851 5486 a
2900 5425 3327 5503 suscipiente,
3389 5426 3655 5507 quando
3714 5429 3814 5488 est

2256 5536 2468 5602 infans
2506 5540 2613 5602 vel
2657 5539 2966 5618 infidelis»,
3014 5543 3317 5620 quamvis
3358 5541 3605 5606 haheat
3648 5557 3807 5606 con-
