4287 6313
1585 384 1891 446 Dls'mv.
1926 382 2295 459 QUAESTIO
2324 385 2426 447 VI.

493 542 736 628 prium,
781 544 1057 632 quinon
1099 557 1312 632 potest
1355 567 1501 613 esse
1547 547 1613 612 in
1657 547 1922 626 infante,
1969 557 2039 612 ut

491 660 802 744 supponit
830 680 1037 726 canon
1067 662 1144 728 ad
1177 663 1553 749 oppositum
1606 662 1844 728 citatus
1885 681 2038 729 con-

493 784 590 839 tra
631 775 1039 862 Pelagianos,
1076 790 1445 846 asserentes
1513 778 1795 844 infantes
1828 778 2044 863 bapti-

494 888 622 954 zari
645 888 712 953 in
735 891 1191 958 remissionem
1217 893 1486 979 peccati,
1516 911 1647 958 non
1670 890 2037 978 originaliS,

498 1006 613 1073 sed
651 1007 943 1088 actualis,
978 1020 1042 1075 et
1073 1010 1335 1097 propria
1358 1011 1695 1077 voluntate
1733 1010 2042 1077 commis-

501 1122 581 1202 si,
625 1122 983 1212 dequibus
1038 1146 1235 1213 supra
1276 1127 1535 1215 egimus
1590 1125 1671 1192 de
1718 1126 2044 1212 Baptismo

196 1256 448 1319 Compre-
503 1239 825 1307 infantum
874 1253 1101 1328 quoesc.
1146 1248 1208 1308 1.
1247 1244 1323 1309 Hi
1356 1256 1573 1310 tamen
1615 1243 2043 1330 comprehen-

155 1320 447 1450 hgssgssgffig
502 1354 809 1423 derentur
831 1370 1155 1444 praecepto
1177 1359 1511 1445 Baptismi,
1550 1359 1720 1426 sicut
1753 1358 2042 1444 Apostoli

236 1444 391 1510 Bapt.
502 1485 564 1539 et
619 1474 826 1542 Iudaei
885 1474 1258 1542 circumcisi
1345 1476 1802 1562 comprehensi
1861 1487 2039 1541 sunt.

500 1591 1004 1677 Comprehendit
1063 1593 1238 1659 enim
1296 1593 1403 1660 lex
1455 1605 1586 1659 tam
1629 1594 1810 1681 justo
1852 1612 2044 1681 quam

504 1706 808 1793 injustos,
883 1720 1011 1775 tarn
1089 1709 1375 1775 Gentiles
1451 1730 1646 1797 quarn
1736 1709 2040 1786 Judaeos;

504 1823 677 1908 quod
737 1844 865 1890 non
925 1835 1095 1891 esset
1142 1845 1398 1905 verum,
1462 1827 1517 1892 si
1568 1824 1644 1892 ad
1705 1825 2045 1891 veritatem

506 1938 733 2007 formae
771 1943 914 2029 ejus
967 1944 1413 2031 requireretur
1461 1943 1527 2008 in
1568 1942 1851 2030 singulis
1889 1941 2047 2009 ordo

506 2057 815 2144 Baptismi
868 2059 948 2124 ad
998 2072 1331 2146 peccatum
1391 2060 1457 2126 in
1516 2059 1772 2138 effectu,
1837 2058 1941 2125 vel
1983 2058 2046 2123 in

506 2192 600 2253 re,
657 2173 756 2241 vel
808 2174 874 2240 in
917 2186 1092 2256 voto,
1150 2188 1221 2241 ut
1274 2186 1451 2261 patet
1506 2174 1571 2240 in
1622 2175 1883 2243 casibus
1930 2194 2049 2240 ex-

508 2291 778 2376 pressis,

275 2441 361 2493 30.
595 2407 977 2474 Confirmari
1029 2419 1240 2494 potest
1291 2408 1498 2495 primo
1538 2430 1619 2474 ex
1670 2407 2049 2474 Tridentino

504 2545 658 2590 sess.
725 2530 829 2590 14.
875 2546 1021 2612 cap.
1090 2531 1151 2592 1.
1216 2536 1275 2590 et
1323 2529 1387 2590 4.
1446 2525 1553 2591 ubi
1603 2524 1887 2592 declarat
1938 2543 2047 2590 ne-

509 2639 878 2706 cessitatem
945 2651 1010 2706 et
1066 2639 1423 2707 efficaciam
1494 2641 1898 2727 poenitentiae
1972 2640 2050 2706 ad

512 2756 967 2823 remissionem
999 2757 1271 2824 actualis
1306 2757 1595 2824 mortalis
1625 2769 1775 2824 ante
1840 2755 2052 2843 Bapti-

511 2892 729 2937 smum
788 2872 1184 2952 institutum,
1258 2894 1386 2960 quo
1455 2885 1751 2960 tempore
1808 2871 2052 2938 nullam

519 2987 744 3053 habuit
836 2989 1442 3056 subordinationem
1519 2990 1598 3055 ad
1653 2988 2054 3076 Baptismum

512 3104 808 3172 remissio
878 3107 1164 3193 peccati;
1237 3107 1334 3175 sic
1398 3119 1617 3174 tamen
1700 3106 2042 3195 justificati

511 3224 897 3290 tenebantur
918 3224 999 3290 ad
1030 3224 1432 3311 Baptismum
1457 3224 1865 3311 promulgata
1884 3224 2050 3312 lege,

513 3352 582 3405 ut
609 3340 976 3407 communis
1006 3340 1328 3406 sententia
1361 3340 1690 3427 supponit.

599 3461 783 3537 Item,
856 3478 1303 3545 supponamus
1376 3459 1662 3545 aliquem
1743 3458 2058 3525 Catechu-

513 3595 778 3641 menum
812 3586 1065 3661 raptum
1118 3574 1196 3640 ad
1239 3574 1653 3661 martyrium,
1699 3588 1763 3641 et
1802 3575 1912 3662 qui
1971 3575 2058 3641 sit

512 3691 579 3756 in
629 3701 911 3778 peccatO,
962 3710 1173 3776 neque
1213 3690 1588 3757 recordetur
1628 3692 1690 3756 in
1743 3691 1855 3757 illo
1897 3712 2056 3779 ago-

515 3826 618 3886 ne,
655 3806 1081 3890 Sacramenti,
1119 3817 1233 3873 aut
1254 3808 1524 3892 peccati,
1574 3808 1806 3874 habeat
1837 3819 2056 3874 tamen

515 3921 1035 4008 dispositionem,
1109 3943 1543 4010 quaecumque
1617 3923 1727 3990 illa
1804 3924 1911 4005 sit,
1977 3924 2057 3991 ad

517 4037 886 4124 passionem
929 4057 1046 4122 pro
1076 4037 1361 4122 ChristO,
1404 4049 1468 4109 et
1511 4038 1780 4125 recipiat
1817 4038 2060 4107 vulnus

517 4154 776 4233 lethale,
816 4152 1119 4240 quamvis
1168 4174 1283 4240 pro
1326 4162 1481 4220 tunc
1519 4154 1737 4221 statim
1779 4175 1909 4221 non
1948 4176 2058 4221 ex-

519 4273 707 4358 piret,
754 4271 867 4339 sed
899 4284 1122 4357 postea
1152 4292 1233 4337 ex
1264 4271 1407 4358 ipso
1457 4273 1729 4339 vulnere
1777 4273 2053 4360 expiret,

519 4388 749 4475 recipit
787 4388 1063 4475 gratiam
1117 4389 1440 4474 martyrii,
1502 4401 1571 4455 ut
1621 4390 1785 4456 bene
1843 4403 2061 4456 noster

516 4509 693 4592 Vega
763 4505 874 4571 lib.
959 4507 1030 4571 6.
1085 4507 1155 4571 in
1221 4497 1690 4572 Tridenti'mtm
1751 4529 1904 4573 ses-e.
1976 4510 2047 4574 6.

519 4644 666 4709 cap.
716 4626 824 4689 37.
895 4641 1089 4707 quem
1149 4621 1448 4708 sequitur
1496 4624 1756 4707 Suarez,
1797 4635 1866 4690 ut
1897 4624 2063 4690 infra

519 4737 917 4817 videbimuS,
983 4736 1065 4803 de
1105 4735 1434 4823 Baptismo
1482 4737 1850 4825 sanguinis,
1886 4747 2061 4805 tene·

521 4863 631 4921 tur
668 4853 818 4920 talis
861 4852 940 4919 ad
990 4852 1426 4939 Baptismum‚
1461 4853 1516 4919 si
1555 4852 1810 4921 occasio
1848 4854 2059 4934 datur,

525 4969 592 5036 in
649 4990 778 5058 quo
818 4968 1189 5055 Baptismus
1245 4980 1590 5056 susceptus
1632 4990 1761 5035 non
1795 4969 2066 5037 remittit

525 5097 859 5174 peccatum
891 5086 958 5152 in
990 5107 1085 5166 re,
1130 5097 1240 5152 aut
1268 5085 1428 5152 alias
1460 5087 1526 5151 in
1558 5098 1735 5167 vot0,
1774 5086 1886 5153 sed
1918 5108 2065 5174 gra-

523 5202 681 5270 tiam
732 5215 795 5269 et
860 5203 1317 5270 remissionem
1369 5203 1601 5290 accipit
1666 5225 1781 5290 per
1830 5217 2068 5291 marty-

163 5295 496 5365 Martyrium
566 5320 578 5332 ·

156 3471 314 3524 Alius
324 3487 492 3524 casus·

244 4525 398 4587 Vaga
409 4559 422 4575 .

220 4590 261 4640 S
270 4600 425 4638 uarez
431 4620 444 4635 .

151 5380 271 5416 noa
305 5364 494 5413 suber·
527 5340 724 5400 rium,
824 5318 998 5407 quod
1091 5317 1269 5385 nullo
1347 5319 1536 5384 modo
1605 5319 2070 5387 subordinatur

216 5426 437 5554 dssuassff
528 5436 878 5524 Baptismo,
936 5456 1083 5502 cum
1128 5436 1212 5501 sit
1289 5435 1560 5502 ultimus
1618 5447 1800 5502 actus
1856 5449 2066 5504 trans-

171 5550 471 5617 Angustia.
526 5555 745 5621 euntis
782 5576 863 5622 ex
909 5554 1045 5621 vita
1075 5554 1154 5621 de
1182 5553 1327 5641 lege
1357 5553 1707 5635 ordinaria,
1743 5568 1807 5621 et
1840 5555 2068 5622 remit-

3593 383 3714 445 467

2153 557 2243 612 tat
2302 546 2582 632 culpam,
2628 558 2692 613 et
2730 567 2990 613 omnem
3039 566 3344 633 poenam3
3408 566 3488 613 ex
3563 548 3697 610 Au·
3781 568 4002 621 Tei-tull.

2152 663 2420 750 gustino
2453 675 2646 730 tract.
2693 668 2800 731 84.
2839 666 2914 730 in
2954 666 3152 731 Ioan.
3187 663 3588 749 Tertulliano
3628 665 3704 743 in
3760 632 4022 761 Ἑζῗξὲζ

2154 781 2497 868 Αροίοῃει.
2606 782 2680 847 in
2752 783 2908 864 sine,
2992 782 3325 847 Clemente
3408 784 3698 847 Romano

2159 896 2272 963 lib.
2319 901 2382 962 5.
2419 899 2677 963 constit.
2713 920 2858 984 cap.
2906 902 2968 966 7.
3006 898 3333 984 Cypriano
3357 896 3549 984 epist.
3591 902 3699 964 73.

2158 1012 2268 1078 ubi
2322 1025 2540 1099 aequat
2581 1015 2971 1101 martyrium
3007 1016 3361 1101 Baptismo.
3398 1012 3708 1080 Videatur

2157 1128 2350 1195 etiarn
2395 1130 2937 1219 augustinuslib.
2975 1135 3042 1200 3.
3075 1131 3159 1197 de
3188 1132 3389 1198 Civic.
3429 1152 3582 1217 cap.
3639 1134 3702 1196 7.

2159 1254 2222 1308 et
2259 1245 2626 1312 communis
2667 1249 2958 1326 Petrum,
3032 1247 3143 1333 qui
3201 1245 3280 1311 de
3323 1245 3710 1313 necessitate

2161 1358 2470 1443 Baptismi
2504 1373 2775 1447 agentes
2805 1359 2885 1427 ad
2925 1360 3300 1447 ingressum
3334 1361 3520 1446 regni
3570 1380 3707 1426 coe-

2160 1473 2398 1554 lorum,
2506 1476 2845 1563 excipiunt
2951 1497 3175 1544 casum
3270 1475 3705 1544 confessionis

2160 1590 2425 1670 Christi,
2478 1613 2594 1678 per
2632 1592 3016 1659 effusionem
3049 1593 3417 1681 sanguiniS.

2247 1708 2414 1782 Quin
2479 1708 2676 1774 etiam
2737 1711 3124 1796 martyrium
3196 1722 3418 1776 natum
3479 1721 3575 1775 est
3626 1708 3706 1774 de
3737 1736 4039 1804 Martyrium

2160 1824 2304 1909 ¹230
2345 1822 2673 1890 ordinaria
2741 1826 2895 1892 dare
2961 1826 3238 1911 gratiam
3283 1825 3348 1890 in
3398 1827 3681 1891 termino
3737 1801 4054 1874 {ingratiam

3688 1883 3705 1911 2
3740 1864 4051 1916 intermino.

2161 1936 2240 2001 ad
2272 1958 2465 2024 quem
2514 1938 2836 2007 destinata
2867 1952 2967 2006 est
3017 1960 3316 2027 persona,
3384 1951 3452 2006 ut
3489 1960 3570 2006 ex
3610 1961 3708 2006 ra-

2163 2055 2340 2122 tione
2397 2059 2738 2143 praemissa
2806 2070 3003 2146 patet.
3085 2062 3158 2124 ln
3215 2079 3291 2124 eo
3339 2079 3497 2145 ergo
3553 2078 3711 2124 casu

2162 2172 2536 2259 Baptismus
2578 2195 2706 2241 non
2748 2174 3012 2242 daretur
3058 2174 3324 2261 Martyri
3374 2174 3441 2240 in
3482 2175 3713 2259 remis-

2163 2290 2414 2359 sionem
2494 2304 2928 2379 peccatorum,
3010 2292 3126 2360 sed
3183 2294 3250 2358 in
3311 2292 3711 2382 consignati-

2163 2427 2381 2488 onem,
2409 2408 2514 2476 vel
2544 2420 2719 2475 certe
2749 2408 2828 2475 ad
2869 2409 3031 2476 alios
3062 2410 3329 2478 effectus
3364 2408 3714 2498 implendae

2165 2526 2330 2612 legis
2361 2538 2425 2592 et
2453 2527 2709 2614 gratiae,
2745 2528 2802 2595 si
2824 2527 3112 2608 daretur,
3139 2541 3252 2596 aut
3280 2540 3453 2596 esset
3481 2547 3710 2614 capu,

2164 2654 2228 2709 et
2285 2643 2656 2729 ingressum
2726 2646 2935 2734 regni.
3000 2646 3333 2713 Diceretur
3390 2646 3553 2713 forte
3602 2648 3714 2710 Ba-

2166 2752 2436 2818 tismum
2469 2752 2709 2819 habere
2776 2754 2844 2819 in
2875 2765 3028 2819 voto
3088 2753 3428 2840 implicit0,
3467 2752 3715 2819 ratione

2169 2867 2317 2934 fidei
2349 2881 2412 2935 et
2441 2867 2800 2951 charitatiS,
2846 2889 2972 2956 qua
3005 2889 3122 2957 pro
3154 2870 3414 2936 Christo
3446 2867 3710 2955 patitur.

2170 2988 2430 3065 Contra,
2483 2985 2562 3053 de
2627 2997 2779 3052 voto
2819 2986 3135 3074 implicito
3206 3009 3332 3053 non
3365 2987 3721 3073 loquuntur

2171 3107 2395 3170 Patres
2438 3102 2576 3171 'aut
2633 3104 2944 3184 Concilia,
3016 3116 3080 3171 et
3140 3104 3457 3192 quidquid
3500 3103 3584 3171 sit
3640 3102 3721 3170 de

2171 3222 2316 3300 hoc,
2355 3240 2437 3287 ne
2474 3221 2556 3288 de
2593 3243 2745 3288 casu
2788 3222 3243 3309 disputemus;
3281 3233 3458 3308 patet
3476 3221 3721 3288 veritas

2170 3337 2613 3404 conclusionis
2655 3338 2984 3424 proposita
3016 3360 3097 3405 ex
3136 3338 3282 3404 aliis
3325 3337 3712 3425 praemissiS,

2169 3475 2245 3521 ac
2273 3454 2547 3541 proinde
2577 3465 2705 3521 stat
2734 3455 2909 3521 hunc
2939 3455 3243 3521 effectum
3278 3455 3711 3534 remissioniS,

2172 3571 2415 3659 peccati
2448 3572 2513 3636 in
2554 3592 2649 3650 re,
2703 3584 2814 3638 aut
2869 3584 3045 3652 vot0,
3095 3591 3221 3638 non
3263 3571 3438 3658 exigi
3487 3571 3567 3638 ad
3605 3592 3717 3638 ve·

2173 3687 2428 3753 ritatem
2490 3688 2718 3754 formae
2781 3687 3226 3776 baptismalis;
3268 3689 3379 3754 sed
3416 3687 3717 3755 remissio

2173 3803 2417 3890 peccati
2459 3804 2684 3891 nequit
2724 3803 2865 3870 fieri
2924 3825 3040 3891 per
3087 3805 3490 3891 Baptismum
3525 3808 3589 3872 in
3621 3807 3717 3873 ef-

2174 3920 2368 4001 fectu,
2441 3921 2568 3987 nisi
2636 3922 2702 3986 in
2774 3941 2845 3986 re
2886 3921 2989 3987 vel
3029 3931 3203 4001 voto,
3270 3932 3339 3986 ut
3411 3921 3720 4007 supponit
3747 3959 4041 4025 Baptismus

2172 4034 2535 4102 Tridentin.
2605 4056 2761 4103 sess,
2805 4038 2870 4103 6.
2943 4058 3089 4123 cap.
3168 4040 3232 4102 4.
3299 4057 3457 4124 ergo
3491 4036 3720 4104 formae
3766 4027 4046 4144 tagfflffistin

2173 4152 2439 4234 veritas,
2494 4174 2642 4241 quae
2681 4154 2983 4220 subsistit
3025 4155 3092 4220 in
3122 4155 3385 4222 casibus
3426 4155 3718 4242 praemis-
3809 4155 4007 4264 rssbtfft

2174 4270 2288 4350 εἰς,
2327 4290 2455 4338 non
2497 4269 2820 4355 dependet
2858 4291 2895 4337 a
2934 4271 3322 4337 remissione
3361 4271 3608 4359 peccati
3650 4272 3716 4336 in

2175 4388 2434 4471 effectu,
2486 4387 2630 4454 sive
2677 4388 2742 4453 in
2792 4409 2885 4468 re,
2931 4387 3073 4455 sive
3113 4388 3178 4453 in
3229 4401 3424 4468 voto;
3470 4401 3533 4455 et
3565 4390 3717 4476 quia

2179 4522 2308 4568 non
2338 4503 2551 4569 solum
2593 4502 2969 4591 responderi
3010 4514 3246 4589 potest,
3282 4502 3453 4589 quod
3487 4503 3714 4569 saltem

2177 4619 2420 4686 veritas
2450 4620 2593 4707 ejus
2624 4619 2932 4706 supponit
2963 4619 3186 4690 fuisse.
3239 4621 3323 4685 sit

2263 4738 2500 4812 Quarta
2539 4734 2909 4802 conclusio:
2949 4736 3055 4801 Ad
3093 4738 3441 4803 veritatem
3478 4739 3718 4823 formce
3807 4732 3996 4857 Qni'air'ta
4057 4818 4072 4844 ἢ

2178 4852 2590 4940 baptismalis
2643 4873 2772 4917 non
2843 4854 3238 4938 requiritur,
3312 4875 3520 4940 neque
3558 4876 3714 4921 con-
3767 4858 4067 4931 conclusio..

2178 4979 2450 5034 ποιαιιιν
2498 4979 2838 5054 peccatum
2901 4969 3132 5053 fuisse.
3180 4971 3330 5035 Haec
3388 4970 3720 5037 conclusio
3751 4924 4072 5056 ἱῖἓζὲἕῖᾞι

2180 5096 2280 5152 est
2354 5097 2578 5151 contra
2634 5084 2872 5152 dictam
2944 5086 3462 5171 responsionem,
3514 5108 3724 5175 neque
3818 5047 4002 5099 fuisse.

2182 5201 2400 5268 minus
2439 5213 2616 5269 certa
2657 5214 2757 5268 est
2796 5224 2875 5269 ex
2934 5202 3148 5269 dictis.
3195 5204 3533 5284 Probatur,-
3571 5227 3724 5291 sup·

2183 5320 2483 5406 ponendo
2569 5320 2894 5407 duplicem
2973 5319 3519 5406 significationem
3605 5322 3729 5389 for-

2184 5458 2333 5517 mae,
2390 5458 2668 5525 quarum
2712 5437 2913 5504 altera
2953 5449 3052 5504 est
3091 5437 3515 5524 speculative,
3553 5451 3617 5505 et
3645 5460 3728 5505 ex

2183 5552 2597 5621 institutione
2637 5555 2965 5632 liumana3
3013 5555 3157 5621 haec
3195 5567 3411 5621 autem
3458 5574 3586 5620 non
3627 5575 3723 5621 re·
