4287 6313
595 396 715 463 396

589 563 755 624 citur
784 560 868 624 de
913 563 1202 641 peccatis
1254 560 1490 624 deletis
1540 577 1661 639 per
1700 562 2128 638 Baptismum.

226 721 559 787 Explicantur
588 678 783 755 Quod
853 684 1075 741 autern
1125 681 1531 758 Augustinus
1576 678 1773 751 dicat,
1820 694 1964 754 cap.
2016 677 2133 737 illo

228 785 552 913 verbaalissug.
585 797 681 858 3-3.
714 798 926 857 verbis
966 797 1198 869 cz'talis,
1230 796 1390 858 illud
1422 796 1601 875 quod
1630 793 1976 856 remissum
2008 798 2132 865 est,

587 918 653 975 et
699 913 961 992 tegitur,
1018 920 1085 974 et
1127 929 1257 974 non
1302 913 1683 990 imputatur,
1718 912 1963 973 habere
2008 911 2132 971 vim

587 1029 942 1107 quamdam
973 1028 1325 1099 occultam,
1356 1027 1539 1090 unde
1569 1027 1934 1088 seminetur
1961 1040 2136 1087 ama-

586 1161 697 1206 rus
742 1145 1048 1217 oleaster,
1101 1142 1378 1222 intelligi
1429 1147 1647 1220 potest
1695 1141 1779 1203 de
1820 1144 2156 1218 concupi-'

587 1260 838 1321 scentia
911 1259 1173 1330 carnali,
1247 1258 1352 1318 vel
1405 1260 1473 1319 in
1531 1256 1692 1335 ipsis
1754 1257 2138 1335 parentibus

583 1379 954 1453 respective
985 1375 1070 1436 ad
1099 1375 1375 1452 prolem,
1408 1390 1553 1453 quae
1582 1376 1799 1447 etiam,
1828 1378 1903 1435 ut
1931 1374 2139 1435 nasci-

591 1499 696 1555 tur
765 1510 802 1555 a
867 1492 1243 1573 parentibus
1311 1491 1694 1568 baptizatiS,
1768 1507 1890 1568 per
1968 1493 2137 1553 viam

589 1609 1137 1687 concupiscentiae
1226 1608 1421 1668 trahit
1477 1612 1855 1685 peccatum,
1932 1611 2001 1668 et
2072 1605 2140 1667 fit

585 1729 899 1800 oleaster,
946 1727 1159 1788 donec
1190 1743 1309 1804 per
1338 1727 1743 1804 Baptismum
1776 1725 2141 1787 remittatur

583 1850 837 1919 reatuS,
881 1849 1162 1924 tegatur,
1196 1857 1331 1904 non
1373 1843 1755 1921 imputetur.
1800 1843 1919 1903 Vel
1948 1842 2143 1902 intel-

585 1962 699 2040 ligi
735 1966 952 2038 potest
979 1961 1345 2039 respective
1392 1959 1477 2022 ad
1520 1976 1873 2038 personam
1920 1963 2137 2042 bapti-

591 2079 733 2147 zati,
806 2079 870 2139 in
918 2093 1046 2156 qua
1090 2077 1269 2158 viget
1326 2075 1543 2137 adhuc
1604 2080 2143 2154 concupiscentia

590 2198 655 2256 in
702 2209 990 2275 agonem
1038 2197 1103 2256 et
1132 2201 1491 2268 certamen,
1541 2199 1608 2256 et
1654 2195 2013 2258 sollicitans
2057 2201 2141 2262 ad

594 2316 935 2390 peccatum
970 2311 1253 2381 actuale,
1299 2310 1420 2372 nisi
1452 2325 1572 2387 per
1613 2312 1891 2390 gratiam
1922 2314 2135 2392 bapti-

592 2433 890 2505 smalem,
938 2436 1003 2492 et
1046 2429 1239 2491 aliam
1288 2429 1786 2507 superadditam
1845 2435 2138 2497 remitta-

593 2556 718 2624 tur,
750 2548 818 2610 id
844 2550 962 2621 est,
994 2545 1345 2618 minuatur,
1373 2552 1568 2624 prout
1597 2546 1666 2610 fit
1696 2550 1762 2611 in
1787 2552 2141 2629 BaptismO,

592 2673 666 2729 ut
694 2664 862 2728 infra
895 2664 1091 2725 docet
1119 2665 1361 2726 Doctor
1389 2669 1604 2740 quaest.
1637 2667 1701 2728 7.
1738 2668 1935 2742 hujus
1963 2674 1992 2745 ς
2018 2674 2137 2733 Re·

547 2776 890 2867 'sponde0‚
959 2781 1172 2859 aliqui
1226 2784 1463 2857 dicunt,
1521 2787 1645 2845 etc.
1712 2789 1778 2844 et
1822 2790 2003 2861 patet
2063 2804 2143 2849 ex

591 2903 956 2984 Augustino
989 2901 1181 2962 variis
1209 2901 1273 2961 in
1317 2900 1503 2971 locis,
1536 2905 1610 2963 ut
1652 2901 1757 2963 bic
1801 2907 2010 2979 capite
2038 2905 2140 2966 32.

594 3024 661 3082 et
703 3036 841 3096 cap.
888 3018 991 3079 25.
1024 3016 1295 3095 'regitur
1341 3018 1537 3079 etiam
1586 3032 1706 3094 per
1755 3015 2145 3082 refraenatio-

593 3153 748 3200 nem
780 3135 943 3216 ejus,
978 3137 1044 3195 et
1065 3133 1297 3213 majori
1320 3132 1584 3213 justitiae
1622 3133 1930 3197 vincente
1971 3151 2149 3198 amo-

591 3269 689 3326 re,
735 3268 869 3313 non
913 3250 1295 3329 imputatur,
1343 3249 1609 3328 quando
1666 3253 1726 3314 ei
1775 3268 1912 3314 non
1961 3253 2152 3314 datur

359 3424 437 3474 w·
592 3383 984 3431 consensus,

239 3484 357 3537 Alia
406 3488 559 3537 verba
688 3485 824 3547 Alia
849 3484 1007 3546 item
1022 3484 1221 3546 verba
1248 3486 1617 3564 Augustini,
1643 3487 1880 3564 quibus
1917 3492 2148 3549 exten-

257 3550 539 3673 ‘2335‘ssss
600 3603 761 3665 dere
790 3601 1050 3665 videtur
1101 3600 1461 3664 efficaciam
1509 3604 1843 3681 Baptismi,
1874 3605 1959 3666 ad
1990 3622 2152 3684 pec-

354 3678 456 3724 tur.
600 3725 747 3783 cata
805 3720 1281 3799 subsequentia
1323 3720 1752 3798 Baptismum,
1826 3728 2153 3801 quatenus

599 3836 797 3909 valet,
825 3840 899 3896 ut
965 3836 1355 3912 impetretur
1398 3852 1516 3914 per
1566 3837 1783 3914 ipsum
1811 3839 2003 3899 venia
2036 3855 2149 3900 eo-

603 3970 773 4027 rum,
804 3954 1191 4033 intelligitur
1221 3969 1299 4015 eo
1332 3968 1557 4025 sensu,
1613 3969 1743 4033 quo
1783 3956 2156 4032 Baptismus

608 4074 980 4134 necessario
1026 4070 1420 4147 supponitur
1469 4070 1552 4131 ad
1608 4070 1865 4132 veniam
1901 4088 2154 4145 eorum,

605 4205 752 4269 quae
783 4204 900 4265 per
945 4186 1069 4247 alia
1101 4183 1318 4249 media
1348 4183 1440 4256 fit,
1493 4192 1564 4249 ut
1592 4191 1744 4247 sunt
1772 4185 1861 4247 ibi
1891 4202 2160 4249 enume-

270 4362 400 4423 ΟΜ
424 4358 544 4410 facit
606 4310 770 4378 rata,
819 4304 967 4383 quia
992 4303 1138 4364 haec
1173 4302 1387 4363 media
1422 4318 1569 4363 esse
1615 4302 1902 4364 efficacia
1936 4303 2155 4373 docet,

265 4424 555 4491 Baptismus
611 4423 731 4484 sed
785 4422 1163 4483 necessario
1222 4422 1668 4498 supponentia
1718 4421 2155 4498 ‘Baptismum,

260 4488 573 4613 subsgguen-
612 4542 679 4601 et
746 4537 897 4600 ideo
971 4538 1356 4615 poenitentia
1440 4536 1810 4613 appellatur
1863 4535 2159 4599 secunda

290 4617 513 4724 νειξῗῖἲεῑ-
609 4663 758 4734 post
800 4654 1217 4735 naufragium
1262 4654 1506 4727 tabula,
1551 4658 1624 4714 ut
1652 4670 1770 4716 suo
1816 4654 1962 4718 loco
1985 4654 2158 4717 dice-

275 4750 477 4913 Εὲᾘῖἷ
505 4800 554 4849 5„
612 4780 736 4835 tur.
765 4775 1136 4851 Baptismus
1181 4774 1355 4834 enim
1403 4776 1502 4833 est
1532 4771 1821 4832 medium
1857 4786 2160 4834 neeessa-

341 4880 371 4929 P
375 4862 572 4912 ²¹²⁸¹⁰³
607 4896 771 4957 rium
806 4893 891 4957 ad
936 4893 1239 4963 salutem,
1291 4897 1355 4953 et
1398 4892 1676 4969 primum
1724 4893 1903 4971 quod
1948 4893 2155 4970 appli-

611 5013 741 5072 cari
842 5008 1066 5081 debet,
1129 5012 1195 5069 et
1260 5005 1461 5084 Janua
1512 5008 1936 5085 reliquorum,
2008 5006 2158 5068 ideo

612 5128 987 5190 necessario
1049 5127 1459 5203 supponitur,
1514 5125 1619 5186 vel
1662 5124 1728 5186 in
1785 5141 1897 5198 re,
1943 5125 2049 5186 vel
2093 5126 2161 5186 in

611 5249 785 5319 voto,
834 5243 919 5305 ad
951 5242 1202 5320 reliqua
1248 5244 1492 5317 media,
1543 5258 1694 5322 quae
1741 5259 1888 5304 cum
1942 5243 2154 5320 Bapti-

613 5363 736 5425 smi
795 5366 1182 5439 contemptu
1250 5360 1406 5424 nihil
1451 5362 1674 5423 valent
1724 5361 1809 5422 ad
1854 5361 2155 5423 salutem.

695 5479 1061 5557 Baptismus
1106 5495 1264 5558 ergo
1296 5476 1516 5539 reddit
1544 5477 1923 5557 subJectum
1955 5494 2161 5556 capax

614 5598 1021 5681 reliquorum
1062 5597 1413 5673 donorum,
1460 5602 1656 5677 atque
1715 5596 1993 5659 effectus
2052 5613 2160 5659 eo·

287 5528 581 5586 Argumen-

360 5591 471 5639 tum
480 5621 493 5635 .

1730 469 1731 472 Ἴ
1753 399 1899 460 LIB.
1947 399 2048 461 tv,
2100 398 2697 462 SENTENTIRAUM

2245 559 2570 623 rumdem.
2596 560 2947 643 Pelagiani,
2982 577 3150 640 quos
3178 562 3424 626 ibidem
3445 563 3793 643 impugnat
3848 594 4153 659 Pelagiano-

3910 674 4050 714 rum.

2245 679 2670 758 AugustinuS,
2709 678 3060 755 captabant
3101 676 3557 748 fraudulenter
3596 693 3788 757 argu·

2245 798 2539 855 mentum
2595 811 2671 855 ex
2728 793 2834 855 illo
2881 794 2966 856 ad
3007 794 3323 872 Ephesios
3361 795 3420 855 5.
3483 795 3797 856 Mandane

2249 926 2393 970 eam
2423 908 2705 990 (supple
2754 907 3144 988 Ecclesiam)
3197 911 3463 998 lavacro
3508 927 3693 986 aquae
3730 912 3797 972 in

2247 1034 2440 1095 verbo
2481 1035 2642 1107 vieae,
2688 1040 2755 1095 ul
2803 1034 3155 1107 exhiberet,
3214 1039 3327 1095 ele.
3379 1051 3502 1096 non
3550 1035 3789 1096 haben-

2249 1154 2379 1208 lem
2406 1147 2740 1210 maculam
2796 1157 2906 1212 aul
2955 1164 3204 1226 ruqam.
3252 1148 3638 1227 Captabant,
3699 1152 3791 1212 in·

2252 1281 2474 1343 quam,
2504 1272 2968 1344 argumentum
2995 1283 3076 1326 ex
3095 1266 3246 1340 hoc,
3268 1265 3450 1327 unde
3483 1271 3808 1346 negarent

2252 1380 2317 1442 in
2359 1382 2651 1444 Ecclesia
2723 1397 2872 1443 esse
2939 1386 3312 1459 peccatum,
3366 1397 3619 1460 eosque
3690 1383 3794 1443 hic

2251 1500 2604 1578 impugnat
2648 1500 3076 1578 AugustinuS,
3111 1500 3280 1560 sicut
3308 1501 3373 1559 et
3403 1497 3518 1560 lib.
3551 1501 3613 1561 4.
3662 1516 3806 1561 con·

2252 1626 2358 1680 lra
2405 1620 2569 1680 duas
2629 1615 2933 1692 epistolas
2973 1616 3480 1693 Pelaqianoram
3544 1632 3684 1691 cap.
3738 1617 3799 1677 7.

2252 1737 2366 1798 ubi
2411 1753 2494 1798 ex
2525 1741 2712 1813 parte
2757 1736 2892 1796 haec
2941 1736 3080 1811 ipsa
3122 1735 3397 1811 replicat
3428 1735 3511 1797 de
3560 1737 3797 1796 oratio-

2252 1872 2338 1915 ne
2385 1852 2760 1924 Dominica3
2828 1868 2971 1930 quae
3014 1850 3250 1913 frustra
3322 1851 3658 1914 diceretur
3715 1851 3801 1912 ad

2252 1970 2711 2031 remissionem
2759 1972 3183 2045 peccatorum
3242 1966 3799 2045 quotidianorum,

2254 2083 2379 2145 nisi
2453 2080 2678 2145 dicens
2735 2086 2915 2142 esset
2968 2081 3361 2157 baptizatus.
3429 2085 3562 2142 Hoc
3636 2087 3805 2143 enim

2246 2204 2625 2277 propterea,
2658 2198 2896 2271 dicunt,
2942 2199 3177 2276 inquit,
3224 2204 3292 2259 ul
3342 2201 3649 2261 credatur
3694 2203 3804 2261 Ec-

2259 2317 2455 2378 clesia
2482 2321 2619 2393 post
2665 2321 2979 2378 Sanctum
3013 2320 3429 2392 Baptismum,
3465 2317 3532 2376 in
3561 2332 3686 2394 quo
3734 2317 3805 2393 [ll

2258 2435 2550 2494 omnium
2581 2434 2877 2493 remissio
2900 2436 3341 2509 peccalorum,
3377 2433 3650 2494 alterius
3677 2446 3801 2492 non

2259 2550 2499 2610 habere
2542 2554 2890 2624 peccalum,
2925 2552 3049 2610 etc.

2339 2667 2665 2727 Intentum
2711 2681 2868 2744 ergo
2912 2664 3256 2743 Augustini
3288 2669 3411 2741 est,
3444 2665 3806 2727 Ecclesiam

2261 2780 2451 2844 reddi
2481 2785 2624 2844 sine
2656 2783 2913 2844 macula
2960 2785 3026 2842 et
3072 2796 3235 2860 ruga
3277 2796 3397 2857 per
3450 2780 3811 2862 indulgen-

2262 2899 2413 2964 tiam
2447 2900 2741 2961 omnium
2773 2903 3197 2977 peccatorum
3236 2899 3300 2959 in
3344 2899 3699 2975 BaptismO,
3745 2907 3811 2962 et

2261 3027 2478 3084 tamen
2531 3018 2597 3078 in
2667 3017 2941 3096 singulis
2986 3016 3120 3078 suis
3163 3017 3520 3093 suppositis
3573 3013 3812 3076 adultis

2261 3138 2509 3200 habere
2556 3139 2825 3214 peccata
2859 3133 3264 3214 quotidiana,
3301 3134 3451 3213 quia
3492 3137 3815 3198 veraciter

2267 3257 2532 3320 dicunt:
2574 3256 2836 3316 Dimitte
2886 3253 3064 3316 nobis
3113 3253 3326 3316 debila
3384 3257 3628 3323 nostra,
3690 3255 3819 3313 etc.

2266 3371 2571 3437 Ostendit
2628 3387 2788 3449 ergo
2861 3368 3194 3448 quomodo
3260 3368 3447 3430 locus
3522 3367 3816 3445 Apostoli

2264 3488 2738 3569 intelligendus
2780 3487 2885 3562 sit,
2921 3503 3161 3565 nempe
3208 3486 3429 3565 quoad
3478 3487 3816 3549 remissio-

2266 3624 2414 3669 nem
2449 3607 2809 3685 plenariam
2869 3610 3291 3682 peccatorum
3344 3604 3814 3683 praeteritorum

2267 3740 2388 3803 per
2416 3722 2864 3801 Baptismum;
2943 3728 3010 3784 et
3058 3723 3334 3784 ulterius
3397 3721 3576 3801 quod
3635 3721 3811 3784 idem

2267 3845 2592 3905 lavacrum
2628 3840 2767 3916 ‚iam
2796 3844 3138 3917 receptum
3165 3835 3323 3900 facit
3353 3837 3439 3899 ad
3480 3838 3815 3900 remissio-

2270 3978 2423 4023 nem
2469 3975 2722 4029 eorum,
2770 3973 2914 4035 quae
2997 3962 3218 4033 postea
3296 3958 3815 4028 committuntur,

2271 4076 2421 4154 quia
2456 4073 2745 4136 remedia
2797 4089 2913 4146 per
2940 4088 3082 4150 quoe
3115 4072 3442 4139 delentur,
3488 4087 3622 4134 non
3665 4077 3819 4134 sunt

2271 4189 2586 4261 efficacia,
2633 4188 2754 4249 nisi
2814 4188 3155 4265 supposito
3219 4187 3549 4265 Baptismo
3608 4186 3672 4247 in
3715 4202 3813 4258 re,

2270 4313 2383 4369 aut
2424 4311 2599 4373 voto,
2648 4304 2757 4382 qui
2803 4307 2901 4364 est
2950 4304 3158 4381 janua
3193 4309 3258 4363 et
3310 4300 3819 4362 fundamentum

2271 4425 2702 4502 reliquorum,
2748 4422 2918 4483 sicut
2948 4425 3049 4480 est
3071 4416 3281 4492 fides;
3317 4422 3420 4479 est
3477 4419 3653 4478 enirn
3693 4416 3820 4493 pri-

2270 4556 2376 4600 ma
2406 4535 2704 4600 nativitas
2750 4536 3030 4596 hominis
3062 4533 3128 4594 in
3160 4532 3438 4604 Christ0,
3475 4536 3542 4593 et
3595 4532 3816 4593 Sacra·

2273 4659 2575 4718 mentum
2604 4651 2755 4713 fidei
2803 4655 2865 4711 et
2933 4648 3377 4721 initiatorium,
3430 4646 3589 4708 nihil
3655 4662 3814 4724 ergo

2275 4769 2677 4848 Augustinus
2712 4765 3259 4835 favethaereticiS,
3309 4779 3344 4823 a
3398 4761 3635 4839 quibus
3679 4760 3815 4822 lon-

2274 4903 2362 4965 ge
2422 4885 2771 4961 discrepat,
2835 4895 3080 4958 eosque
3139 4882 3500 4958 impugnat,
3538 4893 3819 4955 quorum

2275 5019 2459 5064 error
2503 5005 2639 5061 tum
2672 5012 2804 5060 non
2836 4995 3124 5059 emersit.

2351 5119 2585 5179 Praeter
2635 5115 2863 5175 citatos
2921 5128 3201 5182 erroreS‚
3251 5108 3372 5172 fuit
3417 5111 3613 5173 etiam
3665 5126 3823 5188 quo·

2273 5234 2575 5299 rumdam
2631 5233 2978 5301 sententia,
3031 5245 3230 5306 quam
3279 5227 3570 5290 declarat
3626 5227 3822 5287 lnno-

2277 5356 2532 5417 centius
2567 5351 2663 5414 111.
2701 5347 2986 5427 capitulo
3021 5349 3320 5423 Majores‚
3355 5348 3433 5407 de
3462 5346 3824 5419 Baplz‘sm0,·

2274 5475 2341 5535 et
2387 5476 2535 5550 post
2575 5485 2725 5530 eum
2770 5467 3073 5528 Clemens
3117 5464 3191 5525 V.
3239 5461 3631 5524 Clementina
3661 5463 3709 5521 1.
3745 5461 3823 5520 de

2273 5586 2533 5651 sanlma
2565 5586 2878 5648 Trinilale
2906 5591 2962 5645 el
2989 5581 3117 5659 fide
3147 5578 3504 5654 calholica,
3542 5581 3675 5641 etc.
3704 5575 3819 5638 ubi

3950 2690 4029 2741 11.
