4287 6313
583 367 709 430 334

583 528 1020 604 institutus
1090 531 1173 604 in
1262 529 1441 623 lege
1540 531 1683 604 illa
1742 530 2134 623 legitime.

675 647 1004 727 Quando
1058 651 1330 721 tamen
1372 649 1470 739 (b)
1508 648 1774 741 primo
1823 647 1973 719 fuit
2020 648 2139 720 in·

585 763 953 845 stitutus,
997 763 1323 835 dubium
1372 769 1522 849 est,
1586 784 1748 836 non
1817 763 2136 856 quidem

583 879 894 967 quando
981 878 1356 954 Christus
1442 881 2011 974 baptizabatur
2093 899 2141 951 a

580 991 914 1076 «Ioanne,
962 996 1150 1086 quia
1199 996 1332 1069 ille
1384 1018 1543 1070 non
1600 995 1753 1069 fuit
1827 997 2141 1090 Baptis-

585 1130 761 1182 mus
796 1111 1131 1195 Christi,
1171 1113 1243 1186 id
1302 1118 1454 1194 est,
1493 1113 1573 1186 in
1607 1112 1872 1187 forma
1906 1113 2131 1189 Chri-

583 1226 714 1307 sti,
763 1229 896 1301 sed
955 1229 1035 1301 in
1093 1227 1365 1303 forma
1406 1229 1792 1313 Joannis;
1865 1235 2140 1304 tamen

585 1339 962 1417 Christus
1058 1343 1456 1419 dedicavit
1548 1350 1739 1420 tunc
1841 1366 2135 1438 aquam

586 1461 974 1552 tanquam
1055 1461 1490 1535 materiam
1572 1461 1939 1535 idoneam
1992 1482 2139 1535 suo

585 1575 1036 1670 Baptismo,
1083 1600 1181 1650 ex
1225 1584 1611 1654 contactu
1692 1599 1857 1651 suae
1921 1599 2142 1651 mun-

585 1692 942 1766 dissimae
973 1695 1276 1777 carniS,
1316 1695 1504 1786 quia
1546 1695 1627 1767 in
1658 1694 2141 1786 legislatore

587 1807 1127 1912 confirmatus
1160 1814 1283 1883 est
1325 1833 1519 1883 usus
1578 1830 1832 1902 aquae,
1873 1811 1946 1883 id
1985 1814 2136 1892 est,

584 1928 672 1996 ut
717 1924 1289 1999 ministerium.
1367 1928 1532 2000 Nec
1573 1928 1822 2003 etiarn
1870 1928 1946 1998 in
1999 1927 2138 1999 illo

584 2043 825 2114 verbo
878 2046 1118 2117 Joan.
1197 2046 1264 2115 3.
1345 2044 1560 2118 dicto
1640 2045 2137 2136 Nicodemo:

582 2160 736 2229 Nisi
783 2164 956 2247 quis,
1038 2163 1189 2233 etc.
1258 2160 1447 2252 quia
1489 2180 1650 2233 non
1697 2163 1823 2234 est
1862 2158 2142 2231 verisi-

584 2271 774 2347 mile
819 2278 986 2346 tam
1029 2274 1590 2348 necessarium
1661 2279 2141 2349 Sacramen-

585 2394 760 2465 tum
821 2389 902 2462 in
952 2391 1325 2464 conclavi
1407 2411 1689 2465 coram
1789 2410 2141 2485 persona

588 2508 914 2601 privata
987 2508 1333 2590 institui,
1407 2529 1579 2601 quae
1639 2528 1799 2581 non
1872 2507 2142 2581 debuit

587 2645 768 2697 esse
818 2644 1086 2717 praeco
1122 2624 1667 2699 institutionis
1712 2623 1957 2697 illius.
1994 2625 2142 2696 Ne-

594 2761 746 2832 que
829 2741 1077 2815 etiam
1169 2739 1703 2835 differebatur
1789 2740 2137 2824 institui,

595 2879 848 2950 usque
951 2860 1049 2931 ad
1170 2863 1489 2953 tempus
1543 2899 1546 2902 2
1610 2858 2136 2940 ascensioniS‚

591 2978 826 3046 Matth.
889 2980 1145 3060 ultimo,
1221 2998 1408 3050 nam
1489 2977 1866 3070 discipuli
1918 2975 2145 3052 Chri-

593 3091 698 3164 sti
731 3096 919 3167 ante
953 3093 1413 3186 passionem
1445 3080 1964 3186 baptizabant
1998 3094 2143 3165 Ba·

596 3209 894 3301 ptismo
990 3210 1322 3284 Christi.
1425 3212 1659 3284 Joan.
1723 3214 1790 3283 3.
1861 3211 2142 3285 dicunt

587 3325 964 3418 discipuli
1023 3329 1067 3398 J
1079 3327 1363 3399 oannis
1401 3328 1495 3400 ad
1560 3327 1884 3420 ipsum:
1941 3330 2148 3396 Rabbi

597 3446 707 3509 cui
790 3446 1238 3511 testimonium
1302 3446 1728 3532 perhibuisti,
1815 3467 1957 3512 ecce
2005 3449 2147 3532 ipse

599 3559 918 3647 baptizat,
991 3572 1054 3627 et
1117 3583 1340 3627 omncs
1371 3563 1648 3628 veniunt
1695 3562 1786 3629 ad
1826 3584 1970 3629 eum
1998 3587 2025 3643 ,·
2063 3543 2146 3633 et

599 3671 968 3764 sequitur
1005 3693 1180 3765 cap.
1229 3674 1596 3766 sequenti
1644 3700 1658 3745 :
1733 3678 2147 3764 Quamquam

593 3790 789 3859 Jesus
846 3812 977 3857 non
1011 3792 1406 3879 baptizaret,
1442 3792 1557 3858 sed
1616 3794 1936 3879 discipuli
1975 3797 2140 3879 ejus,

597 3901 1128 3977 Convincitur
1166 3924 1364 3995 ergo
1445 3909 1763 3996 tempus
1824 3906 2145 3979 institu-

599 4020 850 4095 tionis
904 4018 1159 4094 fuisse
1244 4025 1433 4095 ante
1514 4022 1707 4094 illud
1796 4026 2143 4115 tempuS,

598 4156 754 4230 quo
828 4136 1158 4230 dicipuli
1227 4137 1536 4213 Christi
1594 4137 2141 4230 baptizabant,

596 4253 788 4327 licet
877 4255 1216 4347 praecise
1297 4255 1502 4327 hora
1589 4254 2146 4329 institutionis

595 4389 760 4443 non
814 4368 1144 4461 legatur
1176 4370 1256 4443 in
1296 4368 1767 4461 EvangeliO.

691 4482 915 4555 Istud
958 4483 1773 4583 etiam-suppositum
1825 4487 1951 4555 est
2020 4501 2152 4565 rae

599 4598 1011 4681 tionabile,
1060 4600 1246 4693 quia
1273 4604 1890 4675 Sacramentum
1928 4600 2150 4692 prin-

599 4716 861 4809 cipale
921 4715 1123 4808 legis
1175 4717 1707 4809 Evangelicae,
1747 4736 1894 4809 per
1943 4716 2151 4808 quod

602 4832 915 4906 scilicet
961 4832 1326 4907 intratur
1376 4833 1458 4906 in
1505 4833 1679 4925 ejus
1714 4833 2150 4904 observan-

601 4948 828 5033 tiam,
892 4949 1160 5024 debuit
1216 4970 1393 5023 esse
1453 4970 1752 5022 novum
1829 4954 1910 5023 et
1969 4968 2151 5041 pro-

603 5067 876 5159 prium
918 5065 1038 5139 illi
1078 5065 1262 5159 legi,
1299 5071 1387 5140 ut
1429 5066 1658 5160 prius
1689 5066 1990 5139 dictum
2024 5067 2149 5136 est

603 5183 685 5255 in
749 5182 1199 5275 quaestione
1265 5182 1357 5255 de
1419 5182 1935 5256 institutione
2017 5184 2151 5254 Sa·

600 5299 1002 5375 cramenti
1037 5299 1118 5372 in
1150 5298 1586 5381 communi,
1630 5296 2150 5372 distinctione

600 5417 895 5510 prima.
940 5414 1230 5488 Debuit
1289 5414 1538 5489 etiam
1607 5414 1819 5488 istud
1862 5416 2151 5488 Sacra·

605 5538 968 5617 mentum
1025 5552 1203 5607 esse
1257 5533 1578 5607 evidens
1623 5532 1706 5604 in
1738 5529 2151 5624 significa-

1829 370 1964 435 Lm.
1999 369 2097 432 lv.
2127 368 2721 435 SENTENTMRUM

2252 528 2497 609 tione,
2580 529 2765 622 quia
2842 528 3002 603 ista
3052 533 3176 603 est
3232 527 3364 601 lex
3415 525 3797 601 veritatis

2248 661 2656 718 evacuans
2702 645 3103 718 umbram.
3174 647 3273 718 Et
3313 642 3581 718 debuit
3622 662 3804 715 esse

2248 762 2677 854 copiosum
2712 762 2792 833 in
2831 762 3064 851 ratiae
3104 760 3571 846 collatione,
3615 759 3804 851 quia

2254 877 2425 952 haec
2467 883 2591 952 est
2625 879 2757 951 lex
2782 877 3099 969 gratiae,
3126 880 3360 951 Joan.
3388 882 3443 947 1.
3475 879 3712 945 Gratia
3742 889 3803 943 et

2254 1002 2505 1067 veritas
2529 1020 2651 1086 per
2706 1001 2924 1066 Iesum
2989 1000 3331 1064 Christum
3411 1000 3600 1083 facta
3683 1005 3799 1060 est.

2253 1111 2819 1186 Debuitetiam
2839 1133 3017 1185 esse
3049 1110 3314 1190 facile,
3354 1110 3543 1203 quia
3564 1116 3805 1199 juyum

2259 1231 2515 1297 Christi
2586 1253 2787 1298 suave
2851 1241 2963 1309 est,
3046 1241 3107 1296 et
3189 1251 3356 1296 onus
3430 1233 3572 1316 ejus
3640 1229 3799 1305 leve,

2257 1345 2549 1419 Matth.
2604 1349 2713 1419 11.

2349 1464 2551 1534 Item
2588 1461 2857 1536 debuit
2916 1481 3092 1532 esse
3126 1480 3576 1541 commune,
3615 1458 3803 1551 quia

2254 1578 2469 1651 Deus
2530 1580 2624 1651 ad
2657 1579 2917 1670 legem
2971 1578 3238 1669 Moysi
3277 1576 3525 1669 elegit
3557 1596 3803 1647 unum

2260 1695 2644 1787 populum
2714 1698 3060 1774 tantum,
3138 1694 3266 1767 sed
3347 1694 3441 1766 ad
3510 1711 3803 1765 novam

2255 1811 2521 1902 legem
2571 1816 2835 1887 totum
2881 1813 3353 1900 mundum,:
3406 1813 3485 1877 ln
3548 1833 3802 1878 omnem

2256 1915 2507 1998 terram
2544 1933 2774 2011 exivit,
2821 1933 2974 2003 etc.
3052 1929 3238 2002 Haec
3280 1930 3636 2020 quatuor
3688 1925 3802 1996 in-

2251 2045 2695 2118 veniuntur
2734 2046 2815 2118 in
2850 2065 3033 2130 unc,
3091 2044 3402 2118 scilicet
3456 2043 3537 2114 in
3567 2040 3804 2132 >ablu-

2259 2163 2480 2236 tione
2548 2182 2730 2236 cum
2810 2161 3108 2244 verbis,
3192 2160 3381 2253 quia
3442 2160 3592 2232 hoc
3652 2157 3808 2232 evi-

2254 2278 2537 2353 denter
2561 2279 2964 2370 significat
2999 2277 3602 2351 mundationem
3644 2274 3807 2347 ani-

2259 2414 2433 2477 mae,
2491 2416 2667 2488 quae
2723 2401 2846 2468 est
2905 2393 3249 2469 effectus
3292 2390 3797 2487 principaliS,

2255 2518 2337 2586 et
2392 2513 2528 2586 dat
2593 2512 2951 2604 gratiam
3022 2511 3366 2604 copiose.
3433 2508 3655 2581 Unde
3731 2512 3804 2575 in

2256 2632 2514 2697 Psatm.
2601 2626 2902 2701 dicitur
2998 2646 3207 2720 aqua
3286 2622 3796 2699 refectionis:

2255 2757 2474 2841 Super
2537 2775 2780 2841 aquam
2843 2755 3231 2838 refectionis
3297 2753 3604 2819 educa-uit
3658 2771 3790 2817 me.
3836 2760 4032 2812 psalm.
4066 2760 4165 2812 22.

2258 2870 2403 2940 Est
2504 2872 2585 2942 et
2643 2868 2937 2950 facilis,
3031 2868 3217 2960 quia
3282 2864 3506 2938 nullo
3570 2862 3803 2937 modo

2259 2985 2746 3077 periculosa,
2794 2985 3006 3058 sicut
3044 2982 3201 3058 fuit
3239 2980 3801 3060 Circumcisio‚

2260 3104 2361 3174 et·
2405 3101 2862 3176 communis
2902 3099 3120 3174 omni
3172 3100 3400 3174 sexui
3437 3103 3520 3174 et
3549 3097 3802 3172 aetati.

2705 3351 3364 3418 COMMENTARIUS.

2351 3546 2437 3635 (a)
2491 3548 2621 3616 Ista
2680 3549 2956 3635 quoestio
3019 3550 3337 3635 supponit
3392 3547 3805 3635 Baptismum
3987 3578 4038 3627 1.

2258 3664 2636 3729 institutum
2663 3665 2876 3748 fuisse
2915 3665 2990 3730 in
3040 3665 3178 3751 leqe
3206 3686 3399 3743 nova,
3472 3664 3644 3750 quod
3694 3686 3806 3730 ve-
3878 3637 4150 3768 Ῑὲξξιζξζῗ

2258 3802 2409 3847 rum
2448 3792 2567 3860 est,
2612 3794 2737 3849 etc.
2811 3780 3127 3850 Definitur
3174 3782 3239 3847 in
3300 3781 3671 3849 Florentino
3738 3781 3804 3847 in
3898 3765 4106 3877 ⁵223?

2262 3900 2528 3965 Decreto
2562 3898 2844 3978 unionis,
2891 3911 2955 3965 et
3006 3898 3069 3966 in
3104 3899 3484 3966 Tridentino
3520 3919 3677 3966 sess,
3723 3903 3794 3965 7.

2260 4011 2338 4080 de
2377 4014 2813 4081 sacramentis
2853 4014 2918 4080 in
2968 4033 3211 4100 genere
3249 4035 3502 4080 canone
3530 4015 3794 4101 primm

2260 4131 2592 4218 colligitur
2638 4131 2933 4197 Matthaei
2974 4135 3037 4197 3.
3084 4133 3285 4197 Lucae
3316 4138 3379 4198 3.
3415 4133 3704 4197 Ioannis
3740 4135 3802 4196 1.

2259 4246 2473 4313 Marci
2505 4252 2565 4312 1.
2601 4268 2683 4313 ex
2721 4247 2804 4313 iis
2852 4268 3001 4333 quae
3037 4252 3317 4315 loannes
3358 4248 3438 4314 de
3477 4243 3808 4335 Baptismo

2259 4362 2497 4430 Christi
2557 4364 2798 4443 docuit,
2864 4363 3211 4430 accedente
3268 4364 3809 4451 interpretatione

2259 4479 2566 4547 Ecclesiae
2598 4493 2662 4546 et
2691 4483 2978 4547 Patrum.
3015 4482 3197 4557 Item,
3234 4481 3515 4546 Ioannis
3545 4485 3609 4545 3.
3648 4492 3708 4546 et
3738 4485 3807 4546 4.

2261 4594 2558 4661 Matthaei
2592 4596 2853 4675 ultim0‚
2925 4615 3004 4659 ex
3048 4596 3248 4661 variis
3305 4594 3466 4662 locis
3497 4600 3806 4662 Actorum

2262 4713 2719 4797 Apostolorum
2761 4722 2824 4777 et
2861 4711 3284 4797 epistolarum
3318 4712 3523 4792 Pauli,
3563 4713 3628 4778 in
3667 4712 3811 4799 qui-

2264 4831 2384 4896 bus
2441 4827 2808 4895 ostenditur
2875 4827 3227 4895 necessitas
3288 4840 3353 4894 et
3402 4828 3655 4896 fructus
3694 4831 3809 4895 Ba-

2265 4943 2514 5031 ptismi.

2351 5061 2445 5149 (b)
2483 5060 2765 5137 Quando
2796 5072 3035 5141 tamen,
3073 5073 3196 5127 etc.
3242 5064 3359 5127 Hic
3406 5061 3617 5149 tangit
3656 5083 3809 5129 con·
3975 5083 4030 5135 2.
4072 5145 4087 5156 ,

2262 5176 2650 5243 troversiam
2684 5176 2860 5243 illam
2902 5195 2983 5241 an
3025 5175 3219 5243 fuerit
3258 5168 3601 5245 institutus
3658 5191 3808 5244 ante
3836 5146 4195 5259 Ῑᾚῖήζῗῗζ

2261 5293 2364 5360 vel
2401 5308 2545 5380 post
2576 5293 2946 5380 passionem
2987 5293 3279 5360 Christi?
3308 5298 3564 5362 Partem
3608 5315 3805 5383 nega·
3853 5275 4171 5395 passsss‘ssem

2263 5411 2493 5491 tivam,
2527 5409 2772 5477 scilicet
2804 5430 2930 5475 non
2990 5409 3192 5477 fuisse
3223 5410 3594 5479 institutum
3655 5426 3805 5480 ante
3838 5395 4191 5525 Lffohrifflba,

2263 5528 2657 5617 passionem,
2737 5548 3046 5614 expresse
3131 5527 3318 5597 docet
3414 5532 3538 5596 Leo
3631 5532 3806 5623 Papa
