4287 6313
1562 413 1789 476 'DIST.
1843 413 1909 477 ll.
1946 410 2307 489 QUAESTlo
2359 413 2409 479 1.

444 560 580 640 turn
623 564 708 641 ad
752 564 1291 643 emendationem
1340 585 1604 657 carniS,
1635 585 1702 641 et
1742 575 1996 639 mundi-

445 694 531 755 tia
580 693 814 775 legali;
879 712 961 757 ex
1015 697 1315 775 opposito
1380 712 1585 759 sensu
1640 699 1747 758 lex
1804 712 1998 769 nova,

445 827 589 889 quae
618 816 719 873 est
744 811 1138 892 justificanS,
1189 815 1436 876 habere
1488 814 1719 875 debuit
1769 814 1995 875 Sacra-

448 933 805 1001 cramenta,
882 946 1025 1007 quae
1084 931 1444 1010 justificant
1510 948 1631 1007 per
1699 933 2004 1009 Spiritum

445 1034 676 1121 gratiae
721 1062 756 1106 a
802 1050 1101 1125 peccato,
1159 1050 1226 1107 et
1274 1046 1369 1107 sic'
1416 1051 1597 1108 recte
1647 1046 1903 1108 dicetur
1938 1049 2025 1123 in⁴

444 1160 569 1220 hoc
602 1159 929 1223 excedere
960 1168 1246 1225 veterem
1280 1164 1526 1241 legem,
1559 1163 1727 1224 sicut
1766 1162 2002 1223 veritas

447 1277 767 1354 promissa
813 1282 1064 1357 typum.
1117 1278 1427 1340 Videatur
1455 1278 1856 1358 Augustinus
1888 1277 1997 1339 lib.

444 1386 525 1454 de
576 1396 830 1470 Spiritu
883 1402 940 1457 et
989 1397 1231 1469 littera,
1283 1414 1335 1457 c.
1388 1398 1447 1458 4.
1502 1398 1562 1458 8.
1623 1397 1717 1457 14.
1771 1397 1863 1457 17.
1907 1396 2033 1456 18.«

443 1516 666 1571 contra
696 1512 861 1573 duas
889 1513 1192 1587 epistolas
1225 1512 1735 1588 Petayianorum
1780 1512 1892 1573 tib.
1946 1515 2000 1572 l.

443 1642 497 1687 c.
530 1628 591 1687 7.
626 1632 682 1687 et
709 1629 809 1689 21.
846 1627 959 1689 tib.
996 1630 1049 1689 l.
1087 1629 1163 1689 de
1185 1635 1598 1703 peccatorum
1634 1628 1912 1699 meritis,
1948 1632 2004 1688 et

458 1743 706 1805 remiss.
749 1761 890 1821 cap.
924 1745 1016 1804 11.
1052 1745 1235 1820 epist.
1290 1745 1424 1807 157.

170 1922 177 1929 ,
232 1880 284 1950 3„
529 1861 765 1923 Probat
804 1864 1024 1922 autem
1068 1863 1313 1922 Doctor
1362 1860 1522 1922 illud
1567 1861 1999 1931 antecedenS,

132 1942 420 2053 Eggffiartur
454 1978 603 2054 quia
633 1978 741 2038 lex
769 1978 1162 2057 Evangelica
1208 1984 1309 2039 est
1356 1976 1604 2050 ultima,
1646 1976 2007 2038 secundum

450 2091 613 2155 illud
641 2093 911 2156 Matthaei
947 2094 1051 2156 26.
1095 2096 1261 2155 Novi
1294 2098 1349 2154 et
1387 2094 1614 2154 oeterni
1656 2099 2007 2156 Testamen-

454 2211 526 2281 ti,
558 2208 624 2269 id
670 2215 792 2285 est,
833 2216 969 2285 post
1007 2213 1181 2286 quod
1206 2210 1460 2272 nullum
1501 2213 1688 2273 atiud
1715 2218 1802 2272 est
1830 2213 2005 2286 futu-

448 2340 623 2398 rum,
659 2332 782 2388 etc.
818 2324 991 2405 apud
1020 2327 1387 2389 Matthaeum
1440 2343 1571 2387 non
1617 2327 1861 2405 legitur
1902 2326 2007 2386 illa

448 2444 772 2520 particula
812 2445 1053 2515 aeterni,
1112 2460 1333 2522 neque
1378 2443 1553 2521 apud
1602 2445 1762 2505 alios
1794 2446 2004 2506 Evan-

444 2559 739 2637 gelistaS,
773 2564 886 2621 aut
929 2560 1201 2621 Paulum
1253 2565 1306 2622 l.
1352 2562 1642 2623 Corinth.
1695 2561 1760 2623 ll
1796 2563 2009 2637 posita

446 2677 676 2735 autern
709 2679 812 2737 est
851 2675 917 2734 in
963 2673 1170 2737 forma
1212 2677 1727 2739 consecrationis
1763 2675 2006 2746 caliciS,

452 2806 588 2869 qua
638 2795 915 2853 utuntur
943 2792 1183 2860 Latini:
1219 2808 1412 2870 quem
1446 2799 1667 2854 autem
1699 2793 2008 2853 effectum

339 2936 350 2948 ·
450 2907 721 2981 habeat,
779 2906 940 2968 infra
1009 2907 1325 2971 dicemus.
1394 2908 1654 2987 irrepsit
1699 2926 1857 2987 ergo
1902 2908 2008 2969 illa

172 3062 353 3128 legitur
453 3024 804 3102 particula,
848 3026 1091 3096 aeterni,
1143 3040 1278 3087 non
1333 3032 1430 3087 est
1459 3029 1682 3087 autem
1711 3024 2008 3086 Doctoris

123 3131 416 3256 Erzssztis-
450 3141 568 3203 illa
612 3138 881 3212 additio,
931 3141 1051 3204 sed
1102 3140 1379 3221 alicujus
1424 3141 1774 3220 scriptoris.
1824 3140 2008 3204 Unde

190 3258 312 3305 atas.
445 3256 619 3319 infra
650 3257 791 3336 ipse
825 3261 1057 3320 Doctor
1084 3260 1230 3321 dist.
1279 3260 1335 3320 8.
1384 3265 1601 3336 quaest.
1657 3263 1716 3322 2.
1766 3257 2009 3320 fatetur

440 3376 639 3455 plura
670 3377 869 3439 verba
900 3377 1072 3439 illius
1105 3376 1333 3440 formae
1363 3394 1495 3439 non
1529 3378 1800 3439 inveniri
1832 3375 2009 3453 apud

445 3493 928 3572 EvangelistaS‚
963 3493 1078 3553 ubl
1112 3497 1390 3555 tractant
1445 3490 1529 3553 de
1572 3492 1875 3571 mysterio
1907 3492 2009 3551 in-

436 3610 799 3672 stitutionis
850 3607 1099 3671 Calicis,
1155 3609 1271 3671 Vel
1329 3583 1685 3670 dicendum
1719 3612 1820 3669 est
1851 3610 2011 3671 cita-

443 3727 699 3789 tionem
750 3727 1120 3804 irrepsisse,
1178 3725 1335 3787 licet
1398 3728 1551 3787 novi
1607 3728 2007 3801 Testamenti,

448 3845 828 3904 inveniatur
868 3842 1045 3920 apud
1092 3841 1461 3904 Matthaeum
1492 3849 1556 3904 et
1584 3844 1886 3904 Marcum.

538 3960 658 4021 Vel
727 3959 913 4021 tertio
1001 3957 1356 4020 dicendum
1429 3963 1553 4036 est,
1629 3958 2011 4036 particulam

443 4075 634 4136 illam
706 4073 940 4136 dictam
1013 4089 1161 4136 esse
1227 4091 1263 4135 a
1326 4074 1573 4137 Christo
1643 4075 1711 4136 in
1778 4072 2007 4149 forma,

450 4207 662 4271 quam
733 4189 929 4252 tradit
994 4190 1334 4252 Matthaeus
1392 4195 1458 4250 et
1512 4189 1784 4264 Marem,
1862 4190 2015 4251 licet

442 4292 654 4368 fuerit
681 4305 1111 4383 praetermissa
1169 4304 1249 4365 ab
1295 4304 1748 4382 EvangelistiS.
1778 4305 1851 4365 Et
1881 4306 2008 4364 Do-

448 4428 602 4484 ctor
662 4426 928 4483 secutus
988 4426 1093 4482 est
1160 4419 1607 4483 definitionem
1656 4420 2014 4482 lnnocentii

449 4540 560 4600 111.
612 4553 755 4616 cap.
810 4542 970 4600 Cum
1000 4539 1294 4605 Marthae,
1330 4539 1407 4598 de
1453 4538 1753 4598 celebrat.
1790 4539 2012 4598 Missa-

442 4671 648 4727 rum,
721 4655 834 4716 ubi
890 4654 1126 4715 asserit
1181 4655 1700 4716 Ecclesiasticam
1769 4653 2011 4715 traditi-

430 4787 655 4834 -onem
706 4769 946 4832 docere
992 4771 1168 4832 illam
1218 4771 1459 4833 dictam
1503 4771 1704 4832 ruisse
1755 4788 1792 4831 a
1839 4771 2011 4832 Chri-

442 4899 600 4965 st0;
653 4895 721 4953 et
763 4899 943 4953 recte
985 4889 1394 4970 subintelligi
1445 4906 1566 4969 per
1609 4893 1760 4952 novi
1806 4893 2012 4950 Testa-

446 5005 678 5076 menti,
730 5004 882 5082 quia
926 5004 1165 5066 Paulus
1210 5007 1299 5066 ad
1342 5005 1635 5066 Hebraeos
1681 5006 1775 5067 13.
1827 5009 2016 5065 vocat

445 5121 858 5200 sanguinem
900 5120 1154 5193 Christi,
1190 5124 1581 5200 sanguinem
1616 5122 2014 5184 Testamenti

444 5239 726 5308 aeter-nh
785 5242 850 5298 et
904 5238 1276 5312 Apocalyps.
1317 5236 1408 5298 14.
1444 5234 1674 5298 dicitur
1720 5240 2010 5319 Evange-

448 5356 622 5414 lium
680 5358 1016 5426 aeternum‚
1068 5352 1217 5431 quia
1280 5357 1428 5430 post
1496 5352 1656 5414 illud
1712 5371 1844 5416 non
1918 5363 2015 5416 est

447 5472 755 5534 futurum
805 5470 1007 5542 aliud,
1058 5476 1131 5533 ut
1177 5477 1520 5550 exponunt
1565 5473 2018 5535 Theoderetus

447 5594 519 5652 et
563 5587 946 5661 anselmus,
1008 5590 1256 5667 etipsa
1326 5587 1531 5664 fides;
1579 5591 1760 5653 unde
1846 5591 2016 5653 Psal-

586 5693 748 5747 Tom.
783 5691 934 5748 xvl.

121 4432 379 4485 lnuoceut.

135 5442 384 5495 Theodec.

118 5509 408 5560 Anu-lmus.

3555 413 3683 477 241

2110 596 2219 641 mo
2274 579 2408 642 109.
2460 582 2550 639 Tu
2577 596 2641 641 es
2672 582 2994 641 Sacerdos
3023 581 3088 641 in
3120 584 3431 641 aeternum
3459 593 3675 639 secun-

2110 699 2270 758 dum
2311 701 2604 761 ordinem
2633 698 3112 760 Melchisedech.

2194 812 2414 887 Qualis
2446 816 2668 876 autem
2713 819 2813 876 est
2855 814 2987 888 lex,
3042 813 3170 875 tale
3213 818 3314 874 est
3349 812 3667 874 sacerdo·
3839 825 3890 875 4.

2115 930 2275 990 tium
2308 932 2373 990 et
2404 928 2812 1000 sacrificium,
2850 933 2916 991 et
2948 929 3255 992 translato
3289 926 3662 990 sacerdotio
3737 887 3979 1019 88ῗᾷᾱῇ

3792 1019 3915 1062 tium

2106 1059 2392 1104 *necesse
2465 1049 2565 1105 est
2634 1050 2706 1106 ut
2781 1045 2950 1125 legis
3024 1045 3354 1107 translatio
3413 1043 3525 1105 fiat
3581 1046 3668 1105 ad
3694 1072 4016 1124 correlativa.

2113 1162 2306 1219 Hebr.
2357 1162 2417 1221 7.
2475 1161 2583 1222 ubi
2630 1166 2898 1239 propter
2952 1160 3396 1224 infirmitatem
3445 1177 3662 1223 sacer·
3694 1135 4020 1257 ξζνξξξέξοᾞι

2117 1274 2277 1335 dotii
2307 1276 2589 1348 Levitici,
2624 1276 2800 1355 quod
2850 1291 2982 1338 non
3035 1277 3537 1340 consummabat
3580 1275 3666 1338 ad
3714 1260 4001 1373 inni-3532&

2117 1397 2619 1475 perfectionem,
2650 1402 2818 1463 sicut
2862 1417 2983 1464 nec
3015 1403 3120 1464 lex
3151 1410 3336 1465 vetus
3369 1419 3671 1465 consum·

2115 1516 2359 1589 mahat,
2406 1516 2568 1577 nihil
2611 1519 2779 1578 enim
2825 1518 2914 1578 ad
2954 1520 3322 1594 perfectam
3368 1519 3669 1594 perducit

2117 1631 2249 1705 leat,
2311 1638 2632 1694 mutatum
2689 1637 2789 1695 est
2835 1634 2900 1694 in
2951 1633 3393 1696 sacerdotium
3434 1632 3665 1696 Christi

2116 1746 2485 1808 secundum
2541 1747 2846 1809 ordinem
2906 1747 3418 1823 Melchisedech,
3494 1746 3674 1825 quod
3795 1790 3810 1799 ·

2119 1868 2258 1923 erat
2302 1880 2674 1926 mansurum
2728 1868 2792 1925 in
2839 1869 3187 1937 aeternum,
3244 1868 3307 1926 et
3360 1878 3667 1925 consum-

2104 1986 2331 2042 -maret
2361 1986 2577 2045 omnia
2611 1988 2931 2061 quantum
2961 1982 3043 2044 ad
3087 1980 3597 2059 perfectionem.

2202 2099 2493 2175 Ideoque
2538 2097 2624 2158 ad
2674 2099 3098 2160 stabilitatem
3147 2099 3293 2176 ejus
3347 2097 3669 2175 praemitti-

2122 2221 2226 2275 tur
2273 2234 2285 2274 :
2331 2216 2590 2276 Juravic
2641 2217 2976 2289 Dominus,
3039 2221 3096 2276 et
3164 2232 3286 2277 non
3353 2214 3682 2291 poenitebit

2121 2345 2291 2401 eum,
2333 2328 2398 2389 id
2431 2336 2549 2402 est,
2584 2344 2718 2391 non
2749 2330 3034 2391 mutabit
3079 2330 3468 2392 institutum.
3513 2326 3674 2388 Vide

2121 2447 2560 2522 Augustinum
2635 2445 2744 2506 tib.
2827 2448 2876 2506 1.
2939 2453 3163 2507 contra
3221 2444 3675 2507 adversarium
3705 2456 3976 2530 Angustia.

2122 2560 2283 2637 lepis
2340 2569 2396 2623 et
2457 2562 2751 2637 prophet.
2822 2579 2962 2638 cap.
3021 2563 3122 2623 20.
3168 2568 3226 2622 et
3269 2561 3379 2622 lib.
3442 2561 3534 2620 17.
3596 2561 3675 2619 de
3745 2518 3977 2571 Trldent.

2129 2679 2310 2738 Civit.
2370 2694 2512 2752 cap.
2569 2679 2662 2739 17.
2712 2682 2767 2737 et
2814 2685 3031 2754 quaest.
3089 2679 3219 2739 124.
3253 2679 3317 2739 in
3345 2677 3672 2737 Eaeodum.

2121 2791 2577 2855 Tridentinum
2620 2811 2768 2855 sess.
2819 2796 2916 2855 22.
2973 2811 3114 2870 cap.
3175 2795 3229 2855 l.
3278 2800 3336 2855 et
3377 2810 3524 2855 sess.
3573 2794 3676 2855 23.

2122 2924 2179 2970 c.
2227 2911 2281 2969 l.
2317 2907 2592 2970 Accedit
2642 2910 2838 2971 Lucae
2892 2910 2946 2970 l.
2998 2909 3305 2985 Reqnabit
3359 2911 3428 2970 in
3485 2911 3681 2971 domo

2117 3025 2317 3085 Jacob
2369 3028 2436 3085 in
2486 3030 2816 3097 aeternum,
2860 3030 2916 3087 et
2958 3027 3147 3102 requi
3193 3028 3335 3101 eJ'us
3376 3042 3502 3086 nou
3562 3025 3683 3086 erit

2116 3141 2303 3218 thies,-
2367 3148 2431 3204 et
2485 3143 2772 3205 Danielis
2812 3144 2874 3205 2.
2934 3146 3001 3204 ln
3056 3143 3279 3206 diebus
3319 3155 3706 3221 reynerum’

2120 3261 2392 3321 illorum
2420 3263 2748 3323 suscitabit
2783 3266 2949 3323 Deus
2979 3262 3128 3322 coeti
3168 3277 3463 3337 reanum,
3510 3263 3682 3338 quod

2122 3375 2188 3435 in
2242 3380 2552 3438 aeternum
2598 3393 2724 3437 non
2771 3378 3217 3451 dissipabitur,
3271 3375 3453 3456 quod
3492 3382 3678 3438 recte

2123 3492 2321 3552 etiam
2367 3491 2451 3553 de
2501 3493 2787 3554 Ecclesia
2829 3491 3213 3573 intelligitur
3256 3511 3270 3552 ε
3306 3498 3362 3555 et
3406 3509 3680 3569 requam

2123 3610 2262 3685 ejus
2293 3611 2490 3670 atteri
2505 3611 2752 3684 populo
2783 3625 2909 3670 non
2956 3610 3274 3683 tradetur,
3326 3613 3454 3671 etc.
3503 3609 3674 3670 Dan.

2120 3724 2183 3783 7.
2236 3726 2515 3784 Potestas
2563 3725 2703 3800 ejus
2748 3730 3026 3801 potestas
3076 3731 3316 3787 aeterna
3367 3740 3510 3801 quae
3551 3739 3680 3784 uon

2123 3839 2484 3914 auferetur,
2545 3846 2600 3900 et
2654 3856 2929 3916 reynum
2972 3841 3111 3917 ejus
3167 3842 3340 3916 quod
3376 3856 3501 3901 non
3531 3854 3681 3900 cor-

2123 3960 2488 4030 rumpetur,
2548 3961 2672 4017 etC.
2722 3956 2897 4017 Sicut
2953 3972 3111 4035 ergo
3171 3955 3317 4016 finis
3361 3955 3529 4036 legis
3575 3960 3683 4016 est

2113 4069 2490 4148 justificatio
2557 4071 2860 4146 hominiS,
2922 4087 3073 4150 quae
3146 4070 3443 4150 perfecte
3520 4088 3676 4133 con-

2124 4193 2489 4247 summatur
2544 4203 2664 4265 per
2732 4187 2954 4266 legem
3040 4204 3299 4260 novam,
3361 4187 3447 4248 ita
3524 4187 3688 4249 tollit

2124 4318 2321 4364 omne
2363 4307 2678 4366 motivum
2737 4305 3150 4368 stabiliendae
3210 4304 3506 4382 alterius,
3569 4311 3685 4369 aut
3779 4291 3788 4300 ’

2108 4419 2533 4484 ,ἰηῐιονᾶηάεθ.

2205 4537 2452 4598 Novum
2486 4554 2644 4617 ergo
2674 4540 3168 4601 Testamentum
3210 4544 3391 4600 recte
3447 4536 3683 4601 dicitur
3849 4528 3899 4579 ⁵·

2123 4659 2454 4725 aeternum,
2502 4653 2681 4732 quod
2746 4672 2866 4731 per
2920 4656 3335 4735 sanguinem,
3401 4658 3468 4716 et
3506 4671 3684 4716 mor-

2127 4773 2262 4830 tem
2321 4770 2652 4831 testatoris
2726 4771 2953 4834 Christi
3015 4770 3464 4843 confirmatum
3535 4777 3685 4845 est3

2126 4886 2307 4948 unde
2338 4886 2716 4964 redemptio
2743 4893 2982 4950 {eterna
3013 4889 3383 4966 appellatur
3424 4905 3462 4949 a
3509 4889 3678 4951 Pau-

2128 5004 2214 5076 lo,
2250 5003 2489 5065 eodem
2512 5003 2709 5066 modo
2757 5007 2905 5066 novi
2929 5009 3304 5067 testamenti.
3354 5006 3690 5068 Subindu-

2134 5122 2220 5181 cit
2263 5118 2454 5179 aliam
2486 5120 2871 5196 particulam
2893 5122 3131 5192 zeter-ni,
3168 5120 3319 5199 quia
3370 5123 3492 5183 etsi
3532 5124 3691 5184 novi

2139 5238 2520 5297 Testamenti
2546 5234 2897 5313 designare
2928 5242 3179 5315 posset,
3225 5239 3375 5315 quia
3407 5243 3682 5301 renovat

2133 5371 2250 5431 per
2319 5353 2616 5432 gratiam,
2679 5358 2743 5414 et
2793 5356 3093 5431 spiritum
3136 5354 3471 5417 hominem
3518 5356 3684 5416 inte-

2129 5485 2343 5551 grum,
2400 5486 2481 5530 ex
2530 5455 2892 5549 Augustino
2949 5476 3135 5534 tract.
3190 5472 3290 5534 63.
3348 5473 3414 5533 in
3466 5474 3659 5534 Joan.
3732 5499 4005 5567 Angustia.

2129 5592 2310 5649 recte
2343 5590 2538 5650 etiam
2567 5592 2719 5651 novi
2763 5606 2881 5668 pro
2927 5581 3280 5664 novissimi,
3331 5591 3675 5670 positivum
3758 5563 4032 5637 Cyrinus..

3491 5703 3554 5760 1⁶
