4287 6313
256 1758 471 1823 Argum.
508 1758 561 1809 5.

594 441 665 501 14
1774 435 1915 499 [ΑΒ.
1951 434 2049 496 IV.
2086 431 2684 495 SENTENTIARUM

600 602 887 675 delitas
932 602 1470 693 opponantur,
1508 600 1587 669 et
1647 616 1826 688 spes
1886 597 1963 666 et
2022 593 2141 665 de-

600 718 987 811 speratio,
1020 716 1340 789 videtur
1382 713 1928 786 manifestum.

688 833 1248 908 Consimiliter
1283 830 1679 924 probatur
1728 828 1819 899 de
1869 824 2141 918 gratia

598 971 734 1022 seu
812 951 904 1023 de
971 949 1401 1029 charitate,
1482 950 1561 1018 et
1627 945 1718 1017 de
1786 941 2141 1036 quolibet

604 1069 930 1158 peccato
967 1064 1325 1147 mortali,
1365 1061 1552 1154 quia
1593 1060 1956 1133 amicitia
2004 1058 2142 1131 Dei

601 1187 679 1256 et
714 1182 1148 1256 inimicitia
1206 1180 1675 1254 formaliter
1742 1165 2150 1270 opponun-

602 1305 780 1380 tur;
849 1303 1232 1391 peccator
1289 1302 1412 1371 est
1475 1295 1940 1369 formaliter
2010 1292 2150 1365 ini-

603 1418 855 1489 micus
913 1416 1084 1497 Dei,
1137 1415 1437 1488 habens
1480 1418 1751 1488 antem
1791 1409 2148 1503 gratiam

601 1533 726 1606 vel
811 1532 1329 1613 charitatem,
1448 1534 1573 1604 est
1685 1526 2151 1601 formaliter

602 1651 938 1731 amicus,
1002 1669 1227 1741 ergo,
1278 1653 1431 1722 etc.

693 1770 920 1849 Item,
969 1784 1210 1838 causa
1244 1764 1589 1838 secunda
1648 1763 1828 1855 plus
1878 1764 2149 1853 potest

605 1886 683 1956 in
726 1883 1043 1956 virture
1102 1901 1368 1954 causae
1412 1899 1652 1971 quam
1704 1877 1795 1948 in
1839 1877 2151 1950 virtute

608 1998 967 2093 propria,
1031 1996 1392 2089 alioquin
1445 2015 1605 2066 non
1671 1993 2151 2086 dependeret

600 2115 1155 2188 essentialiter
1220 2112 1301 2184 in
1346 2111 1746 2185 causando
1808 2131 1854 2181 a
1903 2126 2152 2180 causa

607 2234 894 2326 prima,
944 2251 1087 2303 nec
1137 2236 1353 2303 esset
1415 2231 1609 2302 ordo
1686 2224 2151 2300 essentialis

605 2370 1039 2423 causarum
1102 2348 1179 2420 in
1259 2347 1688 2427 causando,
1773 2342 1977 2436 quod
2028 2344 2152 2413 est

607 2468 1220 2545 inconveniens;
1286 2466 1415 2536 sed
1478 2464 1558 2534 in
1601 2462 2154 2553 quodcumque

605 2606 745 2656 ens
776 2582 1266 2676 producibile
1295 2600 1456 2652 non
1480 2600 1623 2672 per
1655 2577 2155 2651 creationem

615 2703 877 2792 potest
944 2699 1218 2790 aliqua
1305 2715 1578 2797 causa*
1640 2692 1985 2764 secunda
2074 2690 2157 2761 in

610 2817 917 2891 virtute
948 2812 1320 2907 propria;
1355 2830 1555 2903 ergo
1600 2811 1678 2883 in
1714 2807 2155 2881 terminum

609 2930 1055 3005 creationis
1092 2933 1358 3022 potest
1397 2928 1479 3000 in
1510 2927 1819 2998 virtute
1887 2942 2156 2997 causae

616 3049 924 3141 primae.

1027 3340 1694 3409 COMMENTARIUS.

696 3656 870 3716 Hanc
901 3653 1336 3732 quaestionem
1371 3648 1582 3708 movet
1631 3644 1870 3704 Doctor
1921 3640 2051 3712 hic,
2083 3644 2157 3699 ut

613 3786 696 3831 ex
764 3766 1084 3845 principio
1167 3758 1465 3843 generali
1539 3756 1904 3834 colligatur,
1998 3752 2155 3833 quid

613 3883 913 3946 efficaciae
994 3877 1344 3942 conveniat
1464 3874 1886 3934 Sacramento
1987 3868 2156 3929 circa

609 4001 901 4080 gratiam,
938 4011 1085 4075 quae
1118 4010 1199 4056 ex
1240 3989 1573 4054 communi
1614 3986 1941 4049 sententia
1987 3985 2160 4047 anti-

610 4142 889 4207 quorum
938 4119 1146 4184 creari
1223 4122 1505 4179 tenetur.
1572 4112 1889 4174 Eamdem
1962 4111 2158 4171 etlam

609 4246 817 4325 tangit
858 4242 1164 4322 Magister
1191 4241 1331 4301 dist.
1385 4237 1444 4296 5.
1469 4235 1535 4295 in
1562 4233 1710 4308 sine,
1761 4232 1833 4293 D.
1879 4230 2161 4291 Thomas

614 4363 848 4424 ibidem
879 4362 1098 4435 quaest.
1140 4356 1193 4415 l.
1229 4360 1353 4414 art.
1389 4353 1449 4413 3.
1515 4346 1876 4410 Richardus
1936 4349 2059 4406 art.
2103 4347 2157 4407 l.

616 4481 834 4555 quaest.
879 4473 938 4534 4.
1005 4470 1119 4533 ubi
1171 4473 1378 4547 agunt
1433 4464 1517 4525 de
1578 4463 1813 4525 eadem
1873 4459 2163 4523 efficacia

618 4588 1040 4661 sacramenti,
1096 4582 1275 4645 unde
1321 4597 1454 4642 non
1500 4583 1601 4641 est
1646 4582 1825 4639 extra
1885 4591 2160 4652 scopum

614 4710 718 4770 hic
772 4722 920 4769 eam
976 4708 1277 4766 tractare.
1335 4697 1698 4759 Divisiones
1760 4701 1825 4756 et
1878 4709 2163 4754 summa-

610 4826 777 4885 rium
824 4826 1039 4883 textus
1070 4816 1276 4878 habes
1322 4830 1402 4875 ex
1449 4811 1734 4879 scholiis,
1770 4806 1852 4869 ad
1907 4822 2052 4885 quae
2100 4812 2161 4868 te

611 4943 831 5005 remitt
912 4941 1080 5001 circa
1109 4938 1252 4999 haec
1300 4949 1442 5013 quaa
1474 4934 1667 4993 erunt
1697 4927 2000 4991 dicenda.

1218 5170 1592 5229 SCHOLIUM

688 5429 1177 5495 Auctoritatibus
1262 5423 1595 5495 Augustini
1679 5424 1739 5476 et
1806 5414 2165 5474 Damasceni

618 5534 841 5608 probat
868 5544 1086 5589 creare
1115 5542 1237 5584 non
1268 5537 1445 5597 posse
1474 5523 1823 5591 competere
1856 5516 1970 5571 ulli
1995 5527 2169 5569 crea-

620 5638 803 5691 turae.

2344 595 2650 666 Contra
2694 589 3194 684 Augustinus
3233 612 3432 677 saper
3478 592 3637 658 Gen.
3679 590 3788 656 tib.
3919 615 4070 725 Ratio

2253 712 2323 783 9.
2368 733 2423 777 c.
2457 712 2568 781 21.
2623 714 2864 798 Angyeli
2921 712 3176 777 nullam
3225 711 3495 776 omnino
3529 719 3803 794 possunt
3957 739 4018 787 ad

2258 850 2483 894 creare
2514 840 2847 894 naturam.
2907 828 3005 898 Et
3037 828 3277 893 ibidem
3315 848 3461 913 cap.
3492 825 3603 895 22.
3644 827 3808 890 Cre·
3878 799 4096 865 ⁰PP⁰⁵³⁸·

2258 966 2376 1009 are
2427 956 2741 1010 naturam
2775 955 2909 1009 tam
2973 945 3199 1009 mallus
3239 945 3531 1029 Anyelus
3569 952 3807 1029 potest,

2260 1082 2453 1145 quam
2489 1081 2606 1125 nec
2636 1080 2865 1125 creare
2910 1061 3220 1144 seipsam.

2355 1173 2566 1244 Idem
2644 1172 3211 1244 Damascenus
3281 1189 3455 1262 cap.
3514 1171 3636 1242 18.Δ
3691 1172 3821 1248 Qui

2261 1292 2492 1358 dicant
2559 1293 2845 1379 Anyelos
2894 1312 3029 1357 esse
3111 1301 3445 1356 creatores
3520 1290 3812 1376 alicujus

2260 1420 2543 1486 naturae,
2564 1418 2719 1473 sunt
2748 1427 2971 1472 omnes
2991 1407 3130 1488 filii
3154 1408 3374 1492 patris
3400 1406 3508 1470 sui
3529 1403 3810 1470 diaboli.

2354 1524 2559 1595 Item
2605 1519 3111 1612 Augustinus
3146 1522 3252 1591 12.
3303 1523 3385 1588 cle
3433 1522 3613 1586 civit.
3668 1541 3813 1606 cap.

2263 1641 2368 1710 24.
2410 1639 2747 1731 loquens
2788 1639 2879 1710 de
2916 1637 3243 1729 Angelis
3285 1662 3297 1706 :
3345 1640 3504 1705 Tam
3542 1660 3661 1705 nec
3703 1657 3812 1703 eos

2261 1762 2544 1826 dicimus
2604 1771 2934 1826 creatores
2973 1759 3400 1838 animalia-m,
3455 1779 3652 1843 quam
3691 1776 3810 1821 nec

2261 1876 2593 1961 ayrieolas
2629 1878 2928 1961 fraqam.
2963 1873 3167 1944 Item
3207 1873 3271 1942 3.
3320 1872 3507 1938 Tria.
3554 1892 3701 1956 cap.
3736 1869 3803 1939 8.

2265 2002 2324 2056 et
2358 1992 2427 2061 9.
2502 1994 2598 2057 Ita
2648 2013 2781 2058 non
2844 2012 3191 2078 possumus
3256 1991 3478 2055 dicere
3528 1988 3813 2074 Anqelos

2265 2120 2592 2173 creatores
2630 2109 2863 2191 fuisse,
2908 2109 3079 2172 sicut
3135 2128 3251 2172 nec
3298 2125 3637 2190 possumus
3702 2103 3814 2167 di-

2265 2247 2408 2291 cere
2465 2226 2760 2289 homines
2791 2244 2925 2290 esse
2970 2235 3256 2310 seyetum
3294 2232 3649 2288 creatores.
3717 2219 3812 2288 Et

2272 2340 2451 2430 post
2485 2363 2629 2426 cap.
2674 2344 2736 2407 9.
2774 2351 2839 2405 et
2887 2339 2995 2410 10.
3033 2338 3179 2403 Non
3210 2348 3303 2402 est
3362 2348 3620 2402 creator
3676 2335 3816 2399 nisi

2267 2458 2381 2543 qui
2433 2456 2914 2542 principaliter
2987 2456 3114 2519 ista
3186 2453 3541 2539 formabat,
3616 2472 3814 2537 penes

2269 2593 2456 2660 quem
2510 2572 2827 2657 primitus
2882 2580 3036 2635 sant
3085 2570 3403 2649 omnium,
3464 2588 3606 2653 quce
3652 2576 3806 2631 sunt

2268 2710 2616 2767 memmi-ce,
2653 2688 2919 2754 numeri
2960 2698 3022 2752 et
3076 2684 3400 2771 pondera.

2841 2922 2924 2979 SC
2934 2923 3217 2981 HOLIUM
3231 2960 3246 2975 .

2343 3105 2520 3162 Ponit
2549 3102 2819 3160 rationes
2862 3102 2925 3155 D.
2957 3099 3206 3155 Thomas
3234 3102 3296 3154 et
3352 3098 3640 3164 aliorum,
3674 3096 3819 3168 qui-

2268 3207 2384 3262 bus
2415 3202 2678 3275 probant
2731 3207 3090 3257 creaturam
3161 3211 3281 3255 non
3344 3213 3520 3269 posse
3577 3210 3817 3252 creare.

2266 3303 2494 3367 Prima,
2525 3300 2674 3370 quia
2729 3299 3036 3355 terminus
3102 3296 3438 3353 creationis
3489 3299 3581 3350 est
3613 3295 3817 3364 ipsum

2269 3414 2406 3457 esse
2441 3402 2506 3454 ut
2537 3399 2649 3463 sic,
2692 3394 2854 3467 quod
2895 3395 3009 3450 soli
3044 3396 3162 3450 Deo
3211 3399 3504 3464 tanquam
3559 3392 3819 3446 univer-

2268 3497 2384 3552 sali
2423 3510 2627 3552 causae
2685 3494 2916 3549 subest.
2949 3490 3249 3558 Secunda,
3284 3492 3448 3546 inter
3477 3490 3813 3545 terminum

2269 3609 2303 3650 a
2334 3609 2454 3666 qno
2485 3592 2818 3648 creationis
2850 3591 2957 3661 qui
3000 3592 3092 3645 est
3148 3588 3331 3651 nihil,
3385 3590 3445 3642 et
3499 3583 3573 3640 ad
3630 3597 3812 3655 quem

2272 3693 2378 3762 qui
2421 3694 2512 3745 est
2539 3687 2802 3758 aliquid,
2838 3691 2930 3744 est
2960 3686 3254 3742 distantia
3286 3683 3552 3740 infinita.
3586 3681 3814 3750 Tertia,

2269 3801 2461 3868 agens
2492 3786 2761 3841 inferius
2793 3784 3086 3855 supponit
3116 3784 3404 3838 effectum
3436 3780 3678 3849 agentis
3710 3793 3816 3832 su-

2271 3886 2560 3956 perioris.
2593 3887 2841 3951 Quarta,
2868 3883 3114 3938 nullum
3148 3885 3429 3938 creatum
3474 3893 3666 3948 agens
3723 3880 3818 3932 est

2272 3997 2470 4055 purus
2502 3986 2696 4039 actuS.

2365 4198 2458 4268 In
2516 4194 2674 4266 ista
2751 4195 2854 4282 (a)
2913 4190 3359 4283 quaestione
3432 4186 3814 4279 Theologi
3969 4253 4024 4300 5

2272 4309 2816 4385 communiter
2873 4310 3148 4381 tenent
3209 4309 3527 4398 partem
3578 4323 3819 4395 nega·
3847 4313 4130 4428 DRartffii

2275 4427 2554 4507 tivam,
2648 4429 2739 4498 et
2812 4424 2906 4494 ad
2990 4423 3142 4495 hoc
3213 4427 3622 4515 ponuntur
3694 4440 3816 4493 ra·
3848 4438 3891 4488 1.
3924 4454 3993 4550 p.5
4005 4389 4162 4551 q⁰¹4¹}‘.

2271 4543 2536 4618 tiones
2579 4542 2672 4613 ad
2711 4557 3069 4631 praesens
3117 4546 3492 4633 quatuor.
3540 4538 3815 4611 Piima
3869 4504 4105 4626 ὅἰἠηνὲιῑο.

2276 4658 2631 4731 sumitur
2662 4678 2760 4728 ex
2827 4660 3060 4748 parte
3137 4653 3469 4727 termini
3528 4651 3815 4726 creati·
3868 4626 4160 4751 Μξῖὃξῖςὶ,

2279 4774 2479 4856 onis,
2525 4793 2697 4865 quae
2734 4773 2922 4846 talis
2964 4773 3162 4845 est.
3232 4768 3589 4843 Effectus
3650 4767 3812 4838 nni·

2273 4889 2770 4962 versaliores
2825 4891 3147 4982 oportet
3185 4888 3260 4958 in
3295 4905 3584 4959 causas
3645 4882 3817 4954 uni-

2275 5005 2773 5081 versaliores
2853 5008 3272 5087 reducere;
3373 5003 3503 5074 sed
3606 5001 3822 5074 inter

2281 5147 2556 5199 omnes
2637 5122 2979 5198 effectus
3071 5102 3819 5195 universalissimus

2276 5248 2401 5317 est
2435 5242 2696 5335 ipsum
2746 5262 2956 5321 esse;
3020 5259 3218 5331 ergo
3262 5242 3385 5311 est
3439 5235 3824 5330 proprius

2278 5355 2618 5431 effectus
2726 5376 2991 5429 causae
3068 5352 3820 5427 universalissimae.

2278 5476 2497 5548 Unde
2565 5474 2863 5548 dieitur
2917 5478 2991 5541 in
3031 5475 3151 5541 lib.
3205 5474 3285 5540 de
3322 5474 3580 5552 Causis,
3620 5468 3823 5560 quod

2280 5613 2425 5665 nec
2464 5589 3035 5683 Intelligentia.,
3080 5610 3224 5662 nec
3284 5588 3556 5661 anima
3639 5584 3828 5659 rati-
