4287 6313
1648 425 1846 487 Dls'r.
1892 426 1967 488 V.
2014 423 2380 501 QUAESTIO
2429 427 2532 489 111.
3585 431 3695 491 521

466 592 623 650 tunc
688 581 852 651 forte
936 586 1187 654 ratione
1246 586 1522 673 periculi
1577 585 1846 652 infantis
1896 606 2004 671 po-

465 709 588 764 test
618 701 913 767 executio
946 699 1086 769 fieri
1128 723 1243 788 per
1266 702 1600 769 ministros
1624 702 1904 791 justitiae
1944 712 2007 766 et

486 814 834 900 aperienda
875 817 1101 897 erit,ut
1122 819 1416 886 salvetur
1445 819 1688 897 infanS,
1725 830 1788 884 et
1831 838 2007 883 mors

2120 596 2299 650 certo
2393 598 2506 652 aut
2593 586 3019 673 probabiliter
3110 587 3398 654 creditur
3490 607 3666 655 mors
3789 612 3919 673 Qum

2121 701 2411 781 infantis,
2450 713 2605 769 tunc
2658 724 2887 770 verum
2936 716 3035 771 est
3076 726 3269 791 posse
3317 725 3460 770 eam
3531 726 3668 771 me·
3698 675 4016 799 affcgssfflffn

2120 817 2400 884 dicinam
2446 839 2733 899 sumere,
2770 830 2834 886 et
2886 840 3062 886 mors
3114 820 3383 887 infantis
3436 833 3672 907 praeter
3715 799 4010 914 pertingi-tan·

461 929 651 995 detur
692 929 759 995 in
806 952 1091 1017 poenam,
1129 933 1240 999 sed
1285 933 1673 1000 auctoritate
1718 932 2004 1019 privata,

465 1043 527 1110 id
582 1048 807 1135 nequit
846 1046 1009 1114 fieri.
1074 1050 1286 1129 Dices,
1334 1050 1474 1136 ipsa
1516 1069 1868 1136 praegnans
1941 1048 2006 1114 in

466 1166 749 1255 periculo
788 1166 1013 1233 mortis
1044 1187 1306 1234 sumere
1336 1179 1548 1255 potest
1590 1165 2005 1246 medicinam,

468 1305 547 1351 ex
579 1303 706 1371 qua
764 1295 969 1367 certo,
1023 1284 1126 1350 vel
1187 1284 1614 1372 probabiliter
1699 1292 2010 1369 sequetur

467 1419 643 1465 mors
683 1398 981 1478 infantis;
1044 1420 1203 1486 ergo
1233 1399 1403 1465 sicut
1448 1398 1648 1464 vitam
1709 1418 2009 1484 corpora·

467 1517 593 1583 lem
670 1516 938 1582 infantis
998 1517 1080 1582 ob
1128 1515 1404 1582 salutem
1482 1514 1809 1602 propriam
1860 1535 2012 1580 con-

466 1642 757 1697 temnere
817 1642 1051 1718 potest,
1100 1614 1191 1696 ita·
1235 1631 1430 1697 etiam
1498 1644 1561 1696 et
1619 1630 1819 1696 vitam
1870 1649 2010 1696 cor-

464 1747 750 1836 poralem
795 1747 1062 1814 infantis
1102 1760 1313 1835 potest
1362 1750 1510 1836 quis
1594 1759 2014 1815 contemnere

466 1864 545 1930 ad
603 1863 979 1931 salvandam
1046 1865 1247 1932 vitam
1358 1866 1499 1951 ejus
1575 1864 2008 1953 spiritualem.

470 1982 651 2046 Patet
716 1982 1209 2067 consequentia,
1273 1983 1425 2071 quia
1504 1982 1661 2049 vitae
1729 1983 2014 2070 propriae

469 2107 531 2163 et
578 2097 895 2182 corporali
965 2109 1178 2183 potest
1218 2099 1529 2185 praeferre
1568 2100 1773 2166 vitam
1818 2100 2013 2186 spiri·

467 2210 707 2278 tualem
757 2211 1062 2292 infantis;
1119 2235 1276 2300 ergo
1362 2235 1399 2280 a
1466 2215 1713 2281 fortiori
1813 2217 2013 2283 vitam

470 2329 613 2416 ejus
655 2328 1058 2415 spiritualem
1122 2331 1433 2417 praeferre
1466 2331 1621 2397 vitae
1664 2333 2009 2420 corporali.

469 2442 927 2524 Confirmatur,
965 2445 1102 2531 ipse
1137 2446 1349 2514 infans
1381 2447 1436 2514 si
1486 2459 1660 2514 esset
1692 2447 1792 2513 sui
1835 2468 2013 2515 com·

470 2582 588 2649 pos
637 2558 898 2628 deberet
934 2562 1135 2628 vitam
1159 2564 1561 2651 corporalem
1596 2577 2017 2632 contemnere

468 2677 551 2744 ob
618 2677 1066 2745 necessitatem
1150 2678 1309 2745 vitae
1376 2679 1773 2766 spiritualis3
1858 2702 2018 2769 ergo

468 2810 530 2866 et
597 2809 898 2886 parentes
967 2799 1219 2880 saltem,
1286 2800 1349 2866 in
1409 2822 1688 2888 quorum
1749 2814 1853 2869 est
1886 2801 2016 2869 dis·

470 2915 816 3003 positione,
896 2916 1199 2982 similiter
1263 2916 1499 2984 debent
1583 2928 2019 2986 contemnere

470 3031 670 3098 vitam
724 3033 867 3120 ejus
937 3032 1364 3119 corporalem,
1415 3034 1479 3100 in
1516 3035 1804 3122 periculo
1866 3036 2018 3102 vitae

478 3147 857 3235 spiritualis,

561 3266 1013 3353 Respondetur
1067 3265 1241 3334 aliud
1300 3288 1445 3335 esse
1508 3267 1764 3335 auferre
1813 3268 2012 3335 vitam

474 3382 682 3463 alteri,
755 3394 865 3448 aut
926 3383 1074 3461 sibi,
1119 3381 1295 3451 aliud
1334 3404 1492 3450 vero
1556 3404 1683 3450 non
1756 3405 2022 3452 conser-

472 3519 667 3579 vare;
748 3499 1029 3586 primum
1108 3511 1208 3566 est
1301 3513 1525 3568 contra
1612 3514 2016 3589 proeceptum

473 3604 880 3694 negativum,
916 3604 1088 3692 quod
1155 3605 1404 3692 obligat
1461 3626 1722 3692 semper
1790 3620 1854 3673 et
1902 3627 2020 3693 pro

469 3719 1153 3810 semper;secundum
1213 3742 1369 3789 vero
1481 3733 1707 3790 contra
1774 3745 2019 3809 praece-

468 3851 652 3926 ptum
695 3837 1164 3905 affirmativum
1204 3835 1285 3904 de
1342 3839 1790 3906 conservanda
1856 3841 2016 3920 vita,

469 3954 639 4044 quod
674 3953 919 4041 obligat
943 3954 1005 4019 in
1026 3953 1477 4021 determinatis
1498 3955 2021 4025 circumstantiis

469 4069 638 4138 sicut
677 4079 741 4136 et
806 4069 1056 4156 reliqua
1124 4069 1543 4150 affirmativa,
1613 4092 1742 4138 non
1795 4084 2019 4141 tamen

470 4207 727 4273 semper
794 4198 854 4252 et
932 4205 1047 4272 pro
1107 4186 1421 4253 omnibus
1478 4187 2017 4271 circumstantiis,

474 4318 542 4373 ut
606 4303 868 4393 quando
921 4313 1218 4370 occurrat
1284 4304 1593 4371 damnum
1652 4305 2018 4393 proprium,

475 4435 587 4490 aut
642 4422 909 4488 alterius
977 4441 1201 4509 grave.
1265 4424 1346 4487 Et
1386 4421 1507 4488 hac
1538 4424 1749 4510 posita
1794 4424 2022 4492 distin·

475 4539 714 4620 ctione,
744 4538 1178 4626 respondetur
1207 4538 1288 4605 ad
1322 4538 1639 4606 rationem
1673 4540 2021 4609 adductam

477 4653 557 4720 de
589 4665 973 4742 praegnante
1003 4666 1305 4722 sumente
1360 4656 1746 4723 medicinam
1774 4656 2027 4744 judicio

484 4771 885 4839 medicorum
948 4771 1382 4839 necessariam
1434 4771 1514 4838 ad
1566 4771 1718 4840 vitae
1770 4794 2029 4841 conser-

476 4888 821 4967 vationem,
877 4887 1065 4975 juxta
1095 4886 1348 4974 aliquos
1404 4908 1665 4954 sumere
1717 4908 1906 4975 posse
1946 4910 2027 4955 ex

474 5007 836 5074 intentione
857 5004 1091 5073 salutis
1125 5005 1432 5091 propriae,
1471 5006 1771 5094 quamvis
1806 5008 2028 5074 videa-

473 5134 578 5189 tur
608 5123 792 5210 sequi
855 5142 1031 5188 mors
1074 5121 1345 5186 infantis
1407 5133 1585 5188 certo
1633 5134 1746 5189 aut
1799 5125 2027 5211 proba-

477 5238 696 5306 biliter
714 5248 955 5327 praeter
975 5237 1589 5326 intentionem,quia
1619 5260 1745 5305 non
1771 5252 2031 5307 tenetur

478 5355 681 5421 vitam
709 5354 1034 5441 propriam
1067 5374 1393 5441 exponere
1426 5377 1542 5441 pro
1576 5356 1711 5423 vita
1761 5357 2030 5424 infantis

480 5475 630 5542 licet
685 5475 893 5561 possit
920 5497 1063 5542 eam
1124 5488 1575 5557 contemnere;
1625 5477 1737 5545 sed
1797 5479 2031 5547 melius

484 5585 861 5655 limitandus
901 5599 1001 5655 est
1047 5606 1261 5667 casus,
1307 5585 1361 5654 si
1417 5607 1498 5654 ex
1550 5600 1757 5656 morte
1807 5590 2031 5658 matris

2124 933 2553 1000 intentionem
2621 934 2764 1021 ejus
2824 946 2981 1001 tunc
3037 935 3366 1016 succedit3
3441 935 3495 1001 si
3573 947 3670 1004 ta-

2125 1069 2274 1115 men
2371 1065 2675 1136 speratur
2779 1052 3068 1138 paritura
3162 1052 3476 1118 infantem
3576 1053 3673 1118 vi-

2122 1186 2305 1245 vum,
2377 1178 2535 1231 tunc
2605 1166 2832 1253 nequit
2920 1187 3181 1234 sumere
3253 1165 3668 1248 medicinam,

2124 1278 2276 1366 quia
2333 1298 2479 1343 cum
2521 1276 2759 1344 damno
2819 1279 2976 1345 vitae
3015 1279 3377 1366 spiritualis
3419 1292 3481 1347 et
3528 1301 3675 1348 cor-

2126 1393 2365 1480 poralis
2406 1393 2674 1461 infantis
2726 1415 2855 1462 non
2914 1408 3126 1482 potest
3166 1398 3423 1463 salvare
3475 1397 3674 1463 vitam

2125 1512 2480 1599 propriam,
2571 1525 2634 1579 et
2720 1512 2799 1579 ad
2896 1513 3021 1580 hoc
3127 1513 3379 1581 nullum
3482 1515 3675 1582 habet

2118 1628 2253 1714 jus,
2295 1629 2423 1693 imo
2496 1650 2576 1695 ex
2663 1630 2908 1716 pietate
2983 1641 3243 1696 tenetur
3315 1629 3575 1710 infanti,
3614 1644 3680 1697 et

2126 1766 2205 1812 ex
2236 1746 2516 1834 justitia.
2590 1746 2766 1814 ldem
2833 1746 3143 1824 dicerem,
3207 1749 3262 1815 si
3339 1768 3419 1814 ex
3487 1761 3677 1836 partu

2127 1861 2448 1929 redundat
2495 1863 2856 1950 periculum
2895 1883 3020 1930 non
3066 1885 3260 1951 posse
3301 1865 3494 1931 etiam
3528 1885 3672 1952 pro-

2126 2000 2358 2046 curare
2423 1980 2718 2046 abortum
2779 2002 2927 2047 cum
2991 1981 3280 2068 periculo
3340 1982 3497 2049 vitae
3573 1977 3677 2049 inss·

2129 2094 2349 2176 santis,
2458 2096 2609 2183 quia
2687 2096 2783 2163 sic
2868 2119 2947 2163 ex
3035 2097 3394 2164 intentione
3504 2119 3680 2165 mors

2130 2210 2362 2278 infanti
2396 2228 2879 2298 procuraretur.
2932 2214 3409 2302 Consequentia
3454 2226 3676 2282 autem

2129 2337 2433 2412 negatur,
2512 2326 2567 2394 si
2646 2327 3054 2416 intelligatur
3139 2328 3218 2395 de
3302 2342 3680 2416 contemptu

2132 2459 2247 2525 per
2304 2439 2658 2506 illationem
2703 2442 2954 2522 mortiS,
3012 2461 3138 2507 non
3180 2441 3258 2508 de
3298 2453 3678 2528 contemptu

2131 2575 2247 2641 per
2309 2555 2514 2621 solam
2594 2555 3139 2643 permissionem3
3212 2557 3384 2624 unde
3463 2569 3669 2625 mater

2132 2671 2197 2736 in
2239 2691 2418 2750 casu,
2464 2692 2593 2759 quo
2625 2671 2997 2758 provideret
3036 2672 3204 2740 alius
3256 2673 3488 2740 infanti
3531 2695 3673 2740 mo-

2131 2768 2410 2854 ribundo
2487 2808 2602 2874 per
2668 2787 3058 2868 remedium,
3149 2789 3321 2876 quod
3412 2789 3680 2855 inferret

2132 2915 2406 2969 mortem
2483 2903 2912 2990 corporalem,
2988 2918 3051 2970 et
3129 2904 3415 2971 salvaret
3481 2905 3677 2972 vitam

2131 3018 2562 3104 spiritualem,
2611 3040 2738 3085 non
2797 3030 3054 3087 tenetur
3113 3021 3442 3103 resistere,
3495 3043 3677 3089 acce-

2133 3135 2359 3204 leratio
2453 3135 2627 3202 enim
2735 3134 2963 3204 mortis
3042 3136 3302 3205 tolerari
3381 3138 3461 3205 ab
3541 3138 3683 3226 ipsa

2133 3264 2347 3342 potest
2408 3273 2557 3319 cum
2624 3252 2804 3319 lucro
2879 3254 3109 3320 salutis
3168 3255 3354 3342 ejus;
3389 3276 3490 3321 *ex
3550 3277 3679 3343 quo

2133 3381 2308 3458 patet
2359 3367 2439 3435 ad
2488 3369 2838 3438 secundam
2878 3371 3438 3457 consequentiam,
3482 3383 3548 3438 et
3582 3372 3676 3438 ¹ad

2132 3486 2692 3555 confirmationem
2768 3485 3234 3573 distinguendo
3303 3486 3472 3554 inter
3531 3508 3681 3574 per-

2136 3602 2518 3669 missionem
2560 3612 2622 3667 et
2662 3599 3016 3667 illationem
3061 3601 3318 3683 mortis,
3366 3613 3434 3668 ut
3494 3602 3679 3690 prius

2132 3719 2380 3787 dictum
2419 3731 2541 3787 est.

2222 3838 2432 3917 PeteS‚
2496 3835 2652 3923 quid
2722 3835 3068 3903 dicendum
3156 3835 3221 3900 in
3298 3855 3477 3916 casu,
3558 3856 3688 3923 quo

2136 3974 2313 4020 mors
2344 3952 2616 4019 infantis
2666 3974 2781 4040 per
2819 3951 3122 4019 accidens
3163 3961 3551 4039 sequeretur
3607 3952 3687 4019 ab

2134 4080 2526 4160 extrinsec0‚
2594 4090 2705 4146 aut
2764 4078 2973 4166 ipsius
3040 4076 3455 4164 baptizantiS,
3500 4077 3688 4142 verbi

2135 4205 2370 4294 gratia,
2425 4205 2481 4270 si
2531 4208 2879 4291 Tyrannus
2939 4203 3003 4269 in
3061 4202 3282 4268 odium
3342 4200 3682 4287 religionis

2136 4342 2200 4397 et
2236 4329 2634 4397 Sacramenti
2671 4329 2951 4417 utrique,
2982 4339 3044 4395 et
3069 4319 3372 4397 'alterutri
3406 4341 3682 4397 mortem

2138 4453 2310 4522 esset
2351 4453 2674 4521 illaturus,
2714 4453 3189 4540 Respondetur,
3227 4454 3281 4521 si
3318 4454 3535 4521 infans
3590 4467 3689 4521 est

2140 4580 2207 4646 in
2266 4581 2553 4668 periculo
2613 4580 2843 4646 mortis
2905 4600 3049 4646 esse
3097 4579 3579 4666 baptizandum,
3631 4591 3695 4647 et

2141 4706 2518 4774 ministrum
2575 4707 2770 4773 etiam
2828 4703 3068 4773 debere
3127 4727 3278 4773 eum
3340 4705 3686 4792 baptizare,

2142 4833 2294 4920 quia
2362 4831 2724 4920 periculum
2811 4832 3254 4900 extrinsecum
3327 4832 3392 4898 in
3471 4832 3693 4900 odium

2141 4958 2505 5046 religionis,
2557 4969 2653 5024 est
2704 4978 2817 5043 per
2856 4957 3161 5024 accidens
3224 4977 3304 5022 ex
3365 4956 3694 5044 perversi-

2145 5093 2274 5148 tate
2312 5080 2679 5160 inferentis,
2755 5100 2883 5146 non
2944 5100 3026 5146 ex
3095 5091 3323 5147 natura
3391 5080 3690 5147 actionis,

2143 5212 2274 5277 Nec
2311 5206 2505 5273 debet
2562 5205 2728 5272 actio
2785 5204 2893 5270 illa
2952 5204 3292 5292 religionis
3334 5204 3699 5272 necessaria

2143 5332 2382 5414 omitti,
2427 5353 2508 5398 ne
2572 5351 2721 5398 cum
2789 5329 3094 5397 scandalo
3150 5342 3214 5397 et
3280 5331 3513 5397 timore
3575 5330 3695 5397 hu·

2148 5479 2339 5525 mano
2397 5457 2608 5544 magis
2665 5453 3005 5522 obediatur
3062 5455 3443 5522 hominibus
3498 5475 3694 5542 quam

2150 5587 2312 5663 Deo;
2359 5581 2446 5650 ita
2503 5582 2742 5647 Suarez
2779 5578 2953 5666 disp.
3008 5582 3117 5647 31.
3164 5589 3390 5647 contra
3441 5579 3692 5646 Sotum.
