4287 6313
202 1401 451 1451 Numerus

201 1464 459 1513 characte-

1711 421 1909 484 Dts'r.
1962 422 2056 483 Vl.
2107 422 2470 498 QUAESTlo
2500 424 2576 484 X.

3637 423 3752 487 631

610 580 684 662 (f)
727 585 860 645 Sed
912 584 973 644 si
1028 600 1307 659 quaeras,
1363 598 1567 660 quare
1624 598 1780 659 erqo
1829 587 2079 644 tantum
2193 582 2386 645 fusim
2434 601 2554 647 suo
2611 585 2755 647 loco
2816 602 2892 648 ex
2938 587 3266 665 Scriptura
3335 590 3400 648 et
3451 584 3745 646 Patribus

524 701 670 759 sunt
696 704 824 758 tres
869 698 1295 771 characteres,
1345 705 1475 760 etc.
1520 700 1880 760 Numerum
1920 699 2072 760 cha-

522 809 847 866 racterum
893 806 1165 886 egregie
1216 805 1481 886 colligit,
1544 811 1610 868 et
1668 806 1913 882 optime
1958 807 2077 866 de-

525 920 726 981 clarat
757 937 836 983 ex
865 922 1313 1000 proportione,
1366 938 1564 1000 quam
1614 920 1815 982 habet
1864 925 2073 982 status

519 1034 686 1114 legis
740 1036 1149 1115 Evangelicae
1225 1034 1310 1096 ad
1358 1034 1649 1112 politiam
1690 1035 2071 1107 humanam,

519 1151 585 1211 in
616 1167 747 1229 qua
786 1150 1033 1231 gradus
1082 1152 1411 1229 speciales
1461 1154 1808 1213 servantur
1850 1149 2068 1228 quoad

521 1265 911 1346 dignitatem
974 1269 1042 1330 in
1100 1267 1343 1331 familia
1395 1268 1734 1347 PrincipiS,
1789 1268 1897 1344 qui
1940 1283 2072 1330 non

523 1384 922 1445 conveniunt
968 1384 1294 1445 omnibus.
1364 1384 1615 1446 Primus
1669 1381 1917 1462 gradus
1973 1388 2073 1444 est

518 1499 903 1562 universalis
971 1501 1295 1574 omnihuS‚
1360 1501 1467 1579 qui
1539 1501 1945 1577 recipiuntur
2005 1500 2069 1559 in

2195 698 2637 763 declarabitur
2712 702 2900 782 juxta
2989 705 3455 779 proprietatem
3557 698 3745 762 dictae

2190 818 2608 895 metaphorae.

2747 1094 3146 1151 SCHOLIUM.

2259 1353 2625 1408 Resolutive
2653 1356 2823 1408 tenet
2855 1355 2921 1406 ut
2949 1350 3290 1421 problema,
3311 1350 3736 1406 characterem

2185 1465 2319 1505 esse
2349 1451 2615 1504 formam
2672 1448 3039 1515 absolutam,
3089 1446 3185 1502 vel
3232 1448 3594 1503 relationem
3635 1462 3737 1501 re-

273 1540 386 1597 ¹Z⁰¹J¹
2188 1549 2351 1602 alem
2393 1547 2827 1602 extrinsecam.
2865 1548 2949 1600 Ex
2997 1560 3118 1615 quo
3166 1548 3402 1601 constat
3456 1547 3633 1615 Vasq.
3676 1546 3736 1601 3.

190 1588 470 1651 collignur.
516 1614 868 1690 familiam?
902 1616 1265 1690 secunda&
1316 1617 1590 1687 mimiae3
1643 1616 1892 1687 ‘estius’
1945 1615 2064 1673 mi·
2187 1660 2247 1715 p.
2281 1645 2340 1700 d.
2375 1645 2464 1700 32.
2499 1659 2633 1713 cap.
2668 1646 2720 1698 12.
2759 1642 2914 1698 salso
2943 1644 3314 1712 imposuisse
3347 1644 3536 1707 Scoto,
3570 1641 3733 1712 quod
3786 1698 3792 1705 ,

514 1735 869 1800 nistrorum
920 1742 983 1797 et
1037 1737 1584 1815 dispensatorum,
1639 1742 1893 1797 servata
1947 1735 2067 1794 hac
2186 1742 2417 1798 dixerit
2474 1741 2901 1797 characterem
2961 1755 3097 1796 esse
3158 1739 3517 1795 relationem
3580 1739 3734 1794 rati-

515 1849 930 1928 proportjone
967 1870 981 1910 :
1018 1851 1386 1927 Baptismus
1471 1856 1593 1924 est,
1678 1866 1797 1927 per
1867 1865 2063 1928 quem
2182 1840 2339 1893 oniS.
2392 1841 2640 1894 Constat
2699 1839 2889 1893 etiam
2947 1839 3101 1894 alios
3157 1851 3290 1892 esse
3347 1837 3732 1903 temerariOS,

519 1970 668 2045 quis
724 1967 1039 2045 recipitur
1095 1969 1160 2028 in
1212 1967 1564 2038 familiam;
1620 1966 2060 2039 Confirmatio,
2180 1939 2284 2008 qui
2350 1936 2425 1992 ob
2457 1937 2568 1991 hoc
2626 1937 2869 1992 Scotum
2905 1935 3280 1990 temeritatis
3311 1937 3568 2002 notant3
3609 1934 3733 2042 imo

510 2086 575 2147 in
628 2083 945 2157 militiam,
1009 2083 1186 2144 Ordo
1255 2082 1544 2160 disponit
1605 2082 2060 2157 ministerium,
2179 2038 3051 2204 Ξὲἓὲἕῇθὲἒιῗξεῗξξὲωξὲ
3077 2032 3336 2186 Ῑὶῐῗῗέἶιῖἰ
3381 2032 3727 2199 ἶὲζωέἓὸἓὲ

510 2199 764 2277 reliqua
811 2202 1230 2261 sacramenta
1293 2200 1663 2260 communia
1728 2202 1882 2260 sunt
1928 2216 2060 2260 om·
2176 2231 2447 2300 defendi,
2511 2174 2900 2302 probabilius
2975 2235 3181 2286 tamen
3240 2230 3384 2300 poni
3463 2229 3725 2285 [ormam

512 2314 706 2377 nibus
779 2313 861 2376 de
920 2313 1184 2387 familia,
1257 2314 1363 2376 Vel
1417 2331 1565 2377 esse
1622 2319 1915 2393 possunt·
1991 2316 2060 2376 11¹
2176 2330 2545 2396 absolutam,
2580 2330 2666 2386 ita
2696 2330 2833 2399 ejus
2863 2327 3442 2400 discipuli,Bassol.
3494 2325 3612 2382 hic.
3652 2341 3716 2396 q.

512 2432 718 2494 tribus
749 2433 1182 2496 Sacramentis
1220 2432 1468 2512 gradus
1523 2433 1903 2495 initerabilis
1950 2449 2053 2494 re·
2177 2429 2233 2486 3.
2265 2432 2538 2500 Mayl'on·
2575 2429 2634 2483 d.
2665 2431 2719 2483 7.
2749 2444 2803 2498 q.
2852 2428 2907 2485 5·
2949 2443 3005 2485 a·
3063 2428 3148 2483 10·
3183 2428 3444 2485 Rubion.
3474 2441 3532 2498 q.
3565 2429 3618 2483 2.
3665 2441 3719 2481 ³·

508 2548 764 2626 cipitur,
815 2551 928 2627 qui
985 2549 1221 2612 dicitur
1266 2551 1625 2612 character.
1683 2552 1780 2612 De
1825 2551 2056 2627 primo,
2174 2531 2231 2583 2.
2261 2528 2562 2585 Vorillon.
2594 2532 2650 2583 d.
2682 2529 2738 2584 3·
2780 2541 2840 2598 ‘1‘
2870 2527 2926 2582 3·
2953 2527 3149 2583 00001·
3185 2530 3233 2584 1·

503 2665 751 2746 gradus
810 2667 1207 2745 receptionis
1264 2667 1329 2728 in
1387 2665 1696 2729 familiam
1757 2684 1878 2743 per
1932 2669 2050 2729 Ba·

504 2784 812 2860 ptismum
845 2800 927 2845 ex
972 2783 1159 2845 dictis
1204 2785 1359 2847 satis
1388 2786 1617 2863 liquet.
2289 2775 2364 2861 g)
2431 2771 2544 2842 Ad
2606 2770 3129 2862 quaestionem
3189 2773 3461 2862 potest
3526 2769 3706 2849 dici,
3869 2803 3945 2853 13.

582 2901 678 2960 De
726 2898 1022 2962 secundo
1068 2899 1282 2980 gradu
1325 2903 1595 2978 militiae,
1655 2903 1825 2964 hanc
1878 2919 2052 2965 eam·
2171 2888 2376 2977 quod
2412 2888 2621 2960 siout
2672 2908 2831 2959 non
2876 2892 3145 2980 potest
3191 2888 3525 2980 probari
3580 2887 3714 2959 ali-

504 3014 658 3077 dem
701 3017 1157 3093 metaphoram
1186 3023 1451 3079 servant
1495 3019 1741 3091 PatreS,
1791 3020 2050 3081 Euche-
2171 3023 2410 3095 quam
2455 3004 2805 3076 formam
2861 3004 3158 3076 realem
3224 3002 3586 3095 imprimi
3633 3004 3714 3074 in

505 3129 639 3191 rius
701 3127 1163 3209 Lugdunensis
1205 3130 1430 3193 homil.
1506 3137 1574 3195 in
1637 3131 1743 3195 die
1806 3132 2051 3196 Pente·
2167 3123 2682 3217 susceptione
2713 3124 3141 3217 Baptismi‚
3180 3123 3426 3196 aliam
3456 3142 3503 3196 a
3536 3141 3717 3214 gra-

501 3249 767 3306 costes:
817 3246 951 3318 Sic,
982 3247 1217 3325 inquit,
1251 3250 1458 3324 exiqit
1503 3249 1817 3311 militaris
1863 3251 2047 3326 ordo,
2167 3241 2281 3315 tia
2323 3245 2401 3315 et
2431 3241 2900 3321 virtutibus,
2952 3243 3029 3312 et
3074 3241 3223 3313 hoc
3265 3261 3522 3333 neque
3562 3260 3711 3333 per

498 3370 564 3424 ut
604 3380 749 3424 cum
774 3367 1135 3441 Imperator
1179 3369 1733 3442 quemcumquein
1762 3368 2043 3428 militum
2165 3358 2566 3431 rationem
2618 3358 3105 3437 naturalem,
3155 3377 3412 3450 neque
3465 3357 3711 3428 etiam

493 3485 804 3555 receperit
832 3498 1199 3554 numerum,
1245 3499 1370 3543 non
1432 3484 1647 3544 sotum
1691 3486 1893 3560 siynet
1944 3501 2045 3544 re·
2161 3494 2306 3565 per
2367 3474 2771 3547 rationem
2828 3474 3275 3547 evidentem
3327 3495 3425 3546 ex
3458 3473 3708 3545 credi-

493 3600 768 3671 eeptum,
801 3597 1133 3657 sedetiam
1166 3598 1373 3657 armis
1410 3599 1909 3673 competentibus
1956 3600 2045 3659 tn·
2158 3590 2269 3662 tis
2314 3590 2794 3674 manifestiS,
2848 3591 2963 3663 ita
3012 3610 3170 3662 non
3221 3594 3487 3683 potest
3533 3611 3711 3686 pro-

488 3715 698 3772 struat
735 3716 1211 3787 prematur-um,
1246 3715 1339 3772 ita
1369 3715 1435 3773 in
1489 3713 1814 3789 baptizato
1857 3715 2042 3776 bene·
2157 3706 2335 3778 bari
2393 3707 2985 3789 characterem,
3033 3707 3099 3779 si
3145 3713 3503 3800 ponatur
3556 3711 3710 3781 for·

489 3828 683 3890 dictio
715 3828 834 3887 illa
865 3829 1135 3888 munitio
1169 3834 1276 3889 est.
1313 3830 1563 3889 Dedisti
1593 3832 1926 3899 mititiam,
1959 3834 2046 3893 da
2161 3843 2291 3894 ma
2328 3824 2598 3905 realis,
2635 3846 2812 3897 esse
2847 3825 3199 3897 formam
3247 3826 3704 3901 absolutam

489 3946 554 4004 ei
589 3946 967 4021 adjumenta
1015 3946 1304 4020 mitatem
1347 3950 1413 4007 et
1458 3946 1622 4008 infra
1661 3966 1673 4006 :
1712 3952 1780 4009 ln
1824 3951 2039 4025 Bapti-
2160 3939 2462 4010 realem
2524 3940 2648 4011 vel
2715 3941 3279 4032 respectivam,
3346 3943 3534 4035 quia
3626 3965 3708 4014 u-

490 4077 626 4122 smo
681 4075 1150 4138 reyeneramur
1206 4065 1295 4124 ad
1352 4064 1576 4136 vitam,
1630 4070 1775 4140 post
1823 4067 2039 4139 Bapti-
2161 4060 2536 4148 trumque
2596 4057 2898 4127 salvari
2943 4060 3237 4149 potest,
3296 4059 3498 4152 quod
3570 4059 3723 4142 sit,-

485 4192 698 4239 smum
740 4178 1212 4252 confirmamur
1239 4181 1329 4239 ad
1362 4195 1679 4255 puqnam,
1726 4184 1794 4242 in
1822 4183 2040 4255 Bapti-
2157 4172 2467 4244 scilicet
2563 4172 2830 4244 forma·
2921 4174 3400 4266 respectiva,
3496 4177 3704 4250 sicut

484 4308 621 4354 smo
652 4293 922 4365 alimur,
970 4300 1114 4371 post
1165 4296 1562 4370 Baptismum
1617 4297 2038 4369 roboramur,
2148 4289 2319 4379 jam
2359 4292 2773 4361 ostensum
2806 4295 2954 4369 est,
2992 4290 3116 4362 vel
3153 4292 3354 4381 quod
3403 4291 3506 4363 sit
3543 4291 3705 4364 for·-

489 4415 614 4472 etc.
2157 4424 2286 4475 ma
2328 4403 2606 4476 realis
2671 4394 3072 4478 absoluta.
3156 4408 3236 4479 Si
3317 4412 3697 4499 ponatur,

180 4553 421 4616 Prosper.
567 4529 848 4607 Prosper
894 4530 960 4591 in
1019 4528 1132 4591 lib.
1183 4528 1692 4603 Sententiarum,
1748 4534 2033 4591 sentent.
2152 4541 2309 4591 non
2373 4523 2638 4613 potest
2721 4519 3133 4596 evidenter
3201 4522 3696 4617 improbari;

488 4646 628 4708 342.
676 4647 823 4708 Ideo
875 4645 1230 4706 chrismari
1271 4649 1446 4709 docet
1506 4646 1918 4716 Christianos,
1972 4651 2038 4705 ut
2153 4637 2513 4726 quaedam
2582 4637 2794 4708 enim
2839 4642 3026 4711 sunt
3091 4637 3290 4711 satis
3348 4640 3704 4714 rationa-

223 4788 385 4841 Beda.
486 4767 646 4841 stant
672 4764 1017 4825 luctatores
1064 4767 1290 4824 contra
1337 4763 1695 4826 diabolum.
1743 4763 1918 4825 Beda
1967 4767 2036 4825 in
2150 4751 2429 4825 bilitel'
2486 4754 2984 4826 concedenda
3041 4755 3132 4826 de
3183 4754 3692 4839 charactere,

484 4882 817 4943 psalmum
859 4878 959 4941 26.
1007 4880 1323 4947 Dominus
1395 4879 1789 4940 illuminatio
1864 4897 2030 4942 mea.
2152 4870 2221 4942 si
2287 4874 2642 4962 ponatur
2708 4890 2909 4951 esse,
2991 4874 3275 4963 utpote
3360 4874 3563 4963 quod
3604 4888 3699 4942 est

486 5004 610 5058 etc.
663 4995 973 5057 Alcuinus
1016 4996 1094 5055 de
1148 4995 1403 5070 officiis,
1472 5011 1614 5071 cap.
1668 4997 1760 5058 19.
1818 4997 2033 5058 Raba-
2145 4993 2367 5074 forma
2425 4991 2805 5074 spiritualis
2870 4991 3187 5076 impressa
3240 5014 3280 5055 a
3358 4992 3492 5057 Deo
3558 4997 3695 5058 cui·
3891 5069 3902 5080 ⁸
3969 5071 3979 5079 .

484 5127 609 5172 nus
651 5115 729 5173 de
757 5114 949 5173 instit.
989 5111 1217 5172 Cleric.
1251 5110 1363 5171 lib.
1405 5112 1456 5170 l.
1505 5129 1558 5171 c.
1597 5112 1693 5173 30.
1745 5112 1848 5172 lvo
1880 5112 2029 5173 Car·
2146 5125 2417 5191 cumque
2490 5109 2883 5193 suscipienti
2972 5110 3475 5174 Sacramentum
3559 5132 3694 5178 non
3725 5070 4036 5181 Dia-scapum

480 5230 775 5289 notensis
830 5244 1023 5289 serm.
1101 5232 1178 5290 de
1234 5227 1615 5289 excellentia
1689 5245 2025 5291 sacrorum
2141 5222 2465 5288 iter-abile.
2537 5222 2630 5292 Et
2727 5221 2930 5311 quod
2992 5243 3091 5291 ex
3171 5221 3684 5299 institutione
3715 5194 4041 5308 οἶῖοέοἳῖῗζ,

482 5346 817 5417 ordinum,
852 5352 909 5407 et
948 5361 1140 5404 serm.
1187 5347 1264 5405 de
1303 5347 1739 5406 convenientia
1782 5348 1932 5408 novi
1971 5353 2025 5407 et
2138 5334 2402 5406 divina
2463 5336 2909 5411 efficaciter
2969 5338 3370 5428 Significat
3431 5343 3684 5431 grati-

475 5461 706 5523 vetert‘s
737 5465 1138 5535 Testamenti,
1186 5462 1497 5541 Magister
1538 5463 1683 5523 dist.
1716 5464 2021 5539 sequenti,
2138 5470 2271 5522 am
2332 5452 2550 5524 illius
2595 5456 3101 5529 Sacramenti
3140 5462 3262 5537 3et
3323 5458 3528 5549 quod
3578 5460 3684 5531 di-

477 5576 763 5638 Trident.
810 5594 892 5638 ss.
949 5578 1009 5637 7.
1070 5576 1421 5640 Florentin.
1474 5576 1727 5637 Tertius
1776 5573 2041 5654 gradus
2142 5574 2432 5658 Sponat
2492 5570 2584 5642 ad
2649 5590 2853 5651 eam,
2922 5574 3129 5646 Siout
3179 5574 3680 5648 declaratum
